1986 3380
241 342 314 389 372
823 354 1046 386 JOHANle
1067 353 1249 384 wrctff
1269 352 1523 384 semionun
1617 339 1768 396 [SERMO
1792 350 1837 376 Μ.

270 466 480 500 stamnum>
586 461 788 505 Quantum
825 462 872 496 ad
908 469 1143 505 argumenta
1177 459 1343 495 dimissa
1374 459 1412 494 in
1438 472 1622 495 sermone
1657 459 1838 507 proximo

246 501 503 569 &⁴123st¹⁵52¹1¹1i³1³1f1311
527 526 584 553 est
618 519 838 554 notandum
875 519 980 566 quod
1016 530 1104 553 cum
1130 517 1349 565 spiritualis
1373 516 1591 553 elemosina
1625 517 1672 552 sit
1698 517 1839 565 pocior

327 572 422 597 uon„
528 576 727 624 corporali
763 589 807 612 ac
843 577 963 611 homo
998 588 1040 611 ex
1074 574 1332 623 simplicitate
1356 575 1413 611 sui
1448 587 1584 612 sensus
1617 584 1838 623 occupatus

526 633 780 681 singulariter
835 634 940 670 circa
994 633 1197 669 sensibilia
1251 646 1272 669 a
1326 633 1601 681 spiritualibus
1653 646 1699 670 eo
1751 633 1838 681 ipso

527 691 784 729 distrahatur.
819 693 924 739 quod
960 700 1316 739 quantumcunque
1350 691 1486 728 leviter
1509 691 1596 740 quis
1619 693 1872 739 occupatus5

528 749 644 786 fuerit
679 750 784 786 circa
808 749 1046 786 elemosinas
1072 750 1303 798 corporales
1326 762 1348 786 a
1371 749 1570 797 spirituali
1603 751 1708 786 bono
1732 750 1839 798 quod

527 808 702 855 prelatus
737 809 853 844 debet
887 808 1017 844 facere
1040 809 1279 844 retardatur.
1315 807 1392 843 Sed
1415 807 1549 844 ocium
1574 809 1622 844 ab
1647 807 1840 844 exercicio

527 865 723 913 spirituali
758 867 864 914 quod
899 867 1124 902 habuerunt
1157 865 1330 914 apostoli
1365 874 1401 902 et
1435 867 1551 902 debet
1574 865 1702 902 inesse
1726 865 1840 902 nobis

528 923 680 960 clericis
723 923 816 960 facit
855 925 961 972 quod
1007 925 1179 960 errando
1223 933 1411 972 putamus
1457 924 1694 961 exercicium
1734 923 1839 961 circa

526 981 766 1030 temporalia
799 981 913 1018 nobis
946 982 1154 1031 proficere.
1201 982 1241 1018 Si
1276 982 1380 1018 enirn
1415 994 1591 1019 essemus
1629 995 1702 1030 pro
1741 991 1898 1019 tem-10

527 1052 623 1088 pore
673 1039 959 1088 occupacionis
1011 1039 1241 1077 huiusmodi
1286 1041 1504 1077 secundum
1551 1040 1838 1077 sufficienciam

527 1106 706 1134 nostram
753 1097 858 1134 circa
905 1098 1130 1146 spiritualia
1175 1099 1360 1146 occupati
1406 1100 1528 1147 (quod
1574 1099 1675 1135 foret
1723 1098 1839 1135 nobis

527 1155 681 1193 facilius
721 1165 757 1192 et
796 1156 1100 1202 delectabilius),
1141 1157 1229 1204 quis
1269 1156 1426 1193 dubitat
1466 1157 1561 1205 quin
1603 1157 1690 1205 plus
1723 1157 1839 1193 nobis

528 1223 564 1250 et
610 1213 775 1250 ecclesie
820 1215 1091 1251 mereremur?
1136 1216 1184 1250 Et
1224 1223 1333 1263 patet
1379 1214 1544 1263 negacio
1591 1214 1756 1252 minoris
1800 1215 1838 1250 in

527 1281 764 1320 argumento
802 1272 908 1309 facto
947 1272 1149 1321 superius;
1195 1273 1302 1321 quod
1347 1273 1378 1309 si
1416 1273 1590 1310 obicitur
1627 1273 1895 1322 quantum-15

527 1343 684 1379 cunque
722 1339 905 1367 sanctum
947 1343 1090 1367 vacare
1129 1331 1330 1367 interdum
1371 1333 1419 1368 ab
1453 1331 1643 1368 oracione
1676 1340 1712 1368 et
1745 1344 1839 1368 con-

526 1388 797 1437 templacione
841 1397 878 1425 et
924 1401 993 1437 per
1032 1389 1137 1425 idem
1177 1390 1226 1425 ab
1265 1388 1401 1438 aliquo
1446 1389 1581 1427 officio
1626 1389 1837 1438 spirituali,

526 1447 628 1484 sicut
660 1447 733 1483 fuit
766 1448 814 1483 de
836 1447 1090 1495 Evangelista
1123 1451 1179 1493 (ut
1212 1456 1376 1484 notatur
1408 1447 1448 1484 in
1481 1447 1681 1494 cronicis),
1716 1459 1839 1496 quare

527 1518 620 1553 ergo
660 1518 741 1541 non
779 1505 916 1542 liceret
956 1505 1108 1542 homini
1149 1505 1255 1542 circa
1294 1506 1536 1555 temporalia
1568 1519 1608 1543 se
1642 1517 1841 1554 occupare

528 1563 728 1600 interdum
754 1564 803 1600 ad
827 1565 1091 1601 recreandum
1116 1576 1208 1601 suos
1231 1576 1368 1600 sensus
1399 1573 1436 1601 et
1465 1564 1641 1613 spiritus,
1677 1573 1718 1600 ut
1751 1572 1841 1612 post
1858 1574 1898 1597 20

526 1621 759 1669 vigilancius
793 1614 1113 1670 contempletur?

586 1679 660 1716 Hic
693 1679 839 1716 dicitur
871 1682 979 1729 quod
1012 1679 1258 1717 refocillacio
1283 1689 1340 1717 est
1373 1680 1575 1717 interdum
1600 1679 1840 1725 necessaria,

527 1739 595 1774 sed
630 1737 697 1774 illa
731 1751 808 1786 que
840 1739 945 1775 nude
979 1739 1178 1775 confortat
1212 1738 1419 1775 hominem
1463 1748 1499 1775 et
1531 1751 1611 1775 non
1644 1740 1694 1775 ad
1728 1751 1842 1775 mun-

528 1797 673 1833 danam
709 1796 1023 1833 sollicitudinem
1056 1796 1289 1833 introducit.
1326 1799 1414 1845 Ipsa
1448 1797 1552 1833 enirn
1587 1810 1609 1834 a
1641 1796 1841 1845 spirituali

528 1854 831 1891 confortacione
865 1854 1062 1891 abstrahit
1095 1863 1132 1891 et
1164 1856 1213 1891 ad
1249 1855 1385 1891 mundi
1425 1855 1657 1903 voraginem
1690 1854 1843 1891 viscose
1859 1856 1898 1889 25

528 1912 665 1949 allicit.
699 1915 788 1949 Non
821 1925 914 1961 ergo
948 1921 1005 1949 est
1037 1913 1149 1949 color
1181 1912 1212 1949 si
1246 1913 1412 1949 clericus
1446 1912 1688 1961 prudencius
1721 1925 1840 1962 quam

527 1970 599 2007 iste
641 1970 766 2007 laicus
805 1970 924 2007 sciret
963 1984 1064 2019 opus
1102 1971 1180 2008 tale
1219 1973 1467 2008 mundanum
1509 1972 1712 2020 perficere,
1751 1970 1842 2007 ideo

528 2029 644 2065 debet
676 2028 854 2065 officium
889 2029 1071 2066 clericale
1110 2037 1354 2078 postponere
1394 2038 1430 2066 et
1463 2029 1650 2067 alleviare
1682 2030 1841 2077 laycum

528 2088 575 2123 de
597 2086 668 2124 tali
692 2087 898 2123 mundano
922 2087 1057 2124 officio
1081 2087 1120 2124 in
1144 2100 1223 2136 quo
1247 2087 1348 2124 foret
1372 2088 1486 2136 layco
1502 2087 1628 2136 magis
1653 2088 1840 2136 prudens.

528 2144 592 2181 Sic
637 2144 741 2181 enim
788 2146 950 2182 deberet
1000 2145 1040 2182 in
1089 2158 1182 2182 casu
1233 2154 1361 2183 toturn
1413 2159 1528 2183 suum
1576 2145 1840 2182 ministerium
1858 2147 1900 2180 30

527 2202 734 2251 spirituale
787 2204 969 2240 deserere
1021 2212 1058 2240 et
1110 2203 1244 2241 officio
1296 2204 1439 2252 laycali
1492 2204 1710 2240 intendere.
1764 2203 1841 2240 Sed

528 2261 693 2297 ulterius
726 2260 894 2298 concedi
927 2270 1058 2310 potest
1091 2261 1204 2299 istius
1237 2261 1481 2310 possibilitas
1515 2263 1623 2311 quod
1657 2261 1841 2310 recepcio

529 2319 754 2356 dotacionis
787 2319 935 2356 multos
969 2319 1152 2356 habilitat
1185 2321 1234 2357 ad
1263 2321 1351 2368 plus
1383 2319 1646 2369 spiritualiter
1679 2319 1843 2356 ecclesie
1859 2345 1932 2377 Fal·

528 2378 858 2426 prodessendum.
905 2379 982 2414 Sed
1022 2377 1111 2415 talis
1152 2387 1209 2415 est
1242 2377 1429 2415 habilitas
1462 2377 1670 2423 indirecta,
1710 2377 1812 2414 sicut
1837 2373 1939 2430 l225b

529 2444 739 2484 peccatum
773 2436 1016 2484 quandoque
1049 2436 1357 2473 occasionaliter
1389 2437 1553 2485 prodest
1586 2434 1734 2472 multis.
1857 2437 1899 2470 35

265 2499 357 2525 Some
380 2497 490 2532 priests
587 2495 635 2530 Et
666 2493 697 2530 si
731 2493 906 2530 obicitur
938 2495 1047 2542 quod
1084 2494 1115 2531 si
1156 2494 1262 2532 iuxta
1301 2494 1418 2532 istam
1458 2494 1562 2531 viam
1602 2493 1682 2531 vita
1714 2493 1842 2530 activa

241 2533 736 2604 “ffiffifligffnffitfcrnunquam
781 2552 884 2588 foret
929 2551 1136 2589 meritoria
1187 2553 1329 2589 saltem
1383 2552 1550 2598 clericis,
1605 2560 1642 2589 et
1694 2551 1843 2588 directe

529 2618 676 2658 negant
728 2609 892 2659 quidam
947 2610 1294 2659 consequenciam,
1350 2623 1439 2647 curn
1495 2609 1655 2647 dotacio
1708 2621 1845 2658 super-

600 2752 620 2772 ι,
648 2743 717 2772 DE:
748 2743 778 2771 in
809 2743 904 2772 deest.
1037 2752 1063 2773 2.
1085 2744 1109 2772 Ε
1128 2745 1157 2772 in
1180 2753 1293 2780 marg.:
1325 2744 1503 2780 Spiritualis
1532 2744 1708 2780 elemosyna
1737 2743 1844 2779 pocior

529 2787 582 2806 cor
607 2779 700 2813 orali;
730 2779 770 2806 ib.
791 2779 836 2806 A:
859 2779 1028 2814 potencior.
1119 2779 1144 2808 3.
1165 2780 1210 2808 A:
1231 2788 1266 2807 ex
1288 2780 1445 2807 infinitate.
1537 2779 1561 2807 5.
1583 2780 1628 2807 A:
1651 2778 1843 2807 distrahitur.

529 2813 557 2841 8.
577 2787 622 2842 X:
643 2813 785 2849 spcciali;
816 2813 856 2841 ib.
877 2814 921 2841 A:
944 2814 1026 2849 quod
1048 2814 1142 2842 deest.
1234 2821 1262 2848 9.
1283 2815 1327 2842 A:
1349 2823 1384 2841 cx
1405 2814 1547 2842 errando.
1639 2814 1737 2852 ¹1.·A:
1758 2813 1842 2841 modi

530 2848 623 2875 deest.
704 2856 745 2883 ¹4·
767 2849 811 2876 A:
835 2853 1041 2883 mererentur3
1072 2849 1112 2877 ib.
1133 2848 1204 2877 DE:
1226 2849 1352 2888 negucio
1372 2849 1401 2876 in
1424 2849 1500 2876 istis.
1575 2848 1610 2876 15.
1632 2847 1656 2875 E
1675 2855 1705 2875 in
1727 2855 1842 2887 marg.:

530 2882 687 2910 Obieccio.
814 2890 853 2918 17.
874 2883 919 2911 A:
941 2883 1000 2911 alio
1020 2883 1122 2912 officio
1143 2882 1283 2919 spiritali.
1410 2891 1454 2911 22.
1476 2883 1500 2911 E
1519 2883 1549 2911 in
1571 2891 1638 2910 mar
1662 2891 1686 2910 .:
1706 2882 1842 2911 Solucio.

529 2917 572 2956 25:
593 2918 637 2956 A:
661 2917 822 2945 subtrahit.
844 2951 849 2956 ¹
896 2925 940 2953 27.
961 2918 1006 2946 A:
1029 2919 1174 2954 perficere
1193 2918 1294 2952 deest;
1323 2917 1362 2946 ib.
1384 2917 1409 2945 E
1429 2918 1458 2946 in
1480 2926 1594 2953 marg:
1617 2916 1641 2946 C
1655 2916 1755 2956 ericus
1776 2916 1843 2944 laici

529 2952 630 2979 officio
652 2960 712 2980 non
734 2952 822 2980 debet
843 2952 1009 2980 intendere.
1127 2952 1171 2981 32.
1193 2952 1262 2981 DE:
1284 2952 1413 2980 concedi
1434 2952 1540 2986 debet;
1570 2952 1611 2980 ib.
1633 2951 1658 2980 E
1677 2960 1707 2979 m
1728 2959 1841 2987 marg.:

529 2986 620 3014 Nota.
693 2985 736 3015 33.
757 2988 801 3015 A:
823 2987 1005 3015 dotacionis.
1079 2986 1125 3016 30.
1141 2989 1185 3016 A:
1207 2987 1231 3015 si
1253 2987 1337 3015 deest
1347 2990 1358 3022 ;“
1375 2987 1416 3015 ib.
1439 2987 1462 3015 E
1481 2987 1510 3015 in
1532 2995 1646 3022 marg:
1668 2986 1842 3014 Obiectum.
