1986 3380
136 287 206 321 132
702 291 924 323 .1OH.-xNNIS
947 291 1128 321 wvttmis
1150 289 1404 321 SERMONUM
1449 273 1600 330 [SERMO
1617 283 1725 311 XVIII·

416 397 631 434 Humilitas
668 410 842 446 namque
881 395 1027 433 Christi
1072 397 1290 432 secundum
1331 408 1450 443 quam
1490 393 1611 431 servis
1649 394 1728 430 suis

417 456 616 493 ministrat
661 465 717 492 est
756 455 955 491 sufficiens
1000 454 1039 490 in
1078 454 1220 491 merito
1259 455 1307 490 ad
1342 454 1608 501 supplendum
1643 464 1729 500 pre-

418 514 541 551 mium
576 513 834 550 beatitudinis
867 525 939 561 pro
974 512 1125 549 cunctis
1159 512 1279 549 servis
1313 511 1391 547 suis
1425 510 1659 559 capacibus3
1694 520 1729 546 et

417 585 506 609 curn
540 584 700 608 necesse
734 571 782 607 sit
813 571 1044 619 repagulata
1077 570 1138 607 via
1172 584 1241 619 per
1274 578 1484 619 peccatum
1519 568 1558 605 in
1593 567 1731 604 mortis

417 630 586 667 articulo
617 630 830 678 dyabolum
863 629 929 677 qui
966 638 1022 666 est
1052 629 1111 665 fur
1141 627 1502 677 periculosissimus
1531 624 1765 670 advenire-‚5

417 698 525 737 patet
549 689 655 736 quod
686 689 860 724 secunda
889 687 1092 724 evidencia
1123 688 1269 723 docens
1299 687 1504 722 attendere
1535 686 1582 721 ad
1615 684 1730 720 istam

417 746 593 794 vigiliam
628 755 684 782 est
714 755 755 781 ut
780 746 974 793 dyabolus
1008 745 1046 781 in
1082 745 1221 781 mortis
1254 744 1424 781 articulo
1457 742 1506 779 sit
1540 742 1731 787 exclusus,

419 804 647 852 specialiter
681 816 771 840 cum
806 803 1038 852 ignoramus
1071 803 1214 851 singuli
1249 804 1389 839 horam
1426 800 1579 837 mortis.

900 986 1093 1027 SERMO
1125 985 1270 1026 XVIII.

480 1095 660 1147 Rogabat
690 1094 819 1130 Jesum
853 1093 1006 1141 quidam
1036 1092 1244 1141 phariseus
1281 1098 1320 1126 ut
1359 1090 1611 1126 manducaret
1649 1102 1733 1125 cum
1755 1100 1792 1121 10

422 1168 475 1192 eo.
512 1157 616 1190 Luce
648 1155 751 1198 Vllf',
791 1152 854 1187 36.

167 1221 245 1260 How
267 1220 372 1259 Christ
481 1214 580 1249 Cum
617 1212 800 1248 Salvator
844 1208 1053 1245 ordinatus
1087 1216 1143 1243 est
1189 1219 1231 1242 ex
1280 1215 1417 1242 eterno
1452 1205 1522 1242 Dei
1568 1205 1734 1241 consilio

134 1255 399 1317 agsgfiffiegkjgligli
423 1284 505 1307 esse
551 1278 682 1317 caput,
729 1269 805 1303 dux
851 1276 886 1303 et
932 1266 1133 1314 exemplar
1178 1264 1355 1310 ecclesie,
1409 1272 1519 1312 patet
1569 1276 1612 1299 ex
1660 1264 1735 1299 hoc

423 1327 628 1375 evangelio
661 1327 867 1375 quomodo
908 1324 947 1360 in
981 1323 1211 1360 racionibus
1258 1322 1341 1358 istis
1386 1331 1442 1358 est
1487 1323 1535 1358 ab
1569 1321 1735 1357 ecclesia

424 1387 654 1422 imitandus.
689 1382 945 1420 Manducavit
979 1390 1114 1418 autem
1148 1393 1237 1417 curn
1262 1379 1492 1417 hominibus
1516 1381 1734 1416 secundum
1757 1379 1793 1411 15

424 1443 688 1492 multiplicem
722 1441 941 1487 racionem,
987 1449 1029 1476 ut
1071 1452 1177 1476 nunc
1229 1452 1319 1475 cum
1364 1437 1643 1487 peccatoribus
1688 1438 1738 1474 ad

424 1515 564 1539 eorum
598 1499 867 1550 penitenciam
901 1497 1151 1535 excitandam
1192 1501 1248 1543 (ut
1287 1505 1396 1545 patet
1433 1496 1599 1533 Matthei
1634 1496 1736 1543 IXO),

424 1572 528 1597 nunc
551 1573 641 1596 cum
667 1558 931 1595 familiaribus
953 1557 1004 1593 ad
1028 1569 1166 1593 eorum
1193 1555 1452 1592 devocionem
1482 1554 1737 1590 nutriendam

427 1620 486 1667 (ut
517 1626 628 1667 patet
659 1617 747 1654 Joh.
780 1618 900 1662 X110),
933 1627 1039 1651 nunc
1073 1627 1162 1651 cum
1197 1613 1377 1661 cognatis
1411 1611 1654 1661 pauperibus
1689 1612 1738 1648 ad

425 1690 563 1713 eorum
598 1674 777 1724 inopiam
822 1674 1076 1710 relevandam
1125 1674 1182 1719 (ut
1225 1680 1335 1721 patet
1367 1672 1454 1707 Joh.
1500 1672 1585 1718 110),
1634 1682 1739 1706 nunc
1757 1679 1799 1701 20

425 1747 516 1772 curn
549 1732 744 1783 phariseis
777 1733 827 1769 ad
860 1744 999 1768 eorum
1033 1729 1261 1779 superbiam
1286 1729 1572 1766 confutandam
1597 1736 1639 1764 ut
1663 1727 1738 1764 hic.

426 1795 475 1829 Et
507 1791 722 1840 utrobique
753 1791 929 1839 prudens
963 1789 1071 1825 dedit
1095 1788 1320 1836 exemplum
1346 1786 1510 1824 ecclesie
1533 1787 1740 1835 quomodo

427 1852 544 1888 debet
591 1848 892 1886 communicare
937 1860 1026 1884 cum
1073 1845 1265 1895 proximis
1317 1846 1614 1882 manducando.
1668 1846 1740 1880 Per

426 1910 503 1946 hoc
536 1908 642 1945 enim
676 1908 843 1943 docetur
875 1906 984 1955 quod
1016 1917 1096 1941 non
1135 1905 1252 1941 debet
1296 1902 1430 1952 sperni
1475 1901 1740 1939 manducacio

427 1980 517 2003 cum
560 1965 742 2014 proximo
787 1964 912 2001 eciam
962 1962 1140 2009 inimico,
1185 1961 1261 1998 nisi
1305 1960 1400 1998 assit
1432 1969 1572 2009 patens
1617 1959 1797 2006 racio,25

428 2037 497 2062 cur
548 2037 630 2061 non
681 2024 798 2060 debet
850 2034 934 2059 esse
984 2021 1075 2058 talis
1128 2019 1407 2065 manducacio,
1460 2019 1528 2055 sed
1574 2017 1613 2054 in
1659 2017 1741 2054 eius

428 2081 675 2119 abstinencia
707 2080 845 2117 utilior
877 2079 1042 2116 ecclesie
1075 2077 1295 2115 edificacio.
1329 2077 1394 2114 Sic
1417 2085 1551 2113 autem
1575 2077 1742 2113 mandu-

428 2140 531 2178 cavit
583 2139 764 2177 Christus
816 2151 907 2174 cum
961 2139 1037 2174 hoc
1089 2136 1275 2185 phariseo
1327 2136 1378 2172 ad
1430 2133 1742 2171 instruccionem

429 2197 607 2244 ecclesie,
653 2198 702 2234 ad
748 2195 1075 2233 melioracionem
1109 2195 1344 2243 Magdalene
1388 2202 1425 2230 et
1469 2194 1519 2229 ad
1564 2192 1743 2229 confuta-

430 2256 586 2294 cionem
627 2254 813 2304 superbie
850 2253 1087 2303 pharisaice.
1137 2251 1344 2289 Discubuit
1388 2259 1522 2288 autem
1562 2249 1742 2287 Christus
1759 2249 1802 2283 30

429 2315 469 2351 in
514 2315 636 2351 domo
682 2312 867 2361 Symonis
912 2311 1077 2348 indubie
1120 2309 1422 2347 racionabiliter
1467 2318 1504 2345 et
1549 2309 1741 2353 modeste,

430 2372 666 2421 Magdalene
698 2380 832 2408 autem
866 2369 968 2407 sicut
1001 2369 1110 2418 prius
1148 2368 1221 2406 fuit
1254 2369 1304 2405 ad
1348 2366 1639 2405 contricionem
1684 2365 1743 2402 sui

431 2429 609 2467 criminis
654 2430 754 2466 adeo
800 2428 968 2475 mollita,
1020 2427 1076 2465 sic
1129 2428 1178 2464 ad
1231 2425 1513 2463 induccionem
1566 2423 1742 2461 eiusdem

431 2487 594 2536 spiritus
625 2499 744 2536 super
777 2485 1198 2523 misericordissimum
1233 2483 1437 2521 hominem
1477 2490 1535 2519 est
1566 2481 1743 2527 inducta,

504 2652 524 2679 i,
545 2651 569 2671 2.
591 2643 757 2672 Humilitas
776 2658 810 2663 —
830 2642 985 2670 ministrat
1004 2642 1098 2670 deest.
1191 2649 1210 2669 1.
1232 2640 1256 2668 E
1275 2641 1307 2669 in
1328 2648 1441 2676 marg.:
1462 2639 1553 2668 Nota.
1649 2648 1679 2674 4.
1699 2640 1744 2666 A:

434 2679 588 2715 repagula.
697 2679 725 2706 6.
746 2677 815 2706 DE:
837 2677 908 2712 quia
929 2677 1073 2705 secunda.
1181 2684 1207 2711 7.
1228 2675 1297 2703 DE:
1319 2675 1467 2702 seclusus.
1577 2682 1616 2702 ιο.
1638 2674 1694 2702 AD
1716 2673 1745 2700 in

435 2721 547 2749 marg:
579 2712 696 2746 XVIII;
727 2712 750 2740 E
770 2713 799 2739 in
822 2720 936 2747 marg.:
967 2712 1000 2739 In
1022 2711 1070 2739 die
1091 2712 1121 2740 S.
1144 2710 1332 2746 Magdaiene.
1476 2709 1512 2738 15.
1534 2709 1558 2736 D
1580 2709 1610 2736 in
1632 2716 1745 2743 marg:

435 2747 631 2775 Manducavit
652 2747 795 2775 Christus
815 2754 885 2773 cum
906 2746 1120 2781 peccatoribus
1141 2754 1176 2773 ex
1196 2753 1287 2773 causa
1308 2743 1488 2779 multiplici:
1520 2743 1544 2771 E
1573 2743 1602 2771 in
1633 2751 1746 2778 marg:

435 2782 579 2811 Christus
600 2781 764 2809 manducat
784 2789 853 2808 cum
875 2781 1054 2808 hominibus
1075 2785 1201 2816 propter
1222 2780 1327 2807 multa.
1471 2779 1511 2807 16.
1533 2779 1577 2806 A:
1607 2782 1634 2805 ct
1655 2785 1745 2805 nunc,

435 2824 477 2844 22.
500 2818 539 2845 h':
561 2817 697 2855 prudens
717 2816 811 2843 deest.
902 2814 945 2843 23.
967 2815 1009 2843 D:
1032 2815 1184 2850 proximo.
1275 2821 1322 2848 24.
1343 2814 1387 2841 A:
1410 2813 1512 2849 negari
1535 2811 1746 2840 manducacio.

435 2851 477 2880 25.
499 2852 538 2879 E:
560 2855 588 2879 et
607 2851 744 2879 inimico.
841 2849 889 2884 26,
911 2857 954 2884 27.
977 2849 1045 2877 DE:
1066 2849 1131 2877 eius
1151 2849 1305 2876 absencia.
1402 2849 1448 2876 28.
1468 2850 1513 2877 A:
1534 2848 1570 2875 ad
1594 2847 1748 2875 ministra-

435 2887 567 2914 cionem.
650 2892 698 2922 29,
719 2884 764 2912 30.
786 2884 855 2912 DE:
878 2889 906 2912 et
927 2884 1184 2912 confutacioncm.
1265 2882 1309 2912 32.
1330 2884 1374 2912 A:
1396 2883 1452 2911 fuit
1473 2883 1566 2910 deest.
1645 2880 1687 2910 33.
1708 2882 1747 2910 E:

436 2920 665 2948 institucionem
687 2919 876 2954 eiusliceta).
