1986 3380
169 675 266 702 Lon-ds
288 675 398 702 should

181 710 306 736 nom-ish
329 711 387 736 and

169 750 284 780 protect
307 745 394 771 those

163 780 290 807 beneatli
313 780 404 806 them.

724 274 946 307 JOHANNIS
965 273 1148 306 wchr
1168 273 1423 306 sannionum
1457 260 1610 317 [smnio
1632 271 1752 299 xxxu.

440 390 494 417 est
539 384 643 431 apud
686 384 823 419 Deum.
876 384 975 418 Cum
1023 381 1125 418 enim
1177 384 1281 418 Deus
1327 381 1443 418 librat
1489 391 1525 418 et
1570 390 1752 429 acceptat

440 453 719 489 quemcunque
762 442 979 476 secundum
1028 440 1110 475 eius
1147 439 1333 476 virtutem
1379 449 1445 476 aut
1485 439 1751 475 humilitatem

441 507 476 534 et
509 511 588 534 non
622 500 840 536 secundum
876 507 1021 534 statum
1048 511 1165 546 quem
1200 507 1370 545 occupat
1404 499 1509 545 apud
1545 499 1752 541 mundum,

441 557 693 593 manifestum
729 566 784 592 est
818 558 925 604 quod
959 568 1093 592 servus
1127 555 1317 592 humilior
1349 564 1416 591 aut
1449 555 1663 591 virtuosior
1697 564 1753 590 est

440 615 487 650 dc
520 624 631 651 tanto
665 614 875 661 accepcior
908 615 1014 661 apud
1049 616 1190 650 Deum.

499 674 611 709 Unde
663 672 816 709 videtur
868 672 1002 708 multis
1057 673 1163 720 quod
1210 683 1414 707 servorum
1461 669 1662 706 subieccio
1706 669 1754 705 sit

439 731 605 766 cathena
641 730 826 778 superbie
858 743 879 766 a
912 730 1057 766 virtute
1090 731 1298 766 retardans
1340 738 1376 764 et
1408 741 1500 776 sepe
1533 727 1754 776 impediens

439 788 624 824 dominos
669 789 880 825 seculares,
922 789 1076 824 Debent
1116 788 1218 824 enim
1261 786 1471 835 providere
1514 785 1594 821 suis
1633 785 1754 821 servis

439 848 486 882 de
525 847 602 883 x'ite
641 846 875 883 necessariis
915 847 1134 883 secundum
1170 844 1479 893 congruenciam
1515 844 1572 880 sui
1607 852 1752 883 status:

438 906 612 941 secundo
646 906 791 941 debent
824 905 931 953 ipsos
966 904 1177 941 defendere
1210 905 1257 940 de
1296 903 1377 939 suis
1410 902 1638 950 raptoribus
1670 910 1751 938 tam

437 962 715 999 ecclesiasticis
769 976 888 1011 quam
947 962 1192 999 secularibus
1242 960 1575 997 irracionabiliter
1632 959 1754 996 insul-

437 1021 626 1066 tantibus,
673 1030 710 1057 et
766 1021 891 1058 tercio
937 1022 1081 1057 debent
1127 1020 1234 1068 ipsos
1286 1019 1323 1055 in
1370 1018 1536 1055 caritate
1580 1027 1754 1054 tractare

437 1088 517 1115 tam
561 1079 690 1116 verbis
730 1092 849 1128 quarn
891 1091 1025 1127 opere,
1064 1087 1106 1114 ut
1145 1086 1253 1126 patet
1300 1089 1342 1114 cx
1388 1076 1570 1125 predicto
1611 1074 1753 1112 morali

439 1137 651 1186 principio.
686 1137 795 1174 Servi
829 1147 961 1174 autem
996 1150 1076 1173 non
1109 1137 1254 1172 debent
1284 1146 1582 1171 remurmurare
1614 1142 1753 1170 contra

438 1208 575 1232 eorum
610 1195 921 1241 subieccionem,
955 1204 997 1232 ut
1032 1194 1126 1231 dicit
1149 1195 1366 1242 Apostolus
1400 1196 1425 1229 1.
1450 1194 1542 1230 Cor.
1558 1194 1661 1238 V110⁷
1687 1202 1752 1228 21:

438 1254 583 1291 Servus
616 1262 772 1291 vocatus
803 1255 872 1290 es?
904 1267 976 1290 non
1008 1253 1056 1289 sit
1088 1253 1155 1289 tibi
1185 1265 1296 1293 cure,-
1336 1261 1372 1288 et
1406 1251 1514 1288 racio
1556 1260 1627 1295 est,
1660 1250 1753 1299 quia

437 1316 494 1357 (ut
518 1322 627 1362 patet
652 1326 695 1350 ex
717 1321 891 1361 utroque
923 1314 1181 1355 testamento)
1215 1309 1425 1347 ordinacio
1451 1309 1522 1345 Dei
1555 1318 1613 1345 est
1646 1310 1752 1357 quod

438 1384 459 1407 a
497 1371 686 1408 subiectis
725 1370 765 1407 in
805 1383 949 1420 penam
985 1369 1138 1418 peccati
1179 1368 1237 1405 sui
1271 1367 1545 1417 superioribus
1579 1366 1752 1403 dominis

438 1429 645 1466 serviatur.
679 1431 728 1465 Et
760 1441 852 1478 sepe
887 1437 944 1465 est
976 1428 1049 1464 iste
1083 1436 1209 1464 status
1249 1426 1388 1475 apcior
1420 1438 1541 1474 quam
1574 1425 1753 1461 seculare

439 1488 677 1534 dominium,
711 1496 754 1523 ut
792 1500 926 1524 servus
960 1486 1031 1523 Dei
1066 1485 1238 1534 amplius
1273 1493 1486 1530 mereatur,
1520 1484 1625 1520 unde
1658 1482 1751 1532 quia

438 1555 565 1583 status
605 1545 805 1583 servitutis
844 1544 1075 1582 huiusmodi
1110 1553 1167 1581 est
1200 1555 1400 1580 consonus
1433 1541 1509 1590 legi
1541 1541 1627 1587 Dei,
1662 1540 1752 1577 ideo

438 1604 575 1641 scribit
608 1605 825 1652 Apostolus
859 1606 870 1640 Ι
903 1603 1082 1640 Timoth.
1113 1603 1197 1648 V10‚
1231 1615 1266 1638 1:
1307 1601 1529 1649 Quicunque
1566 1607 1653 1635 sunt
1684 1599 1752 1635 sub

438 1664 530 1713 iugo
561 1663 668 1699 servi
699 1662 872 1699 dominos
903 1674 993 1697 suos
1025 1661 1129 1697 omni
1159 1661 1304 1696 honore
1337 1659 1476 1709 dignos
1498 1658 1752 1700 arbitrentur,

438 1734 482 1758 ue
536 1734 669 1757 nomen
709 1721 868 1757 Domini
910 1727 944 1755 et
991 1720 1167 1756 doctrina
1213 1718 1510 1767 blasphemetur.
1571 1714 1752 1752 Christus

439 1780 543 1816 enim
585 1778 785 1816 ordinavit
817 1790 940 1826 genus
983 1791 1096 1814 suurn
1132 1776 1277 1812 adduci
1310 1774 1490 1811 servituti
1524 1786 1594 1822 per
1626 1785 1752 1809 annos

440 1837 636 1885 plurimos
681 1838 740 1884 <ut
780 1845 888 1885 patet
931 1835 1073 1872 Genesi
1115 1844 1152 1871 et
1191 1835 1329 1870 Exodo
1374 1845 1445 1881 per
1483 1833 1752 1880 processum);

438 1897 505 1932 sed
539 1895 632 1944 quia
666 1896 742 1931 due
774 1903 864 1931 sunt
898 1893 1095 1930 maneries
1137 1891 1423 1937 dominiorum,
1462 1889 1613 1927 scilicet
1652 1889 1753 1926 iuste

440 1963 475 1989 et
516 1953 672 1999 iniuste,
713 1953 890 1989 declarat
922 1952 1141 2001 Apostolus
1188 1951 1295 1999 quod
1336 1949 1437 1986 sicut
1475 1961 1546 1985 nec
1586 1947 1752 1984 servitus

439 2012 494 2048 sic
527 2024 599 2048 nec
633 2011 857 2048 dominium
898 2019 1094 2059 repugnat
1135 2008 1255 2045 statui
1294 2006 1566 2056 promerendi,
1607 2014 1643 2042 et
1682 2017 1752 2054 per

440 2082 686 2118 consequens
743 2070 1042 2118 qualescunque
1099 2067 1176 2104 sint
1234 2066 1385 2102 domini
1450 2064 1549 2101 servi
1608 2065 1752 2100 debent

438 2127 662 2164 voluntarie
686 2127 740 2164 eis
764 2127 899 2164 subdi:
925 2127 1013 2174 Qui,
1036 2126 1165 2174 inquit
1180 2123 1566 2172 Apostolus‚fideles
1581 2122 1753 2158 dominos

441 2186 577 2222 habent
600 2198 672 2222 non
696 2192 978 2235 contempnunt,
1011 2185 1095 2233 quia
1118 2185 1278 2233 fratres
1299 2189 1399 2225 sunt,
1431 2182 1500 2217 sed
1522 2180 1649 2231 magis
1670 2192 1751 2215 ser-

441 2244 557 2289 viant,
589 2244 674 2293 quia
696 2244 840 2294 fideles
871 2250 957 2279 sunt
990 2241 1120 2278 dilecti
1149 2241 1213 2291 qui
1233 2240 1403 2290 beneficii
1418 2239 1631 2289 participes
1652 2245 1750 2274 sunt.

151 2311 297 2339 Serv-ants
314 2311 423 2338 should
441 2301 653 2338 Sentencia
688 2314 781 2349 ergo
805 2300 987 2349 Apostoli
1023 2309 1079 2336 est
1112 2300 1219 2348 quod
1254 2297 1353 2335 servi
1388 2296 1558 2333 fideliter
1581 2295 1753 2332 serviant

171 2346 205 2372 bc
225 2346 345 2373 faithful
368 2351 398 2373 10

186 2381 264 2408 their
285 2380 379 2415 iord-z

175 2415 254 2450 good
276 2424 311 2442 or
332 2416 400 2449 bad,

440 2359 627 2406 dominis,
651 2359 732 2396 sive
755 2359 952 2405 fidelibus,
986 2358 1066 2395 sive
1088 2356 1327 2401 infidelibus,
1362 2355 1454 2404 quia
1478 2353 1754 2403 principaliter

440 2417 616 2455 serviunt
637 2417 802 2454 domino
819 2419 910 2454 Jesu
926 2415 1105 2462 Christ03
1131 2424 1167 2452 et
1191 2414 1362 2451 breviter
1384 2426 1474 2450 cum
1499 2411 1636 2449 omnia
1658 2410 1754 2449 talia

440 2484 607 2524 possunt
631 2475 715 2512 fieri
748 2475 832 2512 sine
865 2487 1062 2512 consensu
1095 2474 1145 2510 ad
1169 2472 1321 2510 facinus
1354 2472 1499 2508 debent
1532 2469 1754 2518 mitigando

511 2622 530 2641 ι.
552 2614 595 2641 A:
618 2612 700 2640 neus
720 2612 820 2645 deest;
842 2611 883 2639 ib.
899 2612 943 2639 A:
965 2611 1054 2645 liban
1075 2610 1115 2638 E:
1138 2610 1260 2637 liberat:
1283 2609 1307 2636 l)
1326 2608 1354 2636 in
1371 2615 1483 2642 marg:
1506 2607 1612 2634 liberat
1632 2605 1661 2633 in
1683 2609 1753 2632 text.

441 2648 528 2676 Corr.
550 2648 578 2675 in
602 2655 668 2674 mar
693 2669 698 2674 .
720 2646 798 2674 Cod.
819 2654 1009 2682 quecunque.
1083 2644 1107 2673 3.
1130 2645 1198 2672 DE:
1242 2651 1310 2671 nem
1331 2646 1478 2678 acceptat.
1552 2641 1580 2668 6.
1601 2642 1646 2668 A:
1667 2639 1755 2667 Unde

440 2684 534 2711 deest.
614 2691 640 2717 7.
711 2681 740 2709 in
762 2689 827 2708 mai·
851 2691 875 2708 .:
898 2689 917 2708 ι.
999 2688 1039 2708 ιο.
1062 2679 1129 2707 DE:
1152 2687 1204 2706 eos
1219 2652 1404 2716 (defenderffi
1431 2677 1471 2704 ib.
1492 2676 1520 2703 A
1541 2676 1569 2703 in
1593 2682 1706 2714 marga
1728 2681 1754 2713 ιζ.

442 2726 480 2746 12.
496 2719 522 2746 A
541 2718 569 2745 in
586 2725 699 2751 marg:
721 2715 746 2743 3.
822 2724 828 2743 ι
853 2737 858 2743 .
874 2716 919 2743 A:
940 2715 1013 2743 vilo
1028 2715 1122 2742 deest.
1197 2721 1235 2749 ¹7·
1253 2712 1291 2740 E:
1314 2711 1501 2739 testimonio.
1577 2710 1616 2737 18.
1632 2709 1672 2737 12:
1694 2717 1752 2747 sni:

442 2762 482 2785 ιο.
506 2753 543 2780 E:
566 2753 600 2779 Et
622 2752 675 2779 sic.
767 2749 809 2778 23.
834 2751 873 2778 E:
895 2750 1052 2777 arbitrem.
1145 2749 1186 2776 25.
1209 2749 1250 2775 A:
1273 2746 1384 2774 addici.
1475 2744 1520 2779 34.
1542 2745 1586 2772 A:
1608 2743 1752 2782 Apostoli

440 2786 540 2818 deest:
571 2787 610 2815 ib.
633 2786 657 2813 l)
678 2785 707 2813 in
730 2793 842 2821 marg:
875 2785 1112 2821 Qualescunquc
1134 2783 1193 2810 sint
1214 2781 1330 2809 domini
1354 2781 1431 2808 servi
1454 2780 1564 2808 debent
1583 2779 1754 2806 voluntarie

440 2823 484 2849 eis
504 2822 612 2854 subdi:
633 2822 661 2849 A
680 2821 711 2848 in
733 2828 845 2855 marg:
869 2820 1021 2847 Dominus
1042 2818 1215 2854 dupliciter.

516 2906 563 2940 15.
591 2906 603 2938 Ι
629 2905 710 2939 Cor.
728 2905 802 2944 Vll,
829 2914 882 2936 21.

1771 616 1787 648 5

1773 916 1812 937 10

1775 1197 1810 1228 15

1769 1497 1811 1519 20

1769 1777 1808 1810 25

1768 2067 1810 2100 30

1770 2357 1809 2391 35
