1986 3380
147 284 223 317 ’262
711 293 933 323 iottANle
953 293 1134 323 Wi'fflst‘
1154 292 1409 325 SERMONUM
1441 280 1592 336 [Sfflx'Ms‘
1610 291 1746 319 XXXV!-

435 400 481 433 ad
518 398 672 434 literani
711 398 911 445 proximos
946 399 1002 432 vel
1039 407 1214 433 remotos
1250 398 1286 434 in
1318 412 1396 446 quo
1423 399 1639 436 includitur
1663 401 1746 449 qui-

434 455 527 492 libet
551 455 790 492 christianus
815 456 946 491 vivens
971 467 1060 491 cum
1086 456 1240 504 reliquo
1265 458 1312 492 de
1335 457 1475 494 ordine
1509 458 1747 500 christiano;

433 522 469 549 et
510 513 612 549 idem
655 523 711 549 est
751 513 942 554 iudicium
984 515 1030 549 de
1070 513 1205 550 anima
1244 527 1319 562 que
1353 527 1432 551 non
1465 525 1595 563 potest
1629 516 1746 553 alicui

433 571 553 607 vianti
600 572 782 607 delicere.
838 571 1075 619 Quicunque
1122 572 1226 607 enim
1274 573 1321 608 de
1370 573 1561 620 religione
1600 574 1746 611 Christi

432 629 569 665 omnia
603 639 638 664 et
672 629 827 675 singula
860 629 1028 665 istorum
1065 629 1183 665 trium
1220 642 1292 678 pro
1326 643 1464 667 amore
1489 631 1636 667 Christi
1668 634 1781 669 non5

433 687 720 734 contempserit
766 687 824 722 rel
869 699 947 722 non
993 688 1265 735 postposuerit
1317 688 1354 724 in
1407 688 1623 726 affeccione
1676 703 1748 738 pro

433 744 691 780 observancia
717 745 812 791 legis
840 757 921 789 sue,
947 754 1003 781 est
1027 745 1286 793 indispositus
1317 755 1356 782 ut
1388 746 1435 782 sit
1461 747 1607 783 Christi
1633 748 1748 784 disci-

434 803 549 850 pulus
583 802 619 837 in
656 802 833 838 moribus
867 815 1036 851 sequens
1070 803 1214 851 ipsum.

145 863 418 891 cin-isisctasidc
491 860 637 896 Omnia
681 857 885 912 (inquam)
932 860 1006 897 ista
1052 861 1233 898 Christus
1287 863 1513 910 postposuit
1559 877 1630 911 pro
1677 877 1748 900 suo

179 899 379 960 ²¹¹4211¹2{¹{j⁸(s,'1¹,¹f¹¹
433 918 572 954 ordine
606 919 876 957 observando:
916 932 1039 966 quare
1073 933 1166 966 ergo
1201 933 1279 955 non
1315 921 1431 956 debet
1465 921 1631 969 quilibet
1665 921 1747 958 eius
1769 933 1806 954 ¹0

433 975 651 1023 discipulus
682 977 819 1012 eadem
851 985 1093 1024 postponere
1124 987 1288 1026 propter
1313 978 1542 1015 Christum?
1567 980 1747 1016 Christus

433 1033 536 1069 enim
571 1033 707 1070 fuisset
740 1035 994 1082 dampnatus,
1031 1036 1058 1071 si
1096 1036 1131 1071 in
1167 1049 1306 1072 eorum
1337 1036 1499 1084 aliquod
1525 1037 1747 1085 eliquisset:

432 1104 555 1139 quare
603 1104 696 1139 ergo
741 1105 821 1128 non
861 1094 977 1128 debet
1017 1093 1257 1130 christianus
1303 1094 1341 1130 in
1381 1096 1518 1131 eaden]
1563 1108 1748 1132 mensura

432 1149 577 1197 puniri.
617 1149 647 1185 si
682 1150 719 1185 in
756 1150 829 1186 ista
864 1151 1189 1198 prevaricacione
1223 1153 1358 1199 regule
1395 1153 1542 1189 Christi
1577 1153 1749 1190 finaliter
1781 1191 1788 1195 ἢ

432 1208 679 1255 perseveret?
722 1208 819 1252 Quis
859 1208 963 1244 enim
1003 1222 1082 1246 non
1113 1207 1116 1262 l
1147 1219 1311 1257 propter
1350 1221 1583 1259 preceptum
1625 1191 1845 1269 patl'isgffli

431 1274 498 1301 aut
532 1266 670 1301 matris
704 1266 874 1302 carnalis
907 1267 967 1302 vel
1000 1276 1165 1315 propter
1190 1268 1458 1306 monicionem
1485 1269 1609 1317 patris
1632 1270 1748 1317 spiri—

430 1323 549 1359 tualis
577 1323 781 1360 constituti
807 1326 1025 1360 secundum
1055 1326 1158 1373 leges
1189 1338 1369 1364 cesareas
1399 1328 1458 1363 vel
1486 1329 1747 1364 commodum

431 1390 659 1429 reputatum
695 1394 763 1418 sue
795 1382 949 1430 private
982 1383 1146 1419 ecclesie
1179 1397 1259 1420 non
1294 1385 1512 1422 declinaret
1546 1397 1567 1421 a
1601 1386 1748 1422 Christi

432 1438 607 1475 consiliis
639 1441 697 1475 vel
734 1440 957 1488 preceptis?
991 1441 1172 1477 Forsitan
1206 1443 1254 1478 de
1294 1443 1407 1479 nobis
1450 1443 1636 1480 omnibus
1675 1457 1747 1480 non

431 1505 486 1533 est
519 1510 634 1545 usque
666 1498 717 1532 ad
749 1511 878 1542 unum,
909 1499 1002 1547 quia
1035 1508 1129 1535 tunc
1162 1499 1201 1535 in
1236 1501 1371 1537 multis
1404 1510 1484 1537 tam
1521 1501 1748 1538 carnalibus
1765 1516 1806 1536 20

185 1558 245 1597 We
268 1559 316 1585 iai!
339 1564 368 1585 κ)
432 1555 664 1603 parentibus
689 1569 810 1604 quain
845 1556 1009 1604 prelatis
1041 1557 1188 1593 nostris
1213 1571 1312 1606 quos
1335 1559 1515 1595 videmus
1549 1559 1588 1596 in
1620 1561 1745 1607 legem

153 1593 402 1663 uniissssissiffsimd
431 1612 578 1650 Christi
602 1613 804 1650 offendere
832 1614 1107 1651 resisteremus
1123 1615 1161 1651 in
1178 1615 1278 1651 facie
1301 1629 1390 1652 cuin
1410 1617 1533 1653 Paulo
1548 1619 1746 1665 apostolo.

430 1672 508 1707 Aut
549 1671 636 1719 quis
680 1684 762 1708 non
807 1672 946 1720 pocius
991 1673 1127 1709 obedit
1172 1673 1284 1710 uxori
1322 1676 1383 1711 vel
1427 1674 1636 1711 affeccioni
1681 1689 1749 1712 sue

431 1728 582 1765 carnali
622 1742 741 1778 quarn
777 1730 923 1766 Christi
964 1731 1140 1767 consiliis
1172 1732 1233 1767 vel
1265 1733 1488 1780 preceptis?
1533 1735 1580 1769 Et
1613 1733 1668 1770 sic
1701 1735 1748 1770 de

431 1786 551 1823 fratre
597 1796 633 1822 et
679 1800 816 1824 sorore
862 1800 904 1824 ex
944 1801 1115 1837 quorum
1162 1789 1330 1826 consilio
1372 1790 1576 1827 christiani
1617 1791 1748 1840 sepius
1766 1795 1804 1828 25

431 1845 702 1880 seducuntur?
725 1847 871 1881 Ymmo
902 1847 1171 1883 communiter
1194 1847 1335 1884 fratres
1359 1857 1396 1884 et
1420 1848 1594 1897 religiosi
1618 1849 1748 1897 priva-

434 1911 566 1938 torum
601 1902 787 1939 ordinum
823 1913 913 1940 sunt
946 1903 985 1940 in
1019 1906 1157 1941 eadem
1193 1906 1501 1953 dampnacione,
1526 1915 1568 1943 ut
1601 1907 1747 1944 dicitur

433 1961 574 1996 Matth.
609 1961 712 2005 XV0,
751 1961 790 1997 3:
830 1961 977 2011 Quare,
1011 1962 1139 2010 inquit
1180 1975 1246 1999 vos
1284 1965 1609 2014 transgredimini
1639 1978 1745 2001 man-

432 2018 562 2053 datum
587 2018 663 2054 Dei
688 2027 854 2068 propter
876 2020 1108 2057 tradiciones
1142 2028 1300 2057 vestras.
1343 2023 1433 2058 Plus
1467 2023 1570 2058 enim
1605 2035 1746 2071 appre-

431 2076 588 2112 ciantur
611 2089 702 2112 suos
726 2078 957 2126 corporales
982 2078 1140 2114 habitus
1164 2092 1283 2127 quam
1309 2089 1495 2128 parentes
1518 2080 1746 2129 spirituales
1763 2086 1804 2118 30

432 2143 467 2170 et
491 2146 562 2181 per
585 2146 832 2182 consequens
856 2136 944 2183 plus
961 2149 1080 2184 quam
1099 2136 1245 2173 Christi
1270 2137 1436 2174 consilia
1458 2139 1518 2175 vel
1541 2148 1743 2187 precepta.

432 2191 529 2237 Quis
574 2192 678 2228 enim
720 2193 923 2241 religionis
963 2193 1116 2242 private
1163 2194 1201 2230 in
1243 2208 1336 2232 casu
1376 2196 1529 2244 positus
1568 2209 1647 2245 quo
1685 2198 1746 2234 vel

431 2249 657 2286 subveniret
689 2250 769 2286 suis
809 2251 1041 2299 parentibus
1082 2253 1208 2288 altero
1251 2253 1441 2302 suffragio
1474 2255 1534 2291 vel
1567 2255 1744 2302 regulam

431 2308 630 2344 desereret
670 2309 904 2345 tradicionis
945 2322 1026 2353 sue,
1061 2323 1139 2346 non
1181 2311 1320 2359 pocius
1359 2312 1469 2360 prius
1510 2314 1744 2349 mandatum

432 2365 502 2401 Dei
536 2365 778 2414 relinqueret
812 2369 859 2403 de
892 2367 1143 2415 prestacione
1181 2369 1404 2417 corporalis
1435 2371 1495 2406 vel
1527 2370 1745 2418 spiritualis
1763 2375 1801 2407 35

431 2422 620 2470 suffragii,
646 2433 863 2473 antequam
898 2425 1140 2462 tradiciones
1174 2426 1316 2475 privati
1351 2427 1409 2464 sui
1443 2427 1595 2464 ordinis
1628 2428 1744 2465 relin-

431 2481 593 2528 queret?
626 2482 755 2518 Credo
790 2484 896 2530 quod
932 2483 1048 2531 pauci
1081 2485 1141 2520 vel
1172 2485 1284 2529 nulli,
1320 2485 1421 2522 sicut
1445 2486 1499 2522 eis
1524 2486 1744 2534 precipitur

431 2537 469 2574 in
503 2538 582 2574 suis
615 2539 907 2576 tradicionibus
942 2541 1178 2587 adinventis,
1213 2551 1249 2578 et
1284 2556 1352 2591 per
1385 2556 1632 2592 consequens
1664 2557 1744 2581 non

500 2659 524 2687 5.
555 2669 573 2693 ι.
597 2659 663 2687 1th:
695 2661 780 2688 aliter
802 2662 903 2689 iiaiiti.
1031 2663 1058 2690 (j.
1080 2662 1120 2690 li:
1153 2668 1362 2699 postponeret.
1491 2674 1516 2701 7.
1540 2666 1582 2693 A:
1615 2665 1651 2693 sit
1673 2666 1740 2693 sibi.

431 2703 470 2721 io.
492 2695 560 2722 Uli:
583 2695 712 2730 qualiter
731 2705 820 2730 ergo:
842 2697 881 2723 lz':
904 2705 975 2731 crgo
997 2697 1113 2725 eadem.
1189 2706 1221 2725 ti.
1242 2698 1283 2726 13:
1305 2699 1478 2735 discipulus
1499 2705 1594 2735 tenet;
1615 2701 1654 2728 ib.
1669 2701 1693 2728 E
1714 2701 1742 2728 iu

430 2737 541 2763 marga
571 2730 685 2757 Contra
713 2731 899 2758 tradiciones
927 2732 1078 2759 humanas
1098 2740 1190 2773 supra
1213 2733 1328 2761 Christi
1352 2735 1538 2769 ponderatas
1560 2743 1614 2770 per
1633 2740 1742 2763 totum.

431 2764 528 2797 14.1):
552 2765 796 2799 prevaricaucia:
819 2766 856 2792 ib.
875 2765 941 2793 til-1:
965 2771 1103 2801 tempore
1124 2767 1248 2795 (An-isti.
1325 2768 1358 2796 15.
1383 2769 1451 2796 nli:
1475 2778 1533 2796 non
1557 2774 1656 2804 polest
1678 2779 1742 2805 prc-

428 2803 566 2833 ceptum:
588 2799 610 2826 13
630 2799 778 2826 correxit:
802 2806 936 2835 propter.
995 2808 1035 2828 io.
1058 2801 1096 2829 li:
1120 2802 1226 2829 matris
1246 2804 1428 2838 corporalis.
1485 2803 1527 2831 22³.
1545 2805 1588 2832 A:
1612 2809 1642 2832 ut
1662 2805 1740 2840 quis.

428 2832 468 2860 25.
492 2833 498 2860 Ι
508 2833 543 2860 iti
553 2843 558 2860 τ
582 2842 662 2869 supe.

500 2914 553 2936 22.
579 2905 656 2937 Gal.
683 2905 724 2945 11,
752 2917 799 2938 11.
