1986 3380
183 298 318 326 SERMO
334 287 444 344 xxx]
653 297 869 330 SECUNDA
896 296 1022 327 PARS.

183 421 315 444 servos
349 406 509 443 Domini
550 404 802 442 confitentur.
837 404 937 439 Cum
971 414 1064 449 ergo
1097 400 1279 437 Christus
1311 399 1498 435 revelavit

182 465 374 514 apostolis
412 473 493 501 tam
526 464 769 500 voluntatem
810 473 922 497 suam
958 472 1076 507 quam
1119 458 1243 495 eciam
1279 457 1496 498 racionem,

183 533 291 572 patet
331 524 437 571 quod
489 530 578 558 sunt
618 533 739 568 supra
779 518 1056 555 condicionem
1105 515 1304 552 servitutis
1345 514 1498 551 abiecte

183 592 219 618 et
250 594 320 630 per
350 592 597 628 consequens
627 587 716 614 sunt
749 576 880 613 amici.
917 577 1001 620 Vos,
1024 575 1203 622 inquam,
1231 574 1316 609 dixi
1342 573 1499 615 amicos,

150 641 268 689 Squia
302 639 426 675 omnia
460 649 676 687 quecunque
707 636 839 671 audivi
869 647 889 669 α
909 641 1024 683 patre
1057 645 1139 668 meo
1172 631 1359 680 notaseci
1382 631 1498 666 vohis.

244 697 352 734 Licet
385 705 517 733 autem
552 694 732 731 Christus
773 706 812 729 se
846 692 976 740 ipsum
1010 689 1159 727 audivit
1194 702 1214 726 a
1249 697 1374 737 patre,
1409 701 1497 724 cnm

184 755 232 791 sit
261 755 385 791 onznia
415 755 450 790 in
480 753 652 789 omnibus
683 751 930 787 notificando
960 762 1000 785 se
1030 749 1159 796 ipsum
1193 748 1248 784 eis
1278 745 1501 783 notificavit

184 813 488 861 quodammodo
512 811 685 858 singulas
707 809 905 853 veritates,
932 820 1021 844 cum
1047 807 1291 843 declarando
1314 804 1501 841 veritates

184 870 439 907 absconditas
468 869 507 906 in
540 882 610 905 sua
633 867 794 905 racione
818 865 975 902 formali
1000 874 1037 901 et
1060 865 1272 901 tractando
1297 862 1502 911 apostolos

129 941 168 961 10
184 938 226 965 ut
259 928 487 965 carissimos
527 939 618 964 suos
652 925 868 973 discipulos
900 923 1082 960 notificat
1116 923 1222 970 quod
1256 921 1388 957 taliter
1420 932 1501 956 non

185 996 275 1023 sunt
294 986 413 1031 servi3
439 994 475 1022 et
499 985 742 1022 declarando
766 984 873 1032 quod
898 982 972 1018 ista
996 980 1180 1018 amicicia
1204 993 1225 1016 a
1249 978 1502 1016 subieccione

184 1058 264 1081 non
316 1044 449 1080 eximit
493 1053 530 1079 et
576 1042 823 1078 divinitatem
872 1039 1033 1077 Domini
1088 1052 1169 1075 non
1217 1036 1401 1081 excludit,
1447 1036 1502 1072 sic

184 1102 404 1150 subiungit:
441 1103 524 1137 Non
559 1113 624 1137 vos
657 1113 716 1136 me
747 1099 931 1150 elegistis,
954 1099 1021 1134 sed
1053 1111 1125 1148 ego
1159 1097 1261 1147 elegi
1289 1108 1376 1140 vos;
1408 1108 1500 1130 nam

185 1161 224 1197 in
256 1160 403 1209 policia
437 1160 612 1196 humana
645 1158 745 1195 servi
779 1171 799 1194 a
833 1156 1056 1192 ministerio
1089 1155 1238 1202 eligunt
1262 1153 1335 1190 sibi
1369 1165 1501 1200 regem

133 1220 167 1253 15
186 1221 254 1255 sed
298 1231 410 1255 secus
456 1217 528 1253 fuit
575 1217 677 1253 inter
723 1216 929 1264 apostolos
970 1215 1103 1262 quoad
1137 1212 1353 1249 Christum.
1400 1213 1501 1247 Nam

185 1278 220 1313 in
254 1278 324 1313 lzoc
356 1284 467 1312 natus
500 1283 554 1312 est
587 1279 643 1319 (ut
676 1274 821 1311 dicitur
849 1272 1042 1309 Johannis
1066 1273 1221 1315 XVllIO,
1250 1271 1332 1318 37),
1366 1281 1503 1317 ymmo

185 1335 257 1371 fuit
293 1334 480 1382 magister
514 1342 549 1370 et
584 1332 769 1369 dominus
804 1340 1017 1379 antequam
1054 1329 1226 1378 apostoli
1261 1337 1372 1365 erant
1406 1326 1503 1363 nati.

187 1393 264 1442 Ipsi
294 1406 387 1440 ergo
417 1405 497 1428 non
521 1393 722 1439 elegerunt
746 1390 949 1427 Christum
974 1390 1023 1425 ad
1046 1388 1203 1424 literam
1228 1388 1294 1423 sed
1320 1394 1503 1429 econtra3

186 1464 258 1488 nec
299 1451 558 1487 includuntur
604 1462 646 1485 ex
686 1449 761 1485 isto
801 1448 840 1484 in
881 1447 1117 1484 condicione
1157 1445 1287 1482 servili
1326 1458 1347 1481 a
1389 1443 1503 1479 mini-

130 1509 399 1554 2ostracione‚
434 1521 522 1545 cum
565 1507 680 1555 elegit
714 1520 780 1543 eos
814 1507 862 1542 ad
896 1506 1001 1542 istud
1034 1504 1226 1549 officium,
1266 1511 1307 1539 ut
1342 1511 1431 1539 eant
1465 1502 1504 1537 in

188 1569 381 1604 mundum
434 1566 684 1613 evangelium
737 1564 983 1613 predicando
1038 1571 1074 1599 et
1119 1563 1291 1598 fructum
1337 1560 1504 1597 afferant

187 1624 456 1663 conversionis
485 1623 624 1672 populi
656 1636 701 1660 ac
730 1622 788 1659 sui
823 1621 954 1658 meriti
984 1630 1020 1657 et
1051 1621 1201 1656 fructus
1225 1619 1320 1668 ipsis
1345 1626 1504 1654 maneat

187 1685 226 1721 in
260 1692 455 1720 eternum.
490 1685 634 1720 Servus
667 1690 800 1718 autem
835 1693 856 1717 a
890 1678 1126 1716 condicione
1150 1679 1321 1714 fructum
1355 1675 1505 1712 laboris

187 1741 372 1791 acquirit,
411 1742 479 1777 sed
519 1753 598 1776 non
637 1739 724 1776 sibi.
773 1740 872 1775 Cum
913 1750 1007 1785 ergo
1046 1735 1219 1785 apostoli
1258 1736 1506 1784 quodcunque

131 1801 339 1850 25patrem
388 1798 577 1848 pecierint
617 1798 721 1834 dabit
762 1797 852 1843 illis,
892 1804 933 1832 ut
978 1808 1022 1832 ex
1065 1793 1312 1843 professione
1358 1792 1505 1829 Christi

189 1857 435 1902 conceditur,
482 1865 591 1905 patet
643 1857 750 1904 quod
801 1868 822 1891 a
873 1853 1112 1891 condicione
1162 1851 1293 1888 servili
1348 1850 1506 1899 penitus

189 1917 465 1953 excluduntur.
512 1916 655 1951 Servus
695 1913 799 1950 enirn
840 1913 1066 1949 libertatem
1106 1911 1301 1947 instanter
1340 1917 1505 1957 peteret,

189 1974 290 2011 sicut
321 1982 357 2010 et
381 1974 559 2010 fecerunt
582 1972 755 2021 apostoli
785 1972 824 2008 in
855 1969 1044 2007 oracione
1070 1968 1287 2006 dominica.
1322 1967 1506 2005 Christus

190 2045 284 2080 ergo
305 2031 345 2068 in
368 2045 437 2068 sua
454 2031 712 2067 concessione
733 2030 840 2079 ipsos
863 2028 996 2066 eximit
1012 2041 1034 2064 a
1050 2026 1280 2064 huiusmodi
1304 2025 1505 2063 servitute.

133 2091 174 2123 30
191 2093 332 2127 Sermo
377 2098 510 2126 autern
556 2097 715 2137 aptetur
761 2090 810 2125 ad
856 2087 1050 2136 populum
1092 2094 1224 2134 preter
1264 2085 1381 2121 istam
1421 2096 1507 2120 sen-

190 2148 364 2185 tenciam
397 2147 498 2184 sicut
530 2147 638 2183 libet.

670 2272 869 2312 SERMO
903 2271 1032 2310 XXX.

252 2381 337 2416 Hec
360 2380 500 2415 mando
526 2378 642 2425 vobis,
664 2385 703 2414 ut
725 2377 899 2428 diligatis
919 2377 1091 2413 invicem.
1116 2375 1309 2412 Johannis
1324 2377 1428 2426 XV0‚
1448 2388 1507 2423 17.

255 2437 455 2474 Premittit
496 2436 678 2473 Christus
711 2435 938 2484 specialiter
971 2434 1051 2471 suis
1084 2434 1278 2482 apostolis
1312 2442 1349 2470 et
1382 2433 1423 2470 in
1455 2433 1509 2470 eis

137 2495 347 2533 35-cunctis
392 2494 633 2532 christicolis
682 2502 724 2530 ut
776 2493 943 2541 diligant
997 2505 1037 2529 se
1091 2501 1245 2539 mutuo,
1292 2505 1381 2528 cum
1431 2491 1509 2528 sint

194 2555 375 2591 membra
399 2553 577 2590 eiusdem
614 2551 808 2601 corporis.
844 2552 943 2587 Cum
970 2550 1074 2588 enim
1099 2551 1319 2587 secundum
1336 2551 1508 2599 Aposto-

266 2719 284 2738 1.
306 2711 350 2738 A:
374 2711 495 2737 revelat.
627 2709 652 2737 3.
674 2709 743 2736 DE:
766 2718 860 2743 snpra
882 2710 1048 2736 racionem.
1186 2710 1212 2735 8,
1237 2708 1305 2735 DE:
1328 2709 1508 2735 voluntates.

195 2755 224 2782 9.
245 2747 289 2773 A:
311 2745 498 2784 tractandps.
574 2745 614 2772 ιώ,
635 2745 679 2772 A:
699 2744 767 2771 Joh.
790 2745 890 2777 XIX..;
913 2744 981 2771 DE:
1003 2744 1053 2770 X¹¹.
1138 2744 1179 2777 10,
1202 2752 1239 2778 17.
1263 2742 1330 2770 DE:
1353 2743 1421 2770 ideo
1442 2742 1507 2769 fuit.

196 2789 234 2816 ¹7·
256 2781 299 2807 A:
322 2780 454 2814 apostoli
477 2779 570 2806 deest.
635 2786 680 2806 20.
701 2780 746 2806 A:
769 2785 799 2806 ut
821 2783 916 2806 erant.
979 2786 1026 2814 29.
1048 2779 1091 2805 A:
1114 2778 1200 2813 ipsos
1221 2777 1315 2804 deest.
1377 2776 1420 2804 33.
1436 2777 1508 2804 Ain

196 2823 312 2850 marg:
333 2814 433 2848 XXX;
457 2814 566 2842 Sermo
587 2813 614 2840 ΙΙ
633 2817 690 2840 ext.

263 2920 314 2953 33.
341 2919 394 2952 Cf.
413 2920 570 2964 Wyclif's
597 2921 776 2960 Sermons,
809 2920 864 2952 ed.
891 2919 935 2962 by
963 2920 1112 2959 Arnold,
1149 2920 1171 2958 Ι,
1198 2928 1277 2960 pag.
1309 2918 1500 2962 172—175.

1704 294 1784 331 219

1521 582 1625 607 Christ
1648 582 1786 608 det-lared

1585 617 1665 643 ῐιίιῑΙι
1689 617 1716 643 iu

1577 651 1730 689 declaring

1585 685 1725 712 Himsen.
