1986 3380
161 304 209 337 82
743 312 967 344 ‚IOHANNIS
988 311 1170 343 wvcmr
1188 312 1444 345 SERMONUM
1520 298 1672 356 [semro
1694 309 1759 337 xn.

448 417 709 454 dileccionem
750 418 1013 465 reciprocam.
1062 418 1117 454 sic
1161 428 1319 467 oportet
1366 431 1485 455 omne
1530 421 1756 456 membrum

447 476 611 513 ecclesie
646 477 936 513 humanitatem
973 476 1119 513 Christi
1159 477 1323 525 diligere
1364 488 1399 514 et
1440 490 1509 526 per
1548 477 1675 526 ipsam
1716 487 1758 514 ut

446 535 595 571 scalam
630 544 932 571 connectentem
967 535 1004 570 in
1039 534 1287 572 divinitatem
1321 537 1535 573 ascendere
1560 539 1616 580 (ut
1648 546 1757 584 patet

444 593 636 630 johannis
669 595 825 641 XV110),
860 602 896 629 et
928 593 983 629 sic
1017 593 1140 630 instar
1163 594 1323 630 luminis
1347 594 1565 631 reflectitur
1598 594 1758 632 claritas

447 652 628 688 omnium
665 654 937 688 membrorum
971 651 1135 688 ecclesie
1158 652 1198 688 in
1222 654 1306 689 Deo
1337 662 1449 700 patre
1482 652 1549 701 qui
1584 662 1640 689 est
1672 653 1792 690 fons5

448 720 484 747 et
517 711 629 758 origo
663 711 791 747 tocius
825 710 984 746 luminis
1017 710 1248 759 spiritualis,
1283 713 1375 747 Ideo
1410 711 1505 747 dicit
1538 719 1682 747 textus:
1718 712 1758 747 In

447 770 517 806 lzoc
559 769 804 819 glorificatus
848 776 902 804 est
941 777 1058 818 pater
1101 782 1206 806 meus
1250 777 1289 805 ut
1327 770 1543 819 plurimum
1577 771 1758 818 fructum

446 828 630 876 afferatis.
678 828 778 863 Cum
814 827 917 863 enim
953 827 1134 865 Christus
1168 837 1205 864 et
1237 837 1350 876 pater
1383 840 1476 864 suus
1514 827 1591 864 sint
1634 840 1759 864 unum

447 885 780 930 substancialiter,
815 885 917 921 sicut
949 885 1034 934 ipse
1058 886 1238 922 Christus
1262 895 1299 922 et
1323 887 1503 923 membra
1533 899 1616 931 sua,
1651 894 1760 934 patet

447 945 555 992 quod
580 944 855 979 membrorum
881 943 1027 980 Christi
1051 943 1314 981 fructificacio
1338 945 1535 981 redundat
1565 945 1760 993 quodam·
1780 954 1819 976 ¹0

449 1003 569 1038 modo
603 1001 642 1037 in
676 1001 899 1038 claritatem
934 1011 971 1038 et
1003 1001 1173 1049 gloriam
1207 1002 1266 1038 sui
1306 1002 1450 1050 patris3
1495 1015 1588 1039 nam
1633 1002 1760 1050 gloria

447 1059 572 1107 patris
606 1068 662 1095 est
695 1060 841 1096 habere
875 1059 1000 1096 filium
1036 1072 1078 1096 ex
1112 1062 1386 1097 membrorum
1420 1073 1584 1097 suorum
1620 1072 1760 1097 conso-

446 1117 592 1154 nancia
615 1117 848 1165 gloriosum.
884 1119 970 1154 Stat
995 1127 1128 1155 autem
1153 1127 1237 1155 tota
1261 1118 1336 1155 ista
1359 1119 1553 1155 connexio
1576 1118 1617 1155 in
1642 1118 1761 1154 dilec-

448 1175 574 1212 cionis
603 1176 886 1223 proposcione‚
920 1185 963 1212 ut
997 1177 1094 1213 sicut
1123 1184 1240 1226 pater
1273 1176 1411 1213 dilexit
1430 1177 1577 1226 filium,
1606 1177 1661 1213 sic
1682 1176 1763 1226 ipse

448 1234 621 1282 quadam
635 1233 856 1270 dileccione
866 1234 1037 1282 analoga
1055 1234 1192 1270 dilexit
1205 1234 1401 1284 apostolos
1416 1243 1454 1271 et
1470 1243 1762 1283 consequenter
1781 1232 1818 1266 15

447 1300 574 1328 totam
610 1291 841 1338 ecclesiam;
876 1301 913 1328 et
945 1291 1047 1329 sicut
1080 1291 1263 1329 Christus
1295 1292 1464 1329 servavit
1497 1292 1760 1329 dileccionem

447 1350 518 1386 Dei
544 1349 788 1395 humanitus,
823 1350 916 1398 quia
939 1359 1130 1399 precepta
1153 1349 1235 1387 eius
1259 1360 1497 1397 servaverat,
1531 1350 1588 1388 sic
1621 1352 1761 1388 eadem

448 1420 568 1444 causa
601 1409 746 1444 debent
779 1409 961 1445 membra
994 1408 1141 1446 Christi
1164 1408 1204 1445 in
1229 1408 1449 1446 dileccione
1474 1409 1557 1446 eius
1581 1420 1762 1454 manere;

448 1475 485 1502 et
529 1465 744 1514 utrobique
795 1475 955 1514 oportet
1004 1467 1196 1515 gaudium
1247 1467 1507 1504 beatitudinis
1558 1467 1764 1516 reciproce

448 1523 690 1560 consumari.
731 1527 833 1561 Nam
867 1525 1056 1572 gaudium
1104 1524 1284 1574 magistri
1328 1525 1471 1574 optimi
1516 1534 1574 1562 est
1618 1526 1764 1562 habere
1780 1535 1822 1557 20

448 1581 671 1618 imitatores
706 1582 924 1631 discipulos
956 1583 1167 1631 perfectos.
1206 1584 1255 1619 Et
1289 1582 1493 1631 signanter
1532 1584 1607 1620 hoc
1647 1595 1764 1620 evan-

447 1639 594 1688 gelium
619 1639 763 1687 legitur
792 1640 832 1677 in
861 1642 1139 1689 apostolorum
1163 1640 1306 1689 vigiliis
1337 1641 1436 1678 etin
1465 1641 1765 1690 sollempnitate

448 1697 554 1734 beati
578 1697 704 1734 Marci
734 1698 802 1746 qui
831 1708 888 1735 est
912 1699 1105 1748 apostolis
1135 1712 1179 1736 ex
1207 1699 1283 1736 isto
1313 1699 1482 1747 glutinio
1514 1699 1763 1736 coniunctus.

193 1768 271 1796 This
291 1768 396 1804 gospet
507 1755 624 1792 Circa
658 1757 733 1793 hoc
773 1757 1022 1805 evangelium
1062 1757 1269 1794 dubitatur
1306 1770 1385 1806 qua
1424 1757 1666 1794 auctoritate
1704 1757 1766 1794 vel

160 1803 433 1865 ²q¹¹sqg⁸ssfstd2fcbsss
449 1813 690 1851 fundacione
729 1823 835 1851 secte
875 1815 1042 1852 fratrum
1082 1816 1302 1852 fundantur
1339 1815 1379 1852 in
1417 1815 1492 1853 ista
1535 1815 1626 1862 vite,
1673 1828 1764 1852 cum
1781 1815 1821 1848 25

221 1874 256 1900 οἵ
273 1873 373 1900 friars.
448 1871 648 1920 scriptura
678 1872 798 1910 nimis
831 1874 1018 1911 deficeret
1040 1883 1122 1911 tam
1145 1874 1463 1911 necessariorum
1488 1875 1763 1911 membrorum

450 1930 615 1967 ecclesie
659 1931 957 1979 plantacionem
1011 1941 1048 1969 et
1100 1931 1386 1981 agriculturam
1432 1933 1662 1969 obmittens.
1715 1933 1764 1968 Et

448 1988 605 2024 videtur
656 1989 911 2026 manifestum
963 1991 1099 2026 sedule
1152 1990 1346 2028 scrutanti
1400 1990 1619 2039 scripturas
1672 2002 1762 2027 curn

450 2046 758 2084 conversacione
791 2047 957 2084 istarum
990 2057 1191 2085 sectarum
1226 2061 1315 2085 cum
1349 2049 1428 2085 suis
1471 2048 1612 2086 ritibus
1654 2049 1763 2097 quod

450 2104 650 2152 scriptura
672 2104 780 2153 ipsos
803 2118 884 2142 non
908 2106 1093 2154 exprimit
1113 2106 1189 2143 nisi
1212 2107 1406 2144 indirecte
1429 2106 1537 2156 ipsos
1561 2107 1761 2155 culpando
1780 2106 1821 2139 30

450 2171 488 2199 et
525 2175 616 2199 suas
656 2163 832 2200 fallacias
870 2172 913 2200 ut
953 2173 1168 2202 caveantur
1212 2165 1374 2202 caucius
1412 2166 1681 2214 reprobando,
1720 2173 1763 2201 ut

450 2229 559 2268 patet
583 2233 626 2257 ex
650 2222 725 2257 hoc
746 2223 853 2270 quod
875 2222 1111 2271 precipuum
1134 2223 1311 2260 officium
1332 2223 1406 2260 viri
1427 2222 1684 2261 ecelesiastici
1706 2231 1763 2260 est

450 2278 610 2326 gignere
640 2281 820 2316 membra
844 2280 1004 2326 Christi,
1037 2283 1256 2318 secundum
1292 2281 1464 2319 formam
1497 2281 1762 2330 apostolicam

449 2336 716 2384 predicando;
749 2339 817 2374 sed
850 2346 892 2374 ut
925 2348 1034 2386 patet
1067 2352 1110 2376 ex
1142 2339 1258 2376 dictis
1292 2339 1332 2376 in
1364 2341 1440 2377 hoc
1474 2339 1697 2377 ministerio
1725 2348 1763 2376 et

451 2403 742 2443 consequenter
780 2396 820 2432 in
859 2396 1037 2445 quolibet
1070 2397 1149 2434 alio
1182 2397 1325 2434 fratres
1358 2397 1524 2435 omnino
1557 2397 1760 2434 deficiunt.
1780 2393 1819 2428 35

507 2453 676 2490 Constat
699 2453 861 2502 quidem
888 2467 931 2491 ex
954 2456 1030 2492 fide
1054 2457 1161 2504 quod
1177 2455 1407 2505 quicunque
1428 2464 1594 2505 propter
1610 2455 1761 2493 famam

449 2510 623 2547 nominis
645 2511 706 2548 vel
730 2511 946 2549 avariciam
971 2521 1126 2550 terrene
1148 2513 1411 2562 possessionis
1435 2522 1472 2551 et
1494 2526 1576 2551 non
1597 2522 1762 2563 propter

521 2652 540 2672 1.
554 2644 599 2672 A:
622 2649 774 2684 receptam
797 2646 851 2674 sic.
907 2646 932 2675 3.
948 2648 993 2675 A:
1015 2652 1244 2676 convertentem
1265 2648 1295 2676 in
1316 2648 1472 2676 deitatem.
1527 2657 1556 2683 4.
1572 2648 1617 2677 A:
1638 2647 1759 2676 caritas.

451 2678 570 2718 9.·[)E:
592 2681 774 2715 generaliter
795 2681 883 2709 sieut.
973 2691 1013 2710 10.
1036 2683 1081 2711 A:
1103 2683 1242 2710 membra
1263 2682 1389 2711 Christi.
1477 2690 1584 2718 12—14.
1605 2684 1649 2711 A:
1672 2692 1708 2711 ex
1726 2699 1761 2703 —

451 2714 546 2741 hlium
568 2714 663 2742 deest.
768 2716 809 2744 16.
831 2717 871 2744 E:
894 2722 921 2745 et
941 2717 1034 2745 deest.
1140 2719 1180 2745 18.
1201 2718 1242 2746 E:
1264 2718 1329 2746 eius
1349 2718 1443 2746 deest.
1546 2725 1584 2746 21.
1605 2719 1651 2746 A:
1673 2718 1761 2754 plene

451 2748 559 2777 factos.
632 2757 678 2784 24.
698 2751 752 2780 ΑΙ)
773 2751 805 2778 in
827 2760 940 2787 marg.:
963 2752 1116 2786 Dubium;
1137 2752 1162 2779 E
1181 2752 1211 2780 in
1234 2760 1347 2789 marg:
1368 2751 1542 2781 Dubitacio.
1615 2752 1660 2780 28.
1682 2753 1711 2781 Α
1730 2752 1760 2781 in

451 2791 567 2819 marg:
588 2785 704 2814 Contra
725 2787 844 2815 fratres.
901 2795 948 2823 29.
969 2788 1014 2814 A:
1037 2791 1188 2815 sectarum
1210 2787 1311 2815 deest·
1332 2791 1361 2815 et
1380 2787 1461 2823 suis3
1488 2786 1528 2815 ib.
1549 2787 1574 2815 E
1593 2787 1624 2815 in
1645 2795 1760 2824 marg.:

450 2818 537 2846 Secte
558 2822 676 2848 novelle
696 2825 799 2849 carent
819 2821 1031 2849 fundamento.
1096 2821 1134 2849 31.
1157 2821 1224 2850 DE:
1247 2827 1279 2850 ut
1320 2827 1392 2850 eest.
1466 2821 1510 2850 33.
1531 2822 1600 2850 DE:
1622 2822 1761 2850 membra

450 2854 585 2882 ecclesie.
657 2856 700 2884 35.
722 2858 766 2884 A:
788 2865 804 2883 a
824 2856 970 2892 quolibet.
1042 2855 1086 2892 37.
1108 2857 1152 2884 A:
1174 2857 1217 2884 vel
1240 2857 1333 2885 deest.

519 2938 550 2971 7.
570 2929 735 2972 Vulgate:
762 2928 991 2971 clarificatus.
