1986 3380
212 281 346 309 SERMO
370 268 448 328 [NJ]
681 284 896 317 SECUNDA
922 284 1048 314 PARS.

212 391 342 439 arguit
376 391 570 436 Christus,
604 404 684 427 non
717 392 946 439 approbans
972 389 1211 437 generaliter
1245 398 1523 436 argumentum

160 451 162 456 ’
211 462 233 485 a
278 449 481 486 contrario
535 449 807 485 antecedentis
853 451 910 497 (ut
960 455 1068 496 putet
1119 446 1286 483 Matthei
1330 448 1398 492 V‘¹‚
1452 448 1524 492 43:

211 507 366 557 Diliges
405 508 567 543 amicum
608 514 712 542 titum
752 514 786 543 et
825 507 910 542 odio
952 505 1106 541 habebis
1147 505 1340 540 ininzicum
1383 512 1524 545 tztzmzi:

212 565 265 609 Si,
297 564 437 613 inquit,
463 577 622 613 nequam
645 565 787 613 suerit,
821 565 937 600 eciam
972 576 1113 613 corpus
1145 570 1250 598 tuum
1284 563 1525 599 tenebrosum

178 623 294 658 5erit.
337 624 450 659 Unde
484 622 617 670 primo
651 624 843 659 docemur
883 635 925 658 ex
964 620 1249 658 nominacione
1288 620 1393 656 oculi
1432 620 1526 656 sim-

211 680 324 727 plicis
366 689 402 716 et
448 693 620 728 nequam
662 682 769 729 quod
809 680 990 717 Christus
1030 679 1138 716 aliud
1179 678 1363 726 intelligit
1404 692 1523 727 quam

210 739 372 774 oculum
407 739 674 785 corporalem.
710 739 859 774 Oculus
893 738 958 774 ille
992 737 1154 786 quidem
1189 745 1246 773 est
1277 737 1391 773 valde
1417 749 1526 773 com-

210 796 376 844 positus,
412 805 452 831 ut
480 796 617 832 dicunt
652 796 895 844 philosophi,
929 809 971 832 ex
997 798 1134 832 decem
1160 794 1340 843 partibus
1364 804 1525 831 naturu-

210 867 297 890 rum
333 853 554 902 disparium
591 853 823 901 integratus.
870 854 917 889 Et
951 867 1041 890 cum
1076 854 1214 890 oculus
1247 853 1297 889 sit
1329 854 1526 889 rotundus

157 924 194 944 ιο
210 913 430 948 secundum
471 924 614 948 nervos
654 912 892 948 fortissimos
932 912 971 947 in
1009 925 1079 948 sua
1118 911 1251 948 orbita
1290 911 1526 959 regulariter

211 970 461 1014 convolutus,
495 983 576 1006 non
611 969 812 1006 diceretur
844 982 1020 1018 nequam
1054 969 1134 1006 sive
1167 982 1374 1017 perversus
1408 982 1430 1005 a
1454 969 1525 1006 Dei

210 1028 425 1076 sapiencia,
472 1027 501 1064 si
543 1028 672 1075 ipsum
716 1028 847 1076 primo
887 1028 1132 1074 intenderet3
1174 1028 1264 1064 ideo
1304 1029 1525 1064 secundum

211 1086 506 1122 Crisostomum
548 1085 579 1122 si
611 1086 845 1135 loqueretur
883 1087 931 1122 de
964 1087 1082 1122 oculo
1116 1085 1330 1134 corporali,
1364 1094 1527 1122 vocaret

211 1157 301 1180 eum
334 1157 475 1181 sanum
510 1153 577 1181 aut
600 1144 807 1181 infirmum
832 1153 869 1180 et
895 1157 976 1181 non
999 1144 1224 1192 simplicem
1248 1152 1316 1180 aut
1339 1156 1525 1192 nequam.

158 1203 326 1239 15Unde
364 1202 612 1251 Augustinus
652 1204 781 1251 Super
812 1202 1028 1250 Evangelia
1067 1202 1163 1238 dicit
1202 1203 1310 1251 quod
1344 1202 1526 1239 Christus

212 1262 483 1309 quodcunque
521 1273 622 1309 opus
662 1262 885 1309 procedens
925 1273 947 1297 a
986 1261 1169 1297 membro
1208 1269 1325 1297 vocat
1363 1260 1525 1297 nornine

210 1318 317 1355 illius
352 1318 536 1365 membri,
576 1318 670 1367 quia
709 1318 909 1367 scriptura
948 1331 1062 1355 sacra
1101 1318 1426 1367 predicacionem
1468 1331 1525 1355 se-

211 1378 386 1413 cundum
422 1390 582 1414 causam
618 1389 711 1426 sepe
744 1378 943 1425 approbat
976 1386 1012 1413 et
1044 1376 1228 1413 intendit.

269 1436 454 1472 Secundo
477 1437 700 1472 notandum
725 1435 891 1472 ulterius
915 1436 1035 1484 quod,
1060 1435 1162 1471 sicut
1196 1435 1341 1472 caritas
1375 1433 1525 1471 lucidat

152 1506 194 1527 20
210 1493 346 1530 omnia
380 1506 504 1542 opera
537 1493 705 1530 subiecti
739 1493 930 1539 caritatis⁷
971 1493 1027 1530 sic
1067 1493 1254 1542 nequicia
1286 1494 1347 1530 vel
1384 1505 1524 1541 pecca-

209 1559 293 1587 tum
327 1551 453 1588 inficit
487 1552 625 1588 omnia
657 1564 780 1600 opera
807 1551 934 1588 eciam
968 1553 1075 1588 bona
1100 1553 1147 1588 de
1180 1564 1323 1599 genere
1356 1551 1524 1587 subiecti

208 1609 390 1646 habentis
423 1609 696 1646 intencionem
730 1610 785 1647 sic
817 1623 1003 1659 nequam.
1050 1612 1097 1645 Et
1131 1619 1244 1658 patet
1278 1622 1524 1658 consequen-

209 1667 269 1703 cia
310 1667 458 1704 Christi
498 1668 686 1705 dicentis:
742 1669 785 1703 Si
821 1669 954 1704 oculus
992 1676 1080 1704 tuus
1117 1667 1323 1716 predictus
1362 1680 1522 1717 nequam

196 1726 340 1774 fuerit,
374 1733 494 1763 totum
529 1739 670 1776 corpus
708 1739 876 1774 operum
919 1726 1177 1774 sequencium
1214 1726 1394 1762 redditur
1425 1733 1524 1762 tene-

151 1788 190 1820 25
207 1784 386 1829 laromam,-
430 1793 467 1821 et
505 1793 616 1833 patet
655 1797 776 1833 quam
817 1785 1054 1833 regulariter
1092 1785 1306 1821 tenebrosa
1349 1793 1406 1821 est
1444 1784 1524 1821 vita

207 1841 388 1878 omnium
435 1842 503 1892 qui
548 1844 744 1879 mundum
789 1842 968 1891 sapiunt;
1014 1842 1076 1879 vix
1124 1842 1229 1879 enim
1277 1842 1421 1891 aliquis
1467 1851 1525 1878 est

209 1901 436 1937 mundanus
481 1901 578 1950 quin
621 1901 785 1947 famam,
836 1901 997 1938 laudem
1043 1901 1104 1937 vel
1156 1901 1398 1949 temporalia
1450 1900 1524 1937 sibi

208 1957 404 1995 inutiliter
449 1959 603 2008 appetit
647 1968 684 1996 et
728 1959 918 2005 intendit3
965 1967 1001 1995 et
1048 1958 1104 1995 sic
1151 1959 1366 2007 duplicitas
1418 1958 1525 1995 oculi

208 2015 328 2053 nimis
362 2017 507 2054 multos
540 2017 679 2054 inficit.
714 2020 795 2055 Nec
817 2017 933 2054 video
957 2016 1054 2066 quin
1086 2026 1177 2066 post
1200 2026 1359 2065 ternpus
1393 2016 1525 2065 gracie

151 2078 192 2111 30
209 2087 349 2111 omnes
382 2075 594 2112 fundantes
633 2084 761 2112 sectas
799 2075 889 2112 illas
928 2075 1105 2113 novellas
1145 2088 1235 2112 cum
1275 2075 1437 2112 fabricis
1478 2088 1524 2112 ac

208 2133 454 2170 novitatibus
485 2133 573 2170 aliis
595 2133 673 2171 ista
697 2133 932 2182 duplicitate
956 2133 1062 2170 oculi
1085 2143 1177 2170 sunt
1199 2133 1348 2170 infecti.
1375 2135 1525 2170 Omnes

208 2190 314 2228 enim
348 2192 447 2229 tales
479 2192 540 2230 vel
572 2191 785 2229 intendunt
811 2192 962 2229 famam
995 2192 1118 2228 seculi
1151 2200 1188 2228 et
1221 2193 1325 2228 bona
1358 2190 1525 2240 propria

207 2249 349 2287 saltem
389 2250 624 2287 secundarie
664 2259 701 2287 et
739 2251 787 2287 de
826 2250 1032 2287 communi
1073 2263 1190 2286 cursu
1234 2249 1523 2298 principaliter.

207 2307 247 2344 Si
281 2308 386 2345 enirn
420 2308 507 2358 quis
540 2309 623 2345 vult
655 2309 786 2346 facere
820 2308 1082 2345 elemosinam
1121 2317 1157 2345 et
1196 2308 1355 2345 laborat
1387 2307 1524 2345 anxius

147 2372 249 2405 35ut
291 2366 379 2415 ipsa
422 2367 472 2404 sit
515 2375 723 2416 perpetua,
771 2379 896 2416 quero
943 2368 992 2403 ab
1038 2366 1107 2403 illo
1160 2366 1192 2403 si
1237 2365 1524 2403 racionabilius

275 2510 295 2529 1.
317 2502 385 2530 DE:
407 2501 508 2537 arguit
528 2500 671 2529 Christus
693 2501 803 2537 arguit.
877 2501 901 2528 5.
939 2501 985 2528 A:
1007 2501 1096 2528 Unde
1117 2501 1219 2541 primo
1240 2501 1334 2528 deest.
1426 2500 1454 2529 8.
1476 2501 1522 2528 A:

206 2536 350 2572 pharisei.
416 2536 457 2564 16.
473 2535 543 2564 DE:
565 2536 741 2571 ubicunque
756 2544 853 2571 opus:
874 2535 914 2563 ib.
930 2536 974 2563 A:
997 2540 1100 2570 vacat3
1119 2537 1161 2564 1b.
1177 2536 1203 2563 E
1216 2536 1246 2563 in
1265 2544 1379 2571 marg.:
1400 2535 1523 2571 Regula.

205 2579 247 2607 19.
269 2572 297 2599 A
317 2572 347 2599 in
369 2580 482 2607 marg:
505 2578 531 2598 2.
597 2579 637 2606 21,
653 2579 697 2598 22.
714 2571 783 2598 DE:
806 2570 934 2598 subiecti
958 2587 986 2590 —
1008 2571 1216 2599 intencionem
1237 2571 1332 2599 deest.
1393 2570 1436 2598 23.
1452 2570 1522 2598 DE:

203 2609 274 2634 tuus
301 2606 395 2633 deest.
525 2613 573 2640 24.
601 2607 625 2634 E
651 2606 682 2633 in
709 2614 825 2641 marg:
857 2605 991 2633 Oculum
1019 2605 1194 2641 simplicem
1220 2605 1403 2634 inficiencia.
1430 2605 1522 2633 Nota.

203 2648 248 2676 27.
269 2642 314 2668 A:
336 2640 513 2668 mundanis.
594 2649 641 2677 29.
663 2640 732 2668 DE:
755 2641 842 2676 prius
862 2645 996 2676 tempus.
1069 2640 1115 2668 30.
1137 2640 1207 2668 DE:
1229 2641 1387 2676 simplices
1407 2644 1523 2675 sectas3

203 2675 245 2703 ib.
267 2675 309 2703 D:
331 2676 479 2704 fabriciis
551 2674 595 2704 33.
615 2677 660 2704 A:
684 2676 791 2705 saltem
812 2675 976 2703 contrarie.

274 2781 306 2812 4.
334 2771 500 2804 Matthaei
519 2772 575 2811 VI,
597 2772 650 2805 23.
753 2773 802 2805 13.
828 2771 1076 2815 Chrysostomi
1105 2772 1205 2815 Opus
1232 2773 1318 2814 Imp.
1346 2771 1379 2803 in
1400 2770 1523 2803 Matth.

206 2819 312 2850 Hom.
333 2818 407 2858 XII,
425 2819 446 2850 l.
467 2829 508 2859 c.,
529 2829 606 2861 pag.
626 2829 704 2863 799.
785 2817 834 2851 15.
854 2818 906 2851 Cf.
925 2818 1113 2860 Augustini
1134 2819 1278 2858 Quaest.
1299 2817 1361 2850 Ev.
1382 2818 1460 2851 libr.
1481 2818 1521 2850 11.

207 2865 299 2907 Opp.
332 2872 417 2898 tom.
452 2865 508 2906 111,
540 2876 572 2908 p.
599 2865 639 2906 11,
671 2875 750 2908 pag,
779 2875 860 2906 241:
892 2864 1048 2897 Verbum
1082 2872 1199 2898 autern
1232 2875 1305 2897 non
1336 2866 1452 2897 solum
1487 2864 1521 2896 id

206 2911 303 2953 quod
329 2921 392 2954 per
420 2911 566 2943 verbum
594 2911 792 2944 declaratur
819 2912 880 2944 sed
907 2912 1015 2944 eciam
1043 2922 1080 2944 se
1106 2913 1222 2955 ipsum
1250 2912 1411 2944 declarat.

1321 2967 1391 3002 26*

1730 269 1807 315 403

1586 1451 1631 1478 As
1652 1451 1771 1487 cliarity

1541 1486 1645 1513 makes
1659 1486 1696 1513 ull
1711 1487 1814 1522 things

1539 1521 1592 1548 full
1614 1521 1649 1548 of
1665 1521 1751 1556 light,
1779 1530 1813 1548 so

1557 1555 1603 1590 sjn
1625 1556 1734 1583 int'ects
1755 1557 1793 1584 all

1576 1591 1626 1617 the
1647 1591 1779 1618 sinner's

1622 1627 1735 1653 work&
