1986 3380
129 292 205 327 πού
692 296 913 328 JouANNJs
934 295 1114 327 WYCMF
1133 295 1388 327 SERMONUM
1422 280 1572 338 [SERMO
1590 291 1727 319 xxvnt.

161 412 360 450 T11cscq<›nd
475 406 677 450 Quantum
721 405 771 439 ad
812 404 890 438 duo
930 402 1019 449 iuga
1059 401 1271 450 sequeucia
1317 413 1501 437 sermone
1546 401 1728 448 proximo

179 448 340 508 :urinum-d
417 463 644 498 introducta
691 462 868 497 notanda
914 469 970 496 est
1017 472 1093 495 vox
1136 459 1301 494 turturis
1345 458 1471 495 sancti
1513 458 1622 494 Pauli
1665 459 1728 502 (ad

417 521 502 557 Col.
538 522 636 563 1110).
678 518 868 564 Quamvis
902 517 1006 554 enim
1042 517 1224 553 Christus
1270 516 1318 552 sit
1365 526 1496 552 turtur
1541 515 1729 564 precipue

418 579 571 621 (Matth.
597 580 664 622 V0)
701 577 870 612 miscens
904 577 1055 611 luctum
1091 588 1179 611 cum
1213 574 1378 622 gaudio:
1420 574 1543 617 Beati,
1589 573 1728 622 inquit,

417 637 480 685 qui
501 637 646 686 lugent,
669 635 845 683 quoniam
869 634 942 683 ipsi
963 634 1275 677 consolabuntur,
1291 641 1425 669 tamen
1446 633 1624 668 membra
1649 631 1731 667 eius
1749 634 1764 665 5

418 704 592 730 turtures
627 701 791 741 possunt
825 692 923 736 dici3
957 704 1048 727 nam
1086 703 1250 739 magnus
1283 699 1414 726 turtur
1447 690 1518 726 fuit
1552 689 1731 737 Baptista

418 754 517 798 (Joh.
544 755 626 796 1110,
653 753 734 798 29),
760 751 854 786 dum
877 749 933 786 sic
956 749 1117 786 cecinit:
1152 749 1307 785 Amicus
1338 749 1469 798 sponsi
1498 748 1562 796 qui
1591 755 1666 784 stat
1699 754 1733 783 et

418 811 525 846 audit
558 823 640 846 eum
673 809 820 859 gaudio
851 809 998 859 gaudet
1026 815 1192 857 propter
1224 819 1351 843 vocem
1385 806 1525 856 sponsi.
1566 807 1732 853 Magnus

419 869 544 905 eciam
578 876 710 904 turtur
742 866 815 902 fuit
848 866 993 902 Paulus
1032 865 1252 914 apostolus,
1300 866 1394 900 dum
1440 863 1602 900 cecinit:
1649 864 1734 913 Ipse

420 927 588 976 Spiritus
616 925 790 976 postulat
817 937 895 974 pro
928 924 1033 960 nobis
1064 923 1270 974 gemitibus
1302 922 1636 959 inenarrabilibus.
1680 923 1733 957 Ex
1754 934 1792 954 10

418 985 561 1034 quibus
595 983 797 1031 colligitur
830 983 936 1031 quod
960 981 1132 1030 Spiritus
1166 990 1249 1018 erat
1273 989 1424 1023 turtur:
1460 982 1576 1016 docet
1599 988 1733 1016 autem

139 1040 291 1102 [Ξῖ-εἳ]
308 1040 396 1101 ffilltso
419 1044 491 1080 iste
514 1043 730 1091 Apostolus
764 1042 828 1086 (ad
852 1041 937 1077 Col.
964 1042 1048 1085 1110,
1082 1039 1148 1076 ubi
1173 1042 1306 1088 supra)
1331 1040 1438 1088 quod
1472 1037 1608 1075 omnia
1641 1049 1735 1086 que-

161 1097 210 1137 ihe
231 1093 317 1150 glor->7
338 1109 373 1136 os
420 1114 575 1150 cunque
609 1100 736 1136 fidelis
769 1098 906 1135 fecerit
930 1099 1046 1134 debet
1069 1098 1198 1134 facere
1222 1097 1261 1134 in
1284 1096 1447 1133 nomine
1470 1095 1623 1133 domini
1644 1098 1735 1132 Jesu

225 1145 305 1171 ὑπ’
420 1159 581 1196 Christi.
622 1158 755 1204 Omne,
787 1156 929 1205 inquit,
960 1157 1208 1205 quodcunque
1219 1155 1358 1204 facitis
1382 1155 1497 1191 verbo
1519 1162 1584 1190 aut
1607 1165 1734 1203 opere,

420 1218 545 1254 omnia
596 1217 631 1252 in
677 1215 827 1252 nomine
877 1214 1022 1250 domini
1067 1214 1156 1250 Jesu
1212 1213 1370 1259 Christi,
1426 1213 1552 1261 suple,
1596 1211 1790 1261 jacite&

421 1278 533 1312 Patet
566 1273 865 1311 racionabilitas
899 1272 1014 1309 huius
1048 1271 1234 1320 principii
1268 1284 1311 1308 ex
1345 1272 1420 1307 hoc
1454 1272 1562 1319 quod
1601 1269 1735 1306 omnis

419 1334 499 1370 vita
532 1332 706 1369 hominis
739 1331 883 1368 viantis
914 1329 1143 1367 voluntaria
1175 1330 1235 1366 vel
1267 1329 1463 1366 naturalis
1502 1329 1619 1365 debet
1651 1340 1736 1364 esse

422 1391 641 1437 meritoria,
689 1399 725 1427 et
771 1402 841 1438 per
887 1401 1136 1437 consequens
1182 1400 1265 1424 esse
1311 1387 1351 1423 in
1400 1386 1534 1435 gracia
1582 1385 1735 1422 domini

420 1449 547 1486 nostri
579 1451 670 1485 Jesu
694 1447 855 1485 Christi.
891 1450 977 1495 Ipse
1010 1446 1117 1483 enim
1142 1455 1198 1483 est
1221 1445 1352 1494 prima
1375 1454 1519 1482 natura
1543 1453 1579 1481 et
1601 1443 1736 1492 gracia

420 1508 460 1544 in
493 1520 570 1557 qua
604 1515 748 1544 natura
780 1507 978 1542 subducto
1018 1512 1184 1554 peccato
1222 1512 1382 1552 oportet
1427 1503 1512 1540 fieri
1557 1511 1735 1539 creatum
1754 1512 1795 1534 20

421 1566 628 1615 quodlibet
661 1565 856 1602 naturale.
901 1564 1017 1600 Tolle
1065 1559 1266 1615 (inquam)
1314 1561 1469 1610 peccati
1512 1560 1737 1598 vetanciam

422 1634 459 1661 et
493 1624 533 1660 in
563 1623 710 1661 virtute
743 1623 826 1659 eius
860 1630 896 1659 et
928 1621 1063 1669 gracia
1093 1629 1150 1658 est
1174 1620 1349 1669 quelibet
1373 1628 1576 1665 creatura;
1611 1618 1738 1654 multo

422 1681 649 1719 evidencius
683 1680 875 1731 quicquid
909 1681 1030 1716 homo
1064 1678 1201 1716 fecerit
1235 1678 1301 1727 qui
1336 1677 1483 1715 Christi
1517 1675 1739 1713 ministerio

421 1749 504 1777 tam
539 1739 766 1789 specialiter
799 1740 1026 1787 deputatur.

173 1808 229 1835 His
250 1807 366 1835 further
481 1801 559 1835 Isto
592 1798 727 1847 itaque
759 1796 959 1846 principio
993 1804 1034 1832 ut
1068 1796 1145 1832 fide
1177 1794 1386 1843 supposito
1420 1792 1601 1841 adiungit
1633 1793 1740 1840 Apo·
1757 1792 1796 1824 25

149 1842 384 1905 ‘ffssffiffidssntff
423 1857 566 1893 stolus:
600 1857 799 1902 ΛῙιιΙίενες,
834 1854 975 1904 inquit,
1008 1854 1157 1891 subdite
1190 1860 1306 1889 estote
1339 1852 1433 1889 viris
1463 1852 1560 1888 sicut
1591 1857 1742 1900 oportet

231 1912 310 1939 wife.
423 1915 458 1951 in
482 1915 662 1960 Domino,
698 1914 774 1949 viri
804 1914 955 1963 diligite
983 1924 1128 1949 uxores
1152 1918 1300 1948 vestras
1322 1918 1357 1947 et
1378 1910 1493 1946 nolite
1514 1909 1644 1945 amari
1663 1920 1744 1944 esse

423 1973 474 2008 ad
506 1973 604 2009 illas.
642 1973 795 2008 Debent
819 1980 951 2008 autem
978 1969 1165 2006 mulieres
1189 1982 1232 2006 ex
1256 1977 1399 2005 natura
1423 1976 1460 2005 et
1484 1980 1527 2004 ex
1550 1967 1742 2003 mandato

423 2030 635 2067 Trinitatis
659 2042 742 2066 esse
766 2029 924 2066 subdite
946 2028 1040 2065 viris
1064 2027 1162 2070 suis:
1187 2027 1225 2063 in
1249 2027 1360 2063 cuius
1378 2026 1534 2074 signum
1558 2024 1742 2061 ordinate

425 2098 515 2125 sunt
555 2101 638 2125 esse
678 2087 855 2125 essencia
900 2086 1127 2131 inferiores;
1173 2086 1278 2121 unde
1324 2082 1554 2133 philosophi
1597 2090 1741 2120 vocant
1759 2083 1800 2115 30

159 2143 332 2205 Ῑῃῖζξὲᾓζὲῖιζ
354 2142 389 2170 of
426 2160 491 2184 eas
528 2147 635 2183 viros
674 2146 713 2182 in
752 2145 1002 2182 naturalibus
1036 2143 1265 2181 defectivos.
1307 2142 1469 2179 Genesis
1509 2140 1635 2178 eciam
1670 2142 1740 2176 1110

334 2200 340 2205 ⁹
425 2205 568 2253 legitur
602 2205 807 2253 quomodo
841 2203 971 2252 prima
1004 2202 1151 2240 femina
1185 2214 1228 2238 cx
1262 2209 1372 2238 costa
1406 2199 1525 2249 primi
1554 2198 1627 2236 viri
1660 2210 1741 2235 non

427 2276 469 2300 ex
502 2264 602 2311 pede
635 2263 696 2299 vel
729 2261 859 2310 capite
893 2270 950 2298 est
984 2261 1169 2297 formata.
1216 2261 1263 2295 Et
1309 2260 1429 2295 ambo
1475 2258 1549 2294 ista
1596 2258 1741 2293 docent

426 2322 633 2369 quomodo
667 2322 842 2369 quadam
877 2319 1142 2356 inferioritate
1176 2319 1292 2354 debet
1338 2316 1481 2353 mulier
1527 2327 1612 2351 esse
1656 2314 1741 2351 viro

428 2378 782 2416 matrimonialiter
827 2378 1033 2426 copulata3
1080 2376 1171 2413 ideo
1216 2388 1304 2413 curn
1353 2375 1428 2411 hoc
1462 2373 1511 2410 sit
1543 2372 1798 2417 natura1e‚35

428 2436 523 2474 dicit
557 2437 774 2485 Apostolus
803 2434 807 2487 Ι
838 2435 1024 2472 mulieres
1070 2442 1258 2483 oportere
1302 2445 1385 2469 esse
1429 2430 1608 2468 subditas
1647 2429 1741 2467 viris
1758 2419 1841 2497 {gl-b

1809 2484 1820 2507 s

497 2567 516 2586 ι.
538 2558 606 2586 DE:
634 2566 776 2586 sermone
795 2558 926 2591 xxum
946 2557 986 2585 ib.
1004 2557 1027 2584 D
1043 2556 1073 2583 in
1089 2564 1201 2591 marg:
1224 2553 1399 2583 Secundum
1423 2553 1525 2588 iugum
1548 2557 1576 2580 ct
1596 2552 1741 2585 tercium:

427 2593 544 2622 Codd.:
575 2593 631 2621 tria
661 2593 740 2627 iuga.
771 2593 815 2620 De
836 2593 895 2621 Sex
917 2592 1017 2626 Jugis:
1049 2591 1207 2626 Quantum
1238 2590 1274 2616 ad
1302 2589 1363 2616 duo
1390 2588 1458 2623 iuga
1486 2587 1649 2622 sequencia
1675 2594 1741 2621 cap.

429 2629 571 2663 proximo
592 2628 766 2655 introducta
784 2649 789 2654 .
807 2649 812 2654 .
830 2647 859 2655 ..
969 2626 996 2653 6.
1020 2626 1086 2653 DE:
1109 2629 1253 2653 turturea.
1361 2630 1399 2653 12.
1423 2623 1459 2650 13.
1481 2623 1525 2649 A:
1548 2629 1741 2658 quocunque.

429 2672 469 2697 1-1·
492 2663 515 2690 E
537 2663 564 2690 in
588 2671 702 2697 marg:
725 2662 840 2689 fidelis
860 2661 964 2689 omnia
986 2661 1073 2688 debet
1094 2661 1192 2687 facere
1213 2659 1242 2686 iu
1264 2657 1388 2685 nomine
1410 2656 1545 2684 bomini.
1610 2664 1651 2687 10.
1674 2655 1741 2682 mi:

428 2697 524 2724 nostri
546 2698 640 2724 deest.
707 2696 750 2724 23.
773 2697 816 2723 A:
838 2704 930 2731 quam
953 2696 1056 2723 homo.
1131 2695 1172 2722 25.
1194 2694 1218 2721 D
1240 2693 1270 2721 in
1293 2700 1406 2726 marg:
1428 2691 1604 2719 Secundum
1625 2689 1742 2725 iugum.

428 2732 474 2760 26.
495 2733 540 2760 A:
562 2731 662 2768 inquit
681 2731 774 2758 deest.
855 2731 900 2758 28.
923 2730 990 2757 DE:
1013 2730 1049 2757 de
1071 2729 1226 2756 mandato.
1299 2735 1346 2764 29.
1368 2725 1392 2754 E
1412 2726 1440 2754 iu
1464 2734 1578 2766 marg:
1600 2723 1744 2753 Mulieres

428 2767 538 2794 debent
560 2766 648 2794 subdi
671 2766 756 2793 viris.
888 2764 934 2793 30.
956 2764 1024 2792 DE:
1046 2764 1076 2792 in
1098 2768 1216 2791 natura.
1349 2760 1396 2791 30.
1418 2760 1457 2788 31.
1481 2759 1548 2787 DE:
1572 2763 1659 2787 vocat
1680 2767 1742 2786 eos.

428 2801 470 2829 32.
493 2803 536 2829 A:
559 2801 712 2837 loquitur:
734 2799 803 2828 DE:
826 2799 935 2835 legitur
955 2799 1113 2835 quoniam.
1187 2796 1233 2825 36.
1255 2795 1324 2824 DE:
1347 2796 1511 2824 subiectas.

506 2884 530 2905 ι.
551 2873 698 2905 Lechler
717 2874 738 2905 1.
758 2883 784 2904 c.
803 2873 842 2911 11,
866 2871 942 2915 593.
1015 2881 1046 2914 9.
1075 2871 1176 2902 Rom.
1199 2869 1285 2911 VIII,
1315 2867 1367 2900 26.
1448 2877 1496 2900 12.
1517 2866 1594 2899 Col.
1616 2866 1671 2905 111,
1694 2875 1744 2906 17.

432 2919 485 2952 26.
512 2920 588 2951 Col.
618 2919 648 2959 3,
672 2918 722 2960 18,
745 2929 795 2963 ¹9·
