1986 3380
182 620 197 652 5

161 920 199 941 10

163 1199 199 1231 15

128 1398 201 1429 Fol.

122 1443 202 1475 230¹·

162 1501 204 1522 20

165 1781 203 1814 25

165 2073 206 2105 30

167 2366 206 2399 35

212 277 348 306 SERMO
371 265 480 323 wir]
687 278 894 310 SECUNDA
926 277 1049 309 PARS.

214 387 313 424 alios
348 387 446 422 duos
492 385 638 422 testes?
682 387 830 421 Revera
864 383 1045 420 Christus
1077 395 1284 431 nunquam
1318 383 1524 431 usurpavit

213 445 332 482 talem
381 444 614 480 fidelitatem
662 442 897 491 regulariter
945 450 981 478 et
1026 440 1157 477 subito
1191 440 1231 476 in
1265 453 1398 476 servos
1432 454 1524 477 suos

215 503 416 547 inducere,
467 515 557 538 cum
606 510 741 538 tamen
790 500 846 536 illi
889 499 1035 536 notarii
1091 507 1182 548 post
1234 498 1523 535 limitacionem

215 560 338 598 officii
371 569 461 597 sunt
501 559 770 596 communiter
809 559 897 607 plus
937 557 1077 595 ceteris
1117 556 1310 593 infideles.
1357 556 1396 592 Si
1431 569 1524 605 ergo

215 620 274 656 lex
308 617 478 655 Romani
513 617 658 654 cesaris
692 630 773 654 non
807 617 926 653 habet
959 624 1116 653 tantum
1151 616 1274 651 robur
1315 614 1355 651 in
1387 624 1524 651 nostra

216 675 436 725 provincia,
492 676 699 724 quomodo
755 675 979 723 prevaleret
1031 673 1072 710 in
1124 672 1240 710 nobis
1296 673 1355 709 lex
1412 672 1524 708 Anti-

215 734 354 772 christi
399 747 420 770 a
465 733 534 770 tali
582 745 717 769 cesare
762 732 965 768 derivata?
1021 734 1069 767 Et
1121 740 1231 780 patet
1284 732 1393 780 quod
1444 743 1525 767 non

214 792 395 842 sequitur
441 804 484 828 ex
528 791 604 827 isto
650 791 817 827 confusa
851 790 1063 838 generacio
1108 789 1245 826 licium
1285 790 1353 826 sed
1387 801 1524 825 earum

216 849 453 895 destrucciO,
489 862 578 886 cum
614 849 730 885 fidele
752 849 932 885 seculare
956 848 1163 884 brachium
1198 860 1280 884 non
1302 848 1527 884 attenderet

215 911 264 946 ad
298 908 541 945 tradiciones
564 908 625 944 vel
650 906 934 943 contenciones
959 907 1028 942 has
1052 906 1226 951 frivolas,
1256 907 1325 942 sed
1349 905 1528 942 discussa

214 967 381 1004 veritate
414 966 453 1002 in
486 965 565 1002 suis
590 965 778 1002 dominiis
802 973 987 1013 potenter
1011 965 1264 1001 excluderent
1296 962 1526 1000 falsitatem.

216 1028 264 1062 Et
297 1033 406 1073 patet
440 1025 547 1072 quod
581 1037 661 1059 non
695 1023 875 1072 sequitur
899 1022 1080 1059 confusio
1114 1021 1204 1058 talis
1237 1020 1527 1069 appellacionis

217 1085 283 1120 sed
319 1083 401 1119 eius
436 1082 681 1128 destrucci03
715 1095 809 1118 nam
842 1081 880 1116 in
904 1079 1074 1117 seculari
1099 1092 1219 1116 causa
1243 1092 1320 1128 que
1343 1081 1392 1116 ad
1417 1091 1528 1127 reges

216 1141 389 1190 pertinet
434 1153 514 1177 non
562 1141 664 1177 foret
709 1153 730 1177 a
774 1139 933 1187 regibus
979 1140 1028 1175 ad
1073 1137 1300 1175 clericalem
1354 1137 1526 1174 iudicem

218 1199 518 1248 appellandum,
554 1211 644 1235 cum
679 1207 800 1246 caput
835 1196 1000 1234 ecclesie
1034 1196 1141 1233 dicat
1176 1198 1280 1233 Luce
1312 1197 1418 1242 X110,
1457 1208 1527 1241 14:

223 1257 319 1302 Quis
351 1257 636 1294 nzessconstituz't
668 1257 830 1293 iudicem
863 1263 929 1291 aut
953 1255 1160 1292 divisorem
1184 1267 1302 1304 super
1323 1266 1403 1299 vos,
1436 1253 1526 1290 ideo

217 1324 371 1352 certum
406 1324 462 1352 est
496 1316 604 1364 quod
638 1314 762 1351 nimia
793 1313 1103 1350 monstruositas
1148 1325 1224 1361 que
1265 1312 1529 1360 conglobatur

217 1374 256 1410 in
290 1373 453 1422 prelatis
487 1372 648 1410 cesariis
680 1373 786 1410 venit
820 1385 862 1409 ex
895 1372 1048 1408 desidia
1080 1370 1234 1408 brachii
1268 1370 1472 1407 secularis.

276 1432 528 1469 Meritorium
558 1427 562 1484 Ι
592 1431 727 1480 itaque
770 1431 871 1467 foret
917 1439 953 1466 et
998 1431 1048 1466 ad
1092 1429 1318 1466 libertatem
1366 1428 1531 1465 ecclesie

220 1492 328 1539 quod
361 1491 460 1527 tales
494 1489 639 1526 ficticie
672 1489 812 1527 frivole
846 1489 1098 1533 tollerentur,
1130 1500 1195 1524 rex
1228 1496 1361 1524 autem
1391 1486 1531 1534 Anglie

220 1549 368 1585 faceret
399 1547 609 1585 veritatem
644 1547 826 1596 parcium
860 1545 1043 1593 indagari
1076 1555 1112 1582 et
1146 1547 1366 1582 secundum
1402 1545 1530 1592 legem

219 1606 290 1643 Dei
325 1615 362 1643 et
407 1605 616 1643 hominum
663 1614 819 1654 partem
868 1604 1126 1641 iniuriantem
1173 1617 1262 1641 cum
1309 1603 1389 1640 suis
1423 1615 1532 1639 com-

218 1664 390 1714 plicibus
424 1678 443 1701 a
478 1676 602 1712 regno
635 1677 708 1700 suo
742 1663 911 1707 excludi,
944 1671 1173 1711 protestans
1214 1663 1322 1711 quod
1354 1660 1532 1710 undique

220 1731 449 1772 acceptaret
481 1721 727 1759 sentenciam
761 1721 841 1758 sive
874 1721 1067 1758 iudicium
1093 1720 1366 1769 cuiuscunque
1389 1719 1532 1768 prelati

221 1781 362 1819 cesarii
409 1783 456 1818 de
502 1790 654 1830 quanto
699 1788 897 1817 consonat
941 1778 1017 1828 legi
1051 1778 1219 1819 Christi;
1266 1787 1302 1815 et
1341 1777 1533 1827 quicquid

221 1841 327 1876 ultra
365 1839 544 1876 sonuerit
581 1839 714 1888 ipsum
754 1839 953 1886 refugeret
992 1846 1035 1873 ut
1068 1849 1280 1874 venenum.
1323 1837 1400 1873 Sed
1435 1848 1533 1884 quo-

222 1899 344 1935 modo
388 1898 428 1934 in
472 1897 672 1946 scriptura
715 1897 902 1933 fundaret
946 1895 1034 1944 quis
1081 1894 1396 1932 consonanciam
1443 1906 1532 1931 cum

223 1955 366 1993 divinis
398 1955 554 2004 legibus
587 1955 818 1992 huiusmodi
851 1954 1100 1991 novitatum?

1560 1028 1678 1062 Appcnl
1700 1032 1730 1054 to
1751 1026 1800 1053 the

1579 1063 1659 1098 lx'iug
1681 1063 1781 1089 would

1632 1098 1729 1124 lesseu

1596 1132 1770 1160 confusion.

281 2016 465 2060 Quatuor
508 2022 643 2050 autem
688 2022 779 2050 sunt
812 2013 851 2048 in
886 2012 1029 2061 quibus
1073 2011 1218 2060 prelati
1258 2010 1399 2048 cesarii
1431 2010 1535 2047 blas·
1550 2016 1776 2049 Fourwronsgs
1794 2016 1829 2043 of

223 2073 374 2109 femant
398 2072 438 2109 in
452 2074 580 2109 Deum
605 2080 642 2108 et
665 2071 784 2108 nimis
807 2071 987 2108 seculare
1012 2070 1222 2107 brachium
1239 2068 1533 2106 scandalizant:

1576 2052 1633 2079 bad
1656 2052 1804 2086 prelates:

222 2130 355 2180 primo
400 2130 439 2166 in
485 2131 561 2167 hoc
605 2131 713 2179 quod
758 2137 976 2178 apportato
1009 2129 1199 2165 thesauro
1239 2127 1350 2175 regni
1385 2126 1674 2169 machi-1.They
1694 2133 1826 2168 frighten

221 2198 369 2225 nantur
414 2201 602 2226 censuras
647 2189 708 2225 vel
761 2187 1006 2225 tradiciones
1064 2185 1337 2222 fulminandas
1391 2184 1535 2234 quibus

223 2255 420 2284 exterrent
463 2246 621 2295 ydiotas
666 2245 868 2295 simplices
915 2257 1124 2294 quousque
1157 2245 1332 2281 habeant
1384 2244 1534 2280 bonum

223 2307 272 2342 de
305 2317 426 2354 regno
460 2304 594 2342 taliter
627 2306 886 2353 adoptatum3
921 2312 959 2341 et
988 2302 1098 2339 stulti
1126 2301 1311 2339 infatuati
1339 2301 1380 2338 in
1407 2300 1536 2338 verbis

224 2372 261 2400 et
293 2363 482 2412 operibus
515 2363 750 2400 Antichristi
781 2363 930 2400 nedum
963 2361 1106 2398 timent
1145 2361 1322 2409 prelatos
1354 2372 1461 2406 SUOS,
1494 2367 1537 2395 ut

224 2422 400 2470 angelos,
435 2423 505 2458 sed
537 2434 694 2458 scurras
728 2421 935 2458 literarum
959 2420 1020 2458 vel
1043 2420 1243 2456 bullarum
1268 2417 1534 2456 hereticarurn

223 2479 364 2517 talium
399 2480 611 2517 delatores.

296 2646 315 2664 ι,
336 2637 406 2665 DE:
427 2638 504 2664 alios
525 2638 619 2665 deest.
692 2645 717 2665 2.
738 2637 807 2665 DE:
829 2637 858 2665 in
880 2637 974 2665 deest.
1049 2637 1072 2665 5.
1093 2638 1138 2665 A:
1160 2645 1176 2663 a
1196 2636 1225 2664 vi
1246 2635 1371 2664 cesaris.
1445 2634 1472 2662 8.
1493 2635 1537 2662 A:

225 2673 293 2700 ista.
367 2680 406 2699 12.
427 2672 451 2699 E
471 2672 502 2700 in
523 2681 638 2707 marg.:
659 2673 687 2700 A
709 2672 831 2708 regibus
852 2673 889 2699 ad
911 2673 1026 2700 clerum
1047 2681 1107 2699 uon
1130 2676 1174 2699 est
1195 2671 1425 2707 appellandum.
1446 2670 1537 2697 Nota.

226 2715 272 2734 20.
294 2707 338 2734 A:
360 2708 549 2742 colerentur3
570 2707 612 2735 ib.
633 2707 657 2734 E
678 2708 707 2734 in
730 2715 844 2742 marg:
866 2707 957 2734 Nota.
977 2706 1068 2742 Regis
1089 2706 1256 2737 iudicium:
1286 2705 1326 2732 ib.
1348 2704 1416 2732 DE:
1438 2708 1538 2732 autem

226 2742 321 2770 decst.
395 2740 438 2769 23.
458 2742 502 2769 A:
524 2742 676 2778 undeque.
759 2750 803 2776 27.
825 2742 868 2769 A:
891 2741 1033 2769 fundaret
1052 2741 1213 2777 quamvis3
1242 2741 1283 2767 ib.
1305 2740 1374 2767 DE:
1397 2743 1539 2766 constan-

226 2777 316 2804 ciam.
435 2784 482 2809 20.
504 2777 528 2804 D
550 2776 580 2804 in
602 2785 715 2812 marg:
736 2776 817 2804 Nota
839 2777 923 2803 bene.
955 2776 1096 2812 Quatuor
1117 2777 1196 2803 mala
1217 2774 1412 2802 sacerdotum
1434 2778 1540 2801 contra

227 2812 323 2838 Deum
346 2815 373 2838 et
393 2809 552 2845 honiines;
572 2811 644 2839 Ain
662 2820 775 2845 marg:
796 2811 877 2838 Nota
899 2812 1055 2846 Quatuor3
1078 2811 1100 2838 E
1121 2811 1149 2838 in
1173 2818 1286 2845 marga
1308 2809 1451 2844 Quatuor
1471 2812 1541 2835 suut

226 2847 256 2873 in
278 2846 390 2885 quibus
412 2846 517 2881 prelati
538 2846 646 2874 cesarii
667 2846 881 2882 blasphemant
903 2846 932 2873 in
955 2846 1070 2879 Deum;
1090 2845 1146 2873 ΑΕ
1166 2845 1195 2872 in
1217 2852 1332 2896 marga
1355 2852 1376 2871 1.
1440 2842 1479 2871 31.
1494 2844 1538 2870 A:

227 2889 263 2907 ex
277 2881 352 2917 hoe;
372 2880 413 2908 lb.
428 2880 498 2908 DE:
519 2885 636 2916 optato,
691 2880 734 2908 32.
749 2882 794 2908 A:
816 2881 859 2908 vel
876 2881 1062 2908 tradiciones
1076 2881 1173 2907 twice.
1230 2878 1276 2913 34.
1292 2878 1360 2906 QE:
1382 2882 1540 2913 optatum:

228 2916 270 2942 ib.
290 2915 359 2942 DE:
380 2924 416 2942 ex
437 2916 547 2943 verbis.
621 2914 665 2951 37.
687 2916 730 2943 A:
751 2916 910 2943 zelatores.

1583 2168 1634 2207 the
1654 2170 1797 2207 ign-orant

1596 2208 1661 2230 into
1682 2211 1787 2238 giving

1627 2246 1750 2274 money.
