1986 3380
214 1028 238 1055 3.
262 1027 385 1055 Priests’

226 1064 325 1090 desire
345 1063 379 1089 of

215 1098 388 1125 dominium.

175 1491 277 1518 ‹lhrisi
301 1490 425 1517 slwwed

188 1531 295 1553 latioris
315 1531 345 1552 10
367 1526 413 1561 la)⁷

247 1561 354 1587 rulers.

745 334 966 366 JOHANNIS
986 335 1168 367 WYCMF
1186 336 1442 368 SERMONUM
1532 322 1683 380 [SERMO
1705 334 1755 361 lll-

450 441 679 476 induceret?
729 442 891 476 Certum
945 450 1001 477 est
1051 443 1156 489 quod
1209 441 1399 490 quicquid
1447 441 1758 479 ministraverint

451 499 627 543 ecclesie,
663 508 719 534 est
753 498 970 546 irregulare
1005 512 1151 536 nocens
1185 500 1261 536 illis
1294 510 1413 548 atque
1447 500 1626 545 ecclesie,
1668 513 1758 536 cum

450 570 471 594 a
503 557 661 593 Christo
694 558 754 593 vel
787 557 980 605 apostolis
1013 570 1092 594 non
1127 559 1272 594 habent
1306 559 1544 606 exemplum,
1579 567 1620 594 ut
1654 558 1760 606 ipsos

450 616 654 664 sequendo
683 615 815 651 taliter
845 625 1072 663 operentur.
1110 616 1230 663 Igitur
1258 628 1303 652 ve
1333 615 1478 652 talibus
1509 615 1663 652 clericis
1693 616 1760 665 qui

451 673 626 721 practice
656 673 882 710 didicerunt
912 673 1020 718 talia,
1053 686 1142 710 cum
1172 686 1252 710 non
1282 675 1428 710 habent
1459 674 1760 711 excusacionem

451 732 610 768 Christo
655 740 876 780 acceptam,
918 733 1012 767 dum
1053 732 1201 780 querit:
1242 732 1347 782 Quid
1383 733 1435 768 ad
1472 734 1536 769 te?
1581 733 1682 768 Cum
1722 732 1762 768 in

452 791 526 826 hoc
564 789 747 838 implicas
781 791 888 838 quod
927 789 1001 826 sim
1041 790 1097 825 tui
1136 789 1276 826 similis
1314 790 1562 827 scandalizas
1602 802 1676 826 me.
1716 792 1763 826 Et

452 858 559 896 patet
590 848 868 896 exemplariter
899 849 1104 896 quomodo
1139 847 1179 884 in
1211 847 1420 896 irregulari
1454 848 1763 885 conversacione

451 906 744 955 occupaciones
790 905 1027 942 clericorum
1080 915 1171 942 sunt
1216 908 1323 954 apud
1367 906 1540 943 iudicem
1587 906 1762 954 primum

452 964 742 1013 dampnabiles.

510 1025 557 1059 Et
595 1024 728 1071 quoad
770 1021 938 1058 tercium
979 1030 1088 1070 patet
1128 1023 1236 1070 quod
1275 1034 1394 1058 nemo
1440 1032 1495 1059 est
1541 1023 1628 1071 plus
1674 1035 1762 1071 pre-

451 1080 540 1117 latis
592 1080 736 1117 siciens
789 1081 968 1116 seculare
1021 1079 1259 1125 dominium,
1320 1092 1409 1116 cum
1464 1080 1641 1117 frustrati
1694 1093 1765 1129 per

452 1148 606 1186 patrem
651 1152 766 1175 suum
813 1151 834 1174 a
881 1137 1102 1174 ministerio
1155 1137 1358 1186 quietante
1411 1137 1764 1187 circumpalpitant

451 1198 658 1245 quomodo
691 1196 730 1233 in
764 1196 974 1244 peregrino
1014 1195 1147 1232 officio
1187 1196 1372 1243 placeant
1410 1196 1514 1244 patri
1554 1196 1765 1234 mendacii.

451 1258 531 1291 Nec
570 1256 701 1291 solum
741 1253 945 1290 iudicandi
985 1262 1075 1289 sunt
1115 1253 1212 1289 tales
1252 1253 1386 1290 clerici
1418 1254 1486 1289 sed
1520 1254 1673 1290 domini
1707 1266 1765 1290 se-

451 1314 604 1349 culares
646 1325 690 1349 ex
729 1324 925 1349 consensu
964 1310 1023 1347 sui
1063 1320 1174 1347 actus
1206 1310 1402 1359 nepharii.
1445 1311 1626 1348 Christus
1659 1311 1765 1348 enim

454 1373 512 1407 (ut
546 1371 696 1407 dictum
731 1368 807 1421 est)
843 1369 914 1405 fuit
943 1368 1194 1417 gratissimus
1223 1368 1344 1405 statui
1373 1369 1613 1406 secularium
1639 1369 1767 1406 dorni-

452 1442 609 1474 norum,
656 1428 788 1476 primo
834 1427 873 1463 in
920 1428 996 1464 hoc
1036 1429 1143 1476 quod
1184 1428 1282 1464 dans
1321 1427 1397 1463 illis
1436 1436 1678 1476 potestatem
1718 1429 1767 1464 ad

453 1486 729 1535 castigandum
763 1486 928 1522 effrenes
958 1485 998 1521 in
1027 1497 1098 1522 sua
1127 1485 1294 1522 ecclesia
1324 1485 1440 1533 elegit
1471 1485 1582 1522 nasci
1606 1485 1645 1522 in
1668 1494 1768 1522 tem-

452 1558 549 1593 pore
595 1544 710 1581 huius
749 1543 943 1581 altissime
988 1543 1210 1591 potestatis,
1251 1545 1427 1580 secundo
1466 1543 1506 1579 in
1545 1544 1621 1580 hoc
1659 1545 1767 1592 quod

453 1615 693 1640 conversans
733 1602 772 1638 in
811 1610 917 1638 terra
954 1614 1035 1638 non
1076 1601 1216 1638 habuit
1254 1602 1315 1638 vel
1354 1603 1519 1638 domurn
1559 1601 1766 1650 propriam

453 1661 680 1697 diminuens
713 1672 915 1697 cesaream
952 1668 1206 1708 potestatem,
1242 1668 1279 1696 et
1312 1659 1436 1696 tercio
1470 1659 1509 1695 in
1543 1660 1619 1696 hoc
1659 1661 1767 1708 quod

452 1720 600 1755 nedum
640 1717 900 1755 sentenciavit
941 1717 1117 1754 debitum
1159 1717 1246 1755 dari
1286 1717 1425 1763 cesari,
1458 1730 1597 1754 verum
1640 1717 1766 1754 eciam

454 1776 626 1813 reddidit
660 1776 733 1812 sibi
766 1776 961 1812 tributum
996 1789 1069 1824 pro
1102 1788 1142 1812 se
1175 1785 1212 1812 et
1244 1788 1315 1812 sua
1356 1775 1521 1812 familia.
1568 1777 1645 1812 Sed
1678 1784 1768 1824 post

453 1844 511 1871 tot
557 1834 821 1883 gratitudines
868 1833 1021 1871 domini
1061 1834 1260 1871 seculares
1299 1833 1418 1870 nimis
1457 1833 1612 1882 ingrate
1654 1835 1768 1870 deor-

455 1893 644 1929 dinarunt
678 1892 825 1929 Christi
859 1891 1005 1929 milites
1039 1891 1292 1929 ordinacioni
1326 1905 1394 1928 sue
1428 1891 1642 1937 contrarie,
1677 1904 1767 1928 cum

455 1950 519 1987 ubi
545 1950 726 1987 Christus
759 1950 959 1987 ordinavit
987 1949 1227 1998 primiceros
1260 1963 1353 1987 suos
1387 1951 1531 1986 debere
1564 1962 1647 1986 esse
1680 1950 1768 1998 plus

455 2021 650 2057 pauperes
667 2022 739 2056 pro
764 2008 1040 2057 complecione
1065 2021 1134 2045 sue
1158 2007 1306 2045 milicie
1329 2021 1410 2045 non
1434 2009 1582 2044 habere
1605 2007 1769 2045 divicias

455 2080 476 2103 a
515 2067 675 2115 sequela
716 2066 877 2103 Domini
916 2068 1179 2112 retardantes,
1225 2065 1290 2102 isti
1330 2079 1373 2103 ex
1415 2066 1571 2103 cautela
1610 2065 1769 2114 dyaboli

455 2133 623 2161 onerant
670 2124 776 2173 ipsos
821 2124 939 2161 nimis
985 2133 1238 2161 monstruose
1286 2137 1376 2161 cum
1424 2123 1563 2160 mundi
1602 2123 1768 2160 diviciis.

457 2184 549 2219 Ideo
579 2182 680 2218 sicut
709 2182 934 2219 necessario
965 2182 1099 2219 deficit
1127 2181 1347 2231 spiritualis
1378 2181 1541 2228 milicia,
1571 2180 1627 2218 sie
1650 2194 1769 2230 opor-

457 2250 510 2277 tet
557 2242 663 2288 quod
711 2240 933 2288 corporalis
979 2240 1128 2277 milicia
1173 2240 1346 2277 deficiat.
1402 2242 1491 2276 Non
1535 2238 1591 2276 sic
1635 2248 1768 2276 autem

458 2301 596 2335 beatus
620 2299 871 2345 Evangelista
903 2298 970 2347 qui
1003 2298 1095 2335 licet
1129 2298 1201 2335 fuit
1230 2310 1335 2347 papa
1364 2306 1400 2334 et
1429 2297 1642 2346 episcopus
1665 2309 1771 2334 exer—

459 2356 558 2393 citus
581 2355 727 2392 Christi
755 2356 981 2405 precipUUS,
1004 2365 1084 2393 tam
1113 2365 1256 2405 potens
1283 2355 1492 2392 dominare
1519 2355 1651 2403 quiete
1674 2354 1771 2403 fugit

1784 978 1821 1000 10

1785 1257 1821 1289 15

1786 1835 1825 1868 25

1787 2125 1828 2158 30

459 2413 783 2451 dominacionem
831 2414 1062 2451 huiusmodi
1103 2423 1145 2450 ut
1183 2427 1400 2459 venenum,
1438 2426 1532 2451 nam
1571 2413 1770 2450 silvestres
1787 2415 1827 2448 35

460 2473 618 2509 frondes
658 2472 824 2508 mutavit
864 2472 903 2508 in
936 2485 1077 2509 aurum
1113 2481 1150 2509 et
1182 2472 1333 2509 littoria
1366 2484 1458 2508 saxa
1486 2467 1491 2526 Ι
1520 2471 1560 2508 in
1591 2483 1770 2519 gemmas

458 2543 536 2567 non
574 2543 646 2578 pro
683 2543 754 2566 usu
785 2530 950 2579 proprio
979 2532 1047 2567 sed
1078 2531 1127 2567 ad
1159 2539 1310 2567 mentes
1340 2529 1506 2578 cupidas
1535 2528 1769 2566 saciandum

529 2697 557 2722 4-
575 2688 617 2715 A:
641 2692 812 2723 sequentes.
878 2688 904 2713 (5.
922 2688 963 2715 D:
985 2696 1001 2716 a
1017 2688 1151 2716 Christo,
1217 2696 1242 2723 7.
1259 2687 1327 2715 DE:
1350 2687 1523 2722 implicans.
1592 2686 1618 2712 8.
1636 2685 1673 2713 E:
1696 2694 1771 2722 quo-

461 2723 555 2750 modo
576 2723 676 2753 dee-sn
700 2723 739 2749 Ι);
762 2723 920 2757 quomodo
942 2723 970 2749 in
995 2731 1090 2757 marg.
1112 2723 1222 2750 added.
1307 2731 1335 2758 9.
1359 2722 1400 2749 1³:
1422 2721 1504 2757 quod
1528 2728 1768 2756 occupacioues;

462 2758 500 2784 ib.
525 2758 568 2784 A:
589 2757 769 2784 clericorum
791 2757 884 2784 deest.
952 2766 990 2784 ιο.
1009 2758 1031 2784 l)
1048 2758 1076 2785 in
1094 2766 1205 2792 marga
1227 2756 1252 2785 3.
1272 2757 1409 2784 mutacio.
1477 2764 1519 2789 ιι.
1535 2755 1602 2782 mi:
1625 2755 1654 2782 in
1676 2755 1769 2782 deest.

462 2800 501 2819 ιιι.
527 2792 548 2818 Ι)
571 2792 599 2819 in
623 2800 734 2825 marga
758 2791 901 2818 Christus
923 2792 1011 2819 sinnii
1034 2793 1161 2820 seculari
1183 2792 1390 2826 gratissimus.
1473 2799 1514 2829 ¹9·
1536 2791 1581 2817 A:
1603 2799 1656 2817 sua
1677 2790 1770 2817 deest.

461 2826 503 2853 23.
526 2827 564 2854 li:
587 2826 732 2853 tributum
755 2826 831 2853 dan-i.
923 2835 965 2861 27.
988 2828 1031 2854 A:
1061 2827 1243 2854 wonuncios
1264 2835 1353 2857 suos:
1384 2825 1423 2853 ib.
1446 2825 1469 2852 1)
1492 2833 1520 2851 ιιι
1543 2833 1656 2859 marga
1679 2825 1771 2852 Secu-

462 2862 539 2888 lares
560 2861 685 2888 (nn-isio
707 2861 876 2895 rependunt
899 2861 1041 2895 ingratitu
1069 2862 1160 2888 inem.
1234 2860 1278 2889 30.
1301 2862 1344 2888 A:
1366 2865 1504 2887 onerant.
1578 2858 1616 2886 31.
1638 2860 1682 2886 A:
1704 2867 1771 2894 spc-

461 2896 556 2923 cialis.
631 2894 672 2923 1⁴2.
691 2896 732 2922 A:
756 2896 884 2925 deficiat.
906 2896 1033 2923 deticint.
1107 2895 1148 2923 31⁴.
1166 2897 1193 2923 A
1215 2896 1243 2923 in
1266 2904 1380 2930 murga
1401 2895 1556 2922 johannes
1578 2893 1770 2931 1¹1vaiigelista

462 2930 515 2957 Ιιιῑι
539 2939 626 2965 papa.
729 2929 774 2963 34.
799 2930 864 2956 lii-2:
887 2938 1010 2957 causam
1035 2935 1159 2965 potens:
1191 2931 1230 2958 ib.
1254 2930 1319 2958 Μ’ἶῑ
1342 2929 1468 2963 aufugit.
1570 2927 1611 2957 35.
1633 2927 1679 2955 30.
1703 2928 1769 2955 mi:

464 2966 594 2992 silure-ns
616 2965 750 2992 frondes.

1788 2462 1861 2493 Fol.

1791 2506 1868 2539 186⁴*

1980 2478 1986 2540 i
