1986 3380
172 319 244 352 126

156 1540 183 1565 A
207 1539 328 1573 parallel
351 1540 429 1566 nom

183 1575 405 1600 mathematics.

748 327 970 359 JOHANNIS
988 327 1170 361 WYc1,1F
1190 330 1446 363 §ERMONUM
1497 317 1649 375 [SERMO
1671 331 1765 359 xvn.

453 446 590 468 eorum
633 433 808 480 capitulo
842 435 901 470 vel
940 434 1047 483 ipsos
1087 436 1218 484 laycos
1257 440 1306 475 ad
1346 439 1485 475 fratres
1527 453 1595 488 per
1634 441 1766 478 huius-

455 490 561 526 modi
595 491 797 527 sensibilia
828 501 1033 540 tamquam
1069 506 1138 542 per
1168 508 1354 543 sagenam
1381 498 1540 545 dyaboli
1574 499 1766 536 excitare}

452 548 515 583 sie
541 548 644 584 enim
671 549 799 585 forent
823 562 997 598 aucupes
1020 561 1157 589 satane
1181 563 1217 589 et
1239 554 1321 590 eius
1346 554 1564 602 piscatores
1588 557 1764 605 precipui

452 605 614 642 dimissa
644 606 871 654 piscacione
902 607 940 643 in
971 609 1070 645 mari
1106 611 1222 647 huius
1259 613 1378 648 seculi
1411 613 1482 649 reti
1514 614 1630 650 Petri.
1665 617 1764 651 Nam

452 663 556 699 iuxta
585 677 674 700 suas
705 664 988 712 imposiciones
1018 676 1053 703 et
1077 667 1326 716 signaciones
1351 671 1614 708 terminorum
1640 673 1799 720 bapti-5

450 721 630 758 saciones
669 724 887 758 secundum
929 733 1053 761 artem
1090 727 1248 773 dyaboli
1283 738 1444 775 possent
1479 729 1625 777 fingere
1658 732 1763 778 quod

450 779 550 815 sicut
582 780 692 816 nulla
726 781 830 817 bona
864 782 1067 829 possident
1090 785 1150 820 vel
1183 788 1406 833 temporale
1439 787 1676 833 dominium,
1710 788 1765 825 sic

450 838 603 873 nullum
640 839 862 886 temporale
897 851 1137 878 consumunt
1170 844 1230 878 vel
1264 853 1429 880 utuntur
1463 846 1511 881 ad
1549 858 1618 882 sua
1649 846 1764 882 mini-

449 895 581 935 steria,
626 897 692 932 sed
747 896 1011 934 mundialium
1063 900 1240 937 servacio
1292 911 1348 938 est
1393 902 1520 939 illusa.
1573 903 1612 939 Si
1658 904 1761 940 enim

450 962 610 1000 possent
649 953 865 1003 quicquam
905 957 983 992 tale
1017 969 1160 995 emere.
1202 972 1272 1006 per
1308 960 1410 996 idem
1447 970 1482 997 et
1516 962 1685 998 vendere
1718 975 1763 998 ac
1785 973 1823 995 10

451 1012 571 1046 modo
595 1024 673 1059 quo
703 1013 899 1049 seculares
929 1016 1233 1062 quomodolibet
1267 1028 1530 1064 commutare,
1564 1021 1630 1055 sed
1664 1019 1763 1057 sicut

449 1067 619 1105 illudunt
642 1071 805 1118 popuIO,
837 1072 1149 1118 dogmatisantes
1179 1076 1284 1122 quod
1310 1086 1603 1113 sacramentum
1629 1078 1764 1114 altaris

449 1128 555 1174 quod
590 1137 826 1164 consecrant
860 1142 938 1165 non
973 1130 1022 1165 sit
1055 1131 1207 1179 aliquid
1242 1135 1308 1168 sed
1342 1146 1478 1170 sensus
1512 1144 1547 1171 et
1571 1136 1764 1172 naturalis

449 1184 557 1220 racio
596 1194 686 1221 sunt
720 1187 888 1234 decepti,
923 1187 978 1223 sic
1013 1188 1176 1225 indubie
1210 1190 1381 1227 illudunt
1415 1192 1579 1229 ecclesie
1613 1193 1651 1229 in
1684 1194 1763 1229 suis

448 1243 825 1280 conversacionibus
866 1257 911 1280 ac
950 1245 1273 1284 institucionibus
1312 1249 1540 1297 sophisticis
1579 1263 1650 1287 nec
1683 1264 1762 1287 non
1787 1253 1820 1284 15

448 1300 484 1335 in
527 1300 606 1336 suis
646 1301 975 1349 fraternitatibus,
1015 1303 1053 1339 in
1088 1317 1251 1341 suorum
1286 1307 1565 1343 sanctitatibus
1599 1321 1644 1345 ac
1677 1309 1763 1345 aliis

447 1358 645 1406 suffragiis
678 1359 953 1407 spiritualibus
987 1374 1063 1409 que
1097 1363 1350 1409 promittunt.
1386 1367 1490 1401 Deus
1526 1366 1644 1413 igitur
1677 1367 1762 1403 illu-

449 1415 571 1452 minet
587 1417 795 1453 ecclesiam
813 1431 858 1454 ac
875 1418 1089 1466 simplices,
1113 1429 1153 1456 ut
1169 1421 1264 1469 ipsis
1278 1422 1485 1459 veritatem
1508 1425 1764 1461 noscentibus

447 1482 566 1522 atque
600 1475 799 1511 conversis
833 1477 882 1512 ad
913 1477 1039 1525 legem
1065 1478 1227 1515 Domini
1260 1481 1465 1517 destruant
1490 1483 1561 1518 hos
1595 1495 1761 1520 errores.

447 1533 546 1568 Cum
581 1541 714 1569 autem
749 1533 931 1571 Christus
963 1537 1182 1572 secundum
1218 1537 1467 1575 divinitatem
1508 1540 1556 1576 sit
1590 1541 1762 1578 circulus
1780 1554 1821 1575 20

447 1589 706 1637 intelligibilis
737 1592 849 1627 cuius
879 1602 1059 1629 centrum
1089 1590 1094 1647 Ι
1124 1604 1180 1630 est
1204 1595 1350 1644 ubique
1375 1606 1411 1633 et
1435 1597 1761 1636 circumferencia
1780 1590 1857 1652 ¹:0¹4

447 1660 642 1696 nusquam
675 1661 719 1685 ac
749 1652 969 1687 secundum
993 1652 1284 1689 humanitatem
1315 1654 1365 1690 sit
1388 1655 1535 1704 ubique
1560 1656 1599 1692 in
1630 1658 1762 1694 medio
1786 1638 1845 1679 ωδ

447 1718 516 1742 sue
567 1706 744 1754 ecclesie,
789 1717 898 1756 patet
943 1711 1049 1757 quod
1100 1713 1319 1747 secundum
1371 1714 1485 1749 valde
1539 1714 1763 1762 disparatas

447 1764 770 1802 semidiametros
821 1766 1015 1814 contingit
1060 1767 1189 1816 ipsum
1244 1770 1450 1818 attingere.
1502 1772 1613 1808 Sicut
1657 1773 1759 1809 enim

447 1834 468 1857 a
493 1834 733 1871 quocunque
766 1833 915 1872 puncto
949 1825 1086 1861 circuli
1120 1827 1315 1875 contingit
1339 1841 1464 1877 usque
1497 1831 1546 1866 ad
1580 1840 1758 1868 centrum
1779 1834 1818 1865 23

448 1879 592 1916 lineam
619 1890 767 1917 rectam
793 1884 1040 1930 protrahere,
1058 1883 1113 1920 sic
1136 1884 1176 1921 in
1195 1898 1435 1935 quocunque
1459 1896 1563 1924 statu
1580 1889 1760 1925 Christus

447 1937 625 1985 posuerit
640 1938 834 1976 viatorem
859 1941 1053 1989 contingit
1069 1942 1200 1990 ipsum
1225 1945 1274 1980 ad
1291 1944 1494 1981 Christum
1519 1955 1561 1982 ut
1577 1956 1757 1984 centrum

447 1995 596 2032 directe
626 2009 796 2034 currere.
832 2000 908 2034 Sed
931 2000 1194 2047 probabiliter
1223 2002 1398 2039 creditur
1420 2005 1528 2051 quod
1551 2003 1624 2041 iste
1655 2015 1760 2042 secte

444 2054 599 2090 novelle
627 2063 834 2104 tamquam
864 2056 903 2092 in
931 2057 1086 2105 angulis
1115 2058 1238 2106 figure
1267 2069 1372 2096 recte
1401 2061 1502 2098 linee
1532 2071 1622 2098 sunt
1653 2073 1759 2100 extra

446 2111 815 2150 circumferenciam
855 2115 1158 2162 salvandorum3
1192 2117 1337 2154 veritas
1377 2119 1481 2155 enim
1516 2133 1597 2157 non
1629 2121 1759 2170 querit
1777 2123 1817 2156 30

446 2169 517 2205 hos
541 2170 708 2217 angulos
732 2171 953 2209 obstinacie
977 2175 1044 2209 sed
1069 2174 1385 2212 declinacionem
1411 2190 1456 2214 ac
1480 2178 1755 2216 obedienciam

446 2227 619 2263 habilem
636 2231 769 2276 quoad
794 2239 987 2267 centrum.
1014 2232 1219 2269 Concedat
1242 2233 1362 2281 igitur
1377 2236 1482 2271 Deus
1507 2236 1759 2284 singulariter

446 2285 547 2321 hanc
586 2285 895 2324 circulacionem
942 2291 1159 2326 secundum
1195 2291 1343 2328 Christi
1382 2294 1560 2341 regulam
1600 2303 1637 2331 et
1675 2294 1759 2332 sine

445 2343 741 2381 retardantibus
780 2345 1070 2384 tradicionibus
1116 2357 1152 2384 et
1191 2349 1509 2398 obligacionibus
1548 2353 1754 2389 hominum

445 2400 517 2436 sibi
557 2401 834 2440 obedienciam
877 2403 1132 2452 singularem.
1173 2408 1248 2444 Iste
1286 2417 1418 2445 autem
1459 2418 1563 2446 secte
1602 2411 1757 2448 novelle
1773 2413 1813 2446 35

446 2467 698 2496 monstruose
720 2461 908 2498 affectant
931 2463 1033 2500 hanc
1062 2463 1371 2502 circulacionem
1405 2467 1568 2504 ecclesie
1591 2476 1628 2504 et
1651 2468 1758 2505 ordi-

445 2515 655 2553 nacionem
681 2519 829 2556 Christi
858 2520 897 2556 in
926 2520 1067 2558 ritibus
1091 2522 1256 2559 diversis
1280 2524 1482 2561 destruere
1511 2533 1548 2562 et
1575 2525 1758 2563 nituntur

445 2585 491 2610 ac
535 2573 703 2612 innuunt
744 2577 1018 2626 multipliciter
1056 2579 1360 2618 ordinacionem
1399 2582 1470 2619 Dei
1510 2582 1549 2619 in
1588 2584 1756 2621 statibus

512 2696 536 2724 5.
553 2697 597 2725 A:
620 2697 817 2732 signacionis.
869 2699 897 2726 6.
914 2699 983 2728 DE:
1005 2705 1152 2736 possunt;
1173 2701 1213 2729 ib.
1230 2702 1273 2730 A:
1297 2702 1439 2739 fringere.
1495 2711 1523 2740 9.
1538 2705 1583 2732 A:
1605 2705 1754 2734 sensacio.

446 2738 478 2758 11.
494 2732 538 2759 A:
555 2732 738 2760 sicutenim.
795 2741 835 2772 ¹4·
851 2734 896 2761 A:
918 2734 987 2762 ideo
1003 2740 1088 2768 sunu
1110 2736 1149 2763 ib.
1165 2737 1209 2764 A:
1226 2736 1361 2772 decepti:
1383 2738 1422 2765 ib.
1440 2738 1463 2765 E
1477 2738 1506 2765 in
1523 2747 1635 2775 marga
1652 2740 1755 2767 lllusio

444 2766 580 2793 ecclesie.
655 2766 692 2794 15.
712 2769 756 2795 A:
778 2776 842 2795 suis
862 2768 1050 2804 sophisticis.
1132 2779 1169 2806 ¹7·
1192 2771 1259 2798 lui:
1282 2780 1363 2806 ergO.
1438 2780 1483 2800 20.
1507 2773 1572 2801 nli:
1595 2775 1754 2806 deitatem:

445 2801 483 2827 ib.
500 2800 523 2828 E
537 2800 566 2829 in
582 2809 695 2836 marga
718 2801 861 2830 Christus
882 2803 1049 2831 secundum
1072 2805 1260 2833 divinitatem
1283 2811 1325 2833 est
1341 2806 1483 2835 circulus.
1546 2808 1588 2836 25.
1603 2809 1678 2837 AD:
1698 2809 1755 2838 cir-

444 2836 523 2862 culo.
551 2870 554 2871 ⁷
579 2843 623 2871 27.
638 2837 684 2864 A:
707 2837 819 2872 posuit.
876 2837 1007 2866 28.Α1’11
1024 2847 1136 2878 marg:
1156 2839 1271 2868 Contra
1286 2841 1410 2868 ordines
1426 2842 1563 2869 novellos
1578 2851 1632 2878 per
1645 2848 1753 2871 totum.

444 2869 490 2898 30.
512 2870 579 2898 DE:
603 2871 714 2898 veritas
735 2879 815 2899 vero.
889 2871 931 2900 32.
946 2873 991 2900 A:
1013 2873 1178 2908 hunnle1n3
1200 2875 1240 2902 ib.
1257 2875 1324 2903 DE:
1347 2884 1429 2911 ergo.
1502 2876 1546 2912 37.
1567 2879 1612 2906 A:
1634 2878 1753 2906 sitibus.

516 2952 567 2975 21.
594 2942 646 2975 Cf.
675 2943 724 2976 De
751 2944 915 2984 Ecclesia,
941 2954 1020 2987 pag.
1046 2955 1121 2986 100,
1145 2956 1218 2979 101.
