1986 3380
197 250 332 278 smnio
354 238 434 295 Lx]
666 253 879 286 sECUNDA
908 253 1034 285 PARS.

699 426 891 467 SERMO
926 427 1012 466 LX.

254 534 571 570 Recumbentibus
610 533 781 569 undecim
823 533 1020 582 discipulis
1057 532 1240 582 apparuit
1281 532 1357 568 illis
1388 533 1509 568 Jesus.

196 591 319 627 Marci
354 591 496 627 ultimo
533 592 669 636 (XV10,
702 595 780 636 14).

254 650 356 684 Ante
394 648 668 685 ascensionem
702 649 938 685 valefaciens
978 648 1058 684 suis
1091 647 1298 695 discipulis
1332 647 1439 694 ipsos
1474 647 1511 682 in

165 706 274 742 fifide
325 716 361 741 et
409 720 480 742 suo
534 706 667 742 officio
722 706 963 743 informavit.
1015 705 1212 754 Apparuit
1256 713 1390 741 autem
1436 704 1512 740 illis

196 764 521 800 recumbentibus
568 765 617 800 ad
665 766 886 800 notandum
933 765 1041 812 quod
1088 764 1127 800 in
1173 775 1293 812 opere
1342 762 1512 799 maxime

195 821 347 858 carnali
398 823 542 858 debent
587 823 634 858 de
686 822 772 870 ipso
818 824 994 859 recolere
1045 832 1081 858 et
1126 822 1214 869 plus
1258 822 1307 857 ad
1351 829 1510 868 pastum

195 879 357 927 spiritus
387 879 446 915 sui
471 892 590 927 quam
622 881 669 916 ad
700 888 858 928 pastum
885 881 1136 929 corporalem
1161 880 1388 919 attendere:
1422 878 1512 914 ideo

196 937 378 973 Christus
404 937 586 984 (Matthei
612 939 695 983 IV0‚
720 940 760 985 4)
793 938 832 974 in
856 938 986 986 prima
1010 937 1282 986 temptacione
1306 936 1512 984 respondit

142 1012 180 1032 10
196 996 376 1032 diabolo:
411 1008 483 1031 non
516 996 552 1031 in
585 996 666 1031 solo
694 1008 796 1044 pane
830 996 919 1032 vivit
952 997 1064 1032 homo
1097 997 1165 1032 sed
1196 996 1231 1031 in
1264 995 1367 1031 omni
1398 995 1512 1030 verbo

195 1055 296 1102 quod
308 1053 487 1103 procedit
509 1054 554 1089 ab
580 1066 646 1089 ore
662 1054 746 1089 Dei.
772 1055 914 1090 Pastus
939 1054 1043 1091 enim
1069 1053 1290 1102 corporalis
1313 1053 1512 1088 humanus

193 1124 274 1147 non
321 1120 378 1147 est
428 1111 534 1147 utilis
580 1111 654 1147 nisi
701 1113 748 1147 de
788 1122 938 1159 quanto
979 1112 1218 1160 disposuerit
1259 1112 1308 1147 ad
1353 1119 1509 1159 pastum

194 1169 340 1215 anime,
386 1169 476 1205 ideo
516 1169 698 1206 Christus
743 1179 902 1217 pastum
951 1170 1181 1206 huiusmodi
1229 1170 1510 1217 postponebat.

194 1230 283 1263 Non
318 1227 423 1264 enim
458 1228 545 1275 lego
579 1228 687 1276 quod
721 1227 829 1275 pavit
861 1229 1055 1276 populum
1090 1236 1205 1276 pastu
1239 1226 1404 1275 proprio
1437 1226 1512 1262 nisi

141 1291 175 1323 15
194 1285 252 1321 bis
299 1294 335 1322 et
380 1285 419 1320 in
464 1294 635 1333 utroque
679 1285 771 1322 licet
816 1286 1054 1323 miraculose
1096 1285 1190 1322 satis
1230 1284 1511 1322 communiter.

194 1345 294 1380 Nam
336 1345 538 1391 pascendo
571 1343 747 1392 quinque
787 1343 911 1380 millia
944 1343 1222 1381 famelicorum
1257 1345 1304 1379 de
1337 1343 1513 1391 quinque

167 1401 364 1449 Jpanibus
402 1402 609 1438 ordeaceis
652 1410 688 1437 et
728 1401 865 1449 paucis
895 1398 898 1455 Ι
928 1401 1130 1450 pisciculis
1167 1414 1249 1438 non
1282 1401 1370 1449 lego
1404 1401 1512 1449 quod

194 1459 376 1507 pluribus
408 1460 568 1496 ferculis
606 1459 695 1495 illos
735 1459 842 1507 pavit
875 1472 947 1496 nec
980 1459 1113 1508 posuit
1147 1471 1214 1496 eos
1247 1460 1297 1495 ad
1331 1471 1510 1495 mensam

193 1518 254 1553 vel
286 1518 465 1554 tabulam
499 1519 567 1554 sed
600 1517 692 1554 fecit
732 1529 797 1553 eos
837 1518 1088 1554 discumbere
1127 1529 1246 1566 super
1284 1526 1429 1561 terras;
1465 1518 1512 1553 de

136 1591 177 1613 20
194 1576 341 1623 poculo
375 1584 509 1612 autem
542 1588 623 1612 non
656 1575 743 1623 lego
776 1575 852 1612 nisi
886 1577 933 1612 de
966 1574 1166 1624 probabili
1199 1575 1301 1611 foret
1333 1587 1450 1623 aqua,
1476 1583 1512 1610 et

192 1633 248 1669 sic
267 1635 315 1670 de
345 1632 432 1669 aliis
456 1633 776 1670 circumstanciis
800 1635 848 1670 ad
866 1646 963 1682 quas
986 1647 1007 1670 a
1032 1632 1246 1669 mundanis
1270 1633 1310 1669 in
1333 1632 1512 1681 prandiis

192 1691 311 1728 lautis
359 1691 590 1727 attenditur.
651 1693 698 1727 Et
742 1690 847 1727 idem
897 1700 954 1728 est
1005 1691 1197 1728 iudicium
1243 1692 1291 1727 de
1336 1692 1512 1727 secundo

193 1749 374 1786 convivio
415 1749 658 1786 miraculoso
692 1749 839 1786 Christi
879 1762 957 1798 quo
999 1762 1041 1786 ex
1080 1758 1232 1797 septem
1271 1748 1442 1797 panibus
1476 1757 1512 1785 et

193 1809 348 1844 duobus
390 1807 565 1855 piscibus
598 1807 897 1844 remanentibus
931 1808 970 1844 in
1003 1816 1174 1856 utroque
1208 1806 1389 1843 convivio
1422 1815 1512 1855 post

137 1871 176 1904 25
194 1866 440 1914 completum
496 1865 734 1902 miraculum
791 1865 925 1902 multis
970 1865 1148 1914 reliquiis
1192 1865 1509 1913 fragmentorum

192 1925 255 1968 (de
285 1923 429 1972 quibus
452 1923 576 1960 Marci
600 1925 672 1960 V10
697 1932 734 1960 et
755 1925 893 1971 V1110).
938 1924 1039 1960 Cum
1064 1923 1168 1960 enim
1195 1924 1273 1959 tale
1296 1923 1511 1971 prandium

193 1981 467 2018 introductum
499 1990 556 2018 est
584 1981 624 2018 in
654 1994 799 2030 penam
831 1981 985 2030 peccati
1015 1990 1106 2030 post
1129 1982 1285 2030 lapsum
1318 1990 1354 2017 et
1384 1981 1512 2017 multa

193 2040 395 2088 superflua
413 2039 614 2087 gentilitas
632 2040 858 2085 adinventa,
875 2039 1157 2076 inconveniens
1174 2040 1275 2076 foret
1290 2041 1509 2076 secundum

193 2106 393 2134 servatum
439 2106 587 2134 statum
634 2097 869 2135 innocencie
913 2098 963 2134 ad
1009 2097 1084 2134 ista
1130 2096 1248 2133 nimis
1289 2098 1509 2134 attendere.

136 2159 179 2192 30
194 2157 295 2192 Nam
329 2156 369 2192 in
401 2164 506 2192 statu
539 2155 774 2193 innocencie
806 2168 887 2192 non
916 2155 1053 2192 fuisset
1075 2154 1289 2204 prandium
1323 2164 1508 2203 paratum

193 2215 370 2250 humano
422 2213 607 2259 artificio,
658 2215 726 2250 sed
778 2214 906 2250 solum
960 2214 1068 2262 quod
1121 2222 1265 2249 natura
1315 2214 1363 2250 de
1407 2222 1511 2250 terre

192 2272 387 2309 fructibus
417 2273 492 2308 hoc
520 2271 762 2321 preparavit.
803 2274 884 2308 Nec
915 2271 1081 2308 dubium
1106 2270 1201 2320 quin
1229 2270 1293 2307 isti
1322 2271 1507 2308 undecim

193 2330 366 2378 apostoli
395 2331 557 2367 absente
581 2330 766 2366 Scarioth
796 2329 874 2366 iam
905 2342 1099 2378 suspenso
1121 2329 1217 2366 satis
1241 2329 1511 2366 communiter

193 2397 230 2425 et
260 2388 436 2425 honestis
460 2387 778 2424 circumstanciis
803 2388 1082 2434 comedebant,
1117 2389 1185 2424 sed
1219 2387 1321 2423 sicut
1356 2396 1509 2423 certum

136 2449 176 2483 35
193 2455 251 2483 est
284 2447 393 2495 quod
425 2447 677 2495 prandebant
710 2447 929 2482 secundum
963 2458 1079 2482 usum
1121 2445 1216 2482 satis
1249 2445 1509 2491 laudabilem,

192 2504 248 2541 sic
292 2505 381 2553 plus
427 2512 580 2541 certum
628 2512 685 2540 est
729 2505 837 2552 quod
877 2511 1044 2552 propter
1086 2516 1249 2540 causam
1287 2503 1509 2540 notabilem

192 2562 269 2599 illis
297 2561 622 2599 recumbentibus
646 2560 826 2598 Christus
855 2561 1055 2610 apparuit.
1092 2563 1205 2599 Unde
1232 2561 1357 2598 tercia
1386 2574 1506 2598 causa

104 1383 165 1415 Fol

100 1430 161 1462 232

264 2693 283 2712 1.
305 2684 363 2712 Hic
383 2692 485 2712 sermo
506 2684 536 2711 in
556 2684 646 2712 codd.
662 2684 687 2711 D
703 2689 731 2711 et
746 2684 769 2712 E
790 2684 891 2718 deest;
913 2685 979 2712 loco
1000 2684 1087 2712 cuius
1109 2692 1268 2711 sermones
1287 2684 1374 2711 Dixit
1385 2683 1509 2711 Martha

193 2719 235 2746 acl
251 2719 355 2747 Jesum
375 2723 405 2746 et
420 2718 516 2746 Omne
535 2719 619 2755 quod
637 2719 692 2747 dat
709 2719 786 2746 mihi
800 2722 894 2755 pater
921 2719 1012 2758 (quos
1034 2719 1111 2747 Cod.
1135 2719 1260 2747 Cambr.
1284 2723 1368 2753 parte
1389 2718 1431 2745 lV
1453 2719 1509 2746 sub

194 2762 312 2781 numm.
334 2761 349 2781 2
370 2758 398 2781 et
417 2763 440 2782 ιι
462 2754 563 2789 habet)
584 2753 632 2781 hic
652 2753 805 2788 invenie53
835 2754 875 2781 ib.
896 2754 926 2781 A
945 2762 975 2781 1n
997 2762 1110 2789 marg:
1133 2754 1242 2781 Sermo
1263 2753 1325 2782 LX.
1416 2762 1442 2788 7.
1464 2754 1508 2780 A:

195 2794 299 2824 patum
322 2788 351 2816 in
373 2789 440 2816 cod.
515 2797 564 2824 29.
586 2788 681 2816 Cod.:
704 2793 866 2816 sel'vatem.

270 2884 294 2904 ι.
329 2872 380 2903 Cf.
409 2872 568 2914 XVyclis's
602 2872 780 2911 Sermom,
815 2874 867 2904 ed.
901 2873 945 2916 by
974 2873 1119 2912 Arnold,
1157 2873 1180 2912 Ι,
1205 2882 1284 2914 pag.
1314 2871 1508 2904 ’.ζῶα-362.

1718 248 1795 291 445

1545 656 1690 690 Spiritum!
1714 657 1785 683 fond

1596 694 1623 717 ol
1648 699 1732 718 more

1569 725 1760 760 importuna*

1562 760 1632 786 than
1657 761 1771 796 bodilx‘.

1596 2161 1737 2196 Cooking

1526 2197 1682 2224 unknown
1701 2197 1730 2224 iu
1751 2197 1800 2224 llic

1604 2237 1679 2259 state
1700 2232 1735 2258 of

1575 2266 1753 2294 innocence.
