1986 3380
174 514 306 542 Clirist's
329 513 431 540 nord>

177 550 300 577 suthllcd
324 549 351 575 in
374 549 423 576 the

195 585 410 618 Tritum-:ura-

267 621 340 647 tion.

234 1503 369 1530 lmubts:

196 1539 346 1566 wne-itm
367 1539 403 1565 all

166 1582 233 1600 nien
257 1582 306 1600 are
329 1573 431 1600 bound

165 1613 195 1635 10
216 1609 282 1635 take
305 1616 343 1643 up
363 1608 440 1635 their

252 1651 348 1670 cross.

457 280 591 309 StiRMO
609 271 747 328 xxxv]
918 285 1068 317 sECUN
1078 285 1135 316 DA
1165 285 1291 317 PARS.

514 393 561 427 Et
610 400 652 427 ut
711 390 784 427 ista
830 390 977 427 Christi
1036 391 1241 427 sentencia
1292 391 1380 438 plus
1427 393 1626 438 credatur,
1674 393 1768 430 dicit

457 448 636 486 Christus
669 461 736 484 sue
771 447 935 485 ecclesie
970 448 1008 485 in
1042 449 1121 485 suis
1154 449 1347 496 apostolis
1377 451 1484 497 quod
1518 459 1596 487 tres
1629 464 1767 488 eorum

455 506 494 542 in
511 507 654 555 quibus
680 516 735 543 est
752 505 952 542 sufficiens
971 506 1247 543 testimonium
1271 519 1343 542 non
1366 509 1576 558 gustabunt
1592 517 1768 556 mortem,

456 566 531 601 hoc
571 575 639 603 est.
681 578 759 601 non
800 564 1066 611 corporaliter
1100 564 1334 610 morientur,
1375 572 1576 614 antequam
1617 567 1770 604 videant

443 623 574 673 filium
599 623 761 659 hominis
786 623 991 659 venientem
1027 622 1150 659 eciam
1187 622 1225 659 in
1259 623 1460 670 corporali
1491 624 1623 674 gloria
1657 626 1801 676 regnif)

455 681 525 725 sui,
560 683 665 729 quod
700 680 948 717 verificatum
989 690 1046 717 est
1087 681 1134 716 de
1168 682 1298 726 Petro,
1331 682 1482 718 Jacobo
1521 691 1558 718 et
1589 683 1769 720 Johanne

455 738 493 775 in
540 739 686 776 Christi
739 739 1098 786 transfiguraeione
1136 739 1292 782 (Matth.
1326 740 1478 785 XV110).
1524 742 1579 776 Ex
1625 741 1768 789 quibus

455 807 545 845 post
584 806 716 833 tantas
755 809 865 834 arras
911 796 1168 845 probaeionis
1208 796 1338 832 future
1377 797 1637 835 beatitudinis
1679 799 1768 848 capi

457 856 572 891 debet
611 854 811 891 sufficiens
851 855 1127 892 testimonium
1169 856 1218 891 ad
1260 854 1434 891 futuram
1477 856 1766 893 beatitudinem

455 913 740 961 longanimiter
780 915 1083 961 expectandum.
1125 915 1205 948 Nec
1245 912 1409 949 dubium
1451 913 1547 962 quin
1586 915 1826 952 Christusio

456 984 498 1007 ex
547 971 620 1007 ista
666 971 1025 1019 transfiguracione
1065 970 1204 1007 habuit
1249 983 1338 1006 cum
1386 971 1546 1008 dotibus
1587 972 1767 1021 corporis

455 1029 587 1066 anime
627 1030 752 1075 dotes,
793 1038 830 1065 et
870 1042 959 1066 curn
1003 1029 1132 1078 angeli
1166 1028 1239 1064 sibi
1273 1028 1503 1066 assisterent
1535 1031 1697 1079 copiose
1731 1040 1767 1067 et

456 1087 628 1135 Spiritus
658 1089 828 1124 Sanctus
859 1097 895 1124 et
928 1100 997 1136 per
1031 1099 1278 1135 consequens
1300 1088 1404 1123 Tota
1427 1087 1602 1125 Trinitas
1635 1089 1765 1137 ipsum

456 1144 564 1181 duxit
602 1146 652 1181 ad
692 1146 794 1182 hanc
833 1145 1133 1194 apparenciam,
1169 1153 1279 1193 patet
1313 1147 1420 1193 quod
1459 1145 1500 1182 in
1533 1147 1607 1183 ista
1639 1156 1767 1184 trans-

456 1203 700 1251 figuracione
733 1203 839 1240 venit
879 1203 918 1239 in
959 1216 1080 1252 regno
1119 1202 1297 1251 proprio.
1345 1204 1512 1252 Semper
1551 1204 1657 1241 enirn
1695 1205 1823 1241 fuit15

455 1270 546 1298 ante
592 1271 763 1298 mortem
809 1275 921 1298 suam
968 1271 1004 1298 et
1049 1271 1138 1310 post
1177 1261 1217 1297 in
1262 1273 1397 1309 regno,
1439 1263 1507 1298 sed
1550 1271 1685 1300 tamen
1728 1263 1768 1299 in

455 1319 700 1368 apparencia
738 1320 899 1357 docium
940 1319 980 1356 in
1018 1319 1092 1356 ista
1131 1319 1489 1367 transfiguracione
1520 1320 1593 1357 fuit
1625 1321 1664 1357 in
1697 1334 1768 1358 sua

455 1377 582 1425 gloria
615 1379 737 1415 modo
768 1391 887 1424 novo,
921 1391 996 1427 que
1028 1377 1182 1415 novitas
1216 1378 1473 1415 renovabitur
1495 1387 1531 1415 et
1554 1379 1767 1416 confirma-

456 1436 563 1473 bitur
594 1436 635 1473 in
668 1436 731 1473 die
763 1436 914 1473 iudicii.

514 1494 631 1532 Circa
655 1495 731 1531 hoc
755 1494 1003 1543 evangelium
1029 1493 1234 1530 dubitatur
1258 1503 1392 1530 utrum
1417 1494 1585 1543 quilibet
1608 1504 1765 1532 tenetur
1783 1510 1824 1532 20

456 1565 614 1589 erucem
661 1566 774 1589 suam
820 1554 961 1589 tollere
1008 1561 1045 1588 et
1084 1552 1281 1600 penaliter
1319 1552 1431 1601 sequi
1470 1552 1687 1600 Christum,
1727 1563 1764 1591 et

454 1611 611 1648 videtur
643 1613 751 1660 quod
790 1624 884 1658 non,
919 1610 1012 1659 quia
1044 1610 1185 1647 fratres
1220 1618 1256 1646 et
1289 1610 1356 1646 alii
1390 1611 1566 1659 religiosi
1599 1624 1679 1648 nou
1711 1611 1767 1649 sic

454 1670 600 1706 tollunt
645 1678 682 1706 et
725 1678 861 1706 tamen
904 1677 1125 1718 sequuntur
1165 1667 1369 1705 Christum
1416 1669 1683 1718 propinquius
1731 1679 1768 1707 et

443 1727 683 1764 moriuntur
726 1726 989 1773 laudabilius3
1031 1739 1124 1775 ergo
1164 1725 1329 1763 dubium
1369 1726 1526 1764 falsum.
1581 1727 1621 1764 Si
1660 1728 1766 1765 enirn

456 1787 598 1822 modus
642 1798 735 1822 suus
778 1785 935 1823 vivendi
980 1785 1029 1822 sit
1073 1797 1167 1821 crux
1211 1796 1350 1821 eorum
1402 1785 1626 1832 laudabilis,
1672 1795 1767 1823 tunc
1783 1789 1822 1822 25

455 1843 636 1881 Christus
675 1843 806 1892 ipsum
846 1844 962 1892 plene
1001 1852 1037 1879 et
1077 1842 1208 1879 debite
1248 1844 1510 1892 exemplasset
1552 1853 1589 1880 et
1621 1844 1766 1893 aliquis

455 1903 660 1950 apostolus
702 1903 763 1939 vel
808 1901 955 1938 Christi
1000 1901 1219 1949 discipulus
1271 1903 1437 1938 modum
1481 1901 1639 1939 vivendi
1683 1911 1764 1939 tam

455 1960 701 1997 autenticum
741 1972 784 1996 ex
821 1959 976 2008 integro
1013 1966 1278 2007 acceptasset3
1319 1972 1567 2008 consequens
1605 1960 1764 2007 falsum,

456 2030 546 2055 curn
588 2031 681 2055 crux
728 2018 803 2055 ista
846 2031 927 2055 non
972 2027 1051 2055 tam
1101 2016 1168 2053 diu
1207 2016 1355 2054 Christi
1401 2017 1572 2055 maiores
1612 2018 1765 2067 pugiles

454 2076 634 2113 latuisset
656 2088 729 2113 nee
747 2077 887 2113 fratres
910 2085 977 2113 aut
993 2074 1167 2124 religiosi
1191 2075 1258 2112 alii
1280 2088 1402 2112 unum
1422 2075 1764 2124 religiosiarcham
1781 2080 1824 2115 30

454 2143 537 2172 tam
570 2134 803 2182 ambiguum
837 2142 1123 2182 acceptassent.

514 2195 624 2239 Item,
665 2205 756 2229 curn
802 2192 842 2229 in
884 2192 962 2229 illis
1002 2191 1263 2240 religionibus
1301 2191 1379 2228 sint
1417 2193 1563 2240 gradus
1602 2191 1765 2241 plurimi

455 2251 694 2297 bonitatum,
717 2250 874 2287 videtur
902 2252 1008 2300 quod
1040 2249 1207 2287 existens
1236 2250 1276 2286 in
1304 2249 1483 2286 inferiori
1511 2262 1628 2287 cruce
1651 2252 1767 2287 debet

455 2309 582 2357 ipsam
634 2309 860 2358 relinquere
911 2318 948 2346 et
999 2321 1158 2345 crucem
1212 2307 1460 2356 superiorem
1505 2316 1661 2345 tantum
1706 2309 1767 2346 vel

456 2367 581 2415 magis
629 2367 787 2404 facilem
839 2376 1069 2415 acceptare3
1121 2366 1176 2403 sic
1227 2366 1331 2403 enim
1384 2365 1480 2403 dicit
1528 2367 1822 2415 Jeronymus35

456 2425 659 2462 Christum
704 2437 868 2463 vocasse
913 2425 1209 2473 Evangelistam
1248 2433 1337 2473 post
1375 2423 1542 2473 nupcias
1581 2426 1631 2461 ad
1670 2437 1766 2473 apo-

455 2484 660 2530 stolatum,
702 2483 796 2532 quia
843 2484 1091 2520 consuetudo
1137 2482 1270 2520 divina
1310 2481 1522 2520 laudabilis
1561 2491 1618 2519 est
1658 2484 1766 2532 quod

525 2638 549 2657 2.
566 2630 608 2656 A:
632 2638 683 2656 sue
704 2628 797 2656 deest.
872 2628 898 2655 S.
915 2629 958 2656 A:
982 2628 1179 2663 probacionis
1200 2627 1304 2658 twice:
1326 2627 1366 2655 ib.
1382 2627 1454 2655 Ain
1472 2636 1584 2664 marg:
1606 2628 1650 2656 De
1670 2633 1766 2656 traus-

455 2664 650 2699 tigni-acione.
725 2672 764 2691 10.
787 2663 855 2690 lili:
877 2663 1128 2697 longanimitatis.
1203 2670 1239 2690 12.
1262 2662 1330 2690 DE:
1352 2662 1520 2690 astiterant.
1586 2672 1626 2696 ιι,
1645 2663 1679 2691 15.
1697 2663 1764 2690 lili:

455 2699 511 2726 ista
527 2698 733 2734 apparicionc.
791 2699 830 2725 ιδ.
848 2698 889 2725 li:
913 2698 1110 2732 relevabitur3
1130 2697 1170 2725 li:
1193 2698 1383 2725 revelabitur.
1440 2704 1485 2724 20.
1506 2698 1591 2725 Atili
1605 2698 1633 2725 in
1652 2706 1765 2733 marga

456 2734 608 2763 Dubium:
630 2741 650 2760 1.
730 2741 774 2767 27.
796 2733 836 2760 12:
857 2732 978 2760 vivendi
999 2737 1110 2760 tamen.
1193 2731 1235 2759 32.
1256 2732 1311 2760 ΑΕ
1332 2732 1360 2759 iu
1383 2740 1496 2767 marg:
1518 2740 1542 2759 2.
1625 2731 1665 2760 35.
1688 2733 1716 2760 Λ
1736 2732 1764 2760 in

457 2777 568 2803 marg:
599 2768 714 2795 Contra
742 2767 904 2802 religiones
931 2767 1066 2801 prixatas
1092 2775 1146 2802 per
1172 2771 1288 2799 totuinz
1318 2767 1358 2794 ib.
1379 2767 1424 2794 A?
1454 2767 1550 2795 credit
1569 2767 1764 2803 Jeronymus,

455 2803 492 2830 ct'.
516 2803 588 2830 l'ars
608 2803 630 2838 l,
652 2811 719 2838 pag.
742 2801 785 2837 73.
859 2801 901 2829 32.
923 2804 966 2830 A:
990 2802 1125 2829 dominis
1145 2801 1308 2829 laudabilis
1329 2805 1383 2828 est.

528 2909 569 2943 30
607 2910 658 2942 Cf.
684 2910 791 2942 Serm.
820 2909 905 2941 Pars
931 2909 954 2948 1,
984 2910 1095 2941 Serm.
1124 2909 1180 2946 ΧΙ,
1209 2918 1286 2951 pag.
1315 2908 1369 2952 73.
