1986 3380
189 299 266 334 310

276 419 430 445 securioris

217 420 271 446 l‘cr

218 454 365 481 ordume-d
389 454 425 479 bx·

189 489 275 516 uod:
297 488 355 515 aud
380 484 459 523 why.

197 1811 301 1838 Doubt
322 1810 460 1837 whether

208 1846 230 1872 it
250 1845 276 1873 is
297 1846 401 1873 lawsul
422 1850 453 1872 10

207 1880 297 1908 resist
318 1881 459 1916 prelatus.

195 1915 332 1944 Roas-ons
347 1915 466 1950 against

250 1959 284 1977 so
305 1950 410 1985 doing.

770 306 994 338 JOHANNIS
1014 305 1196 337 WYcLir
1216 305 1472 338 semiorum
1517 288 1669 350 [SERMO
1685 303 1789 331 xLul.

537 413 613 448 Sed
651 420 738 448 ante
777 414 844 448 hec
883 413 1022 453 onmia,
1063 411 1155 459 quia
1196 412 1430 460 priusquam
1467 412 1625 449 malicia
1658 422 1792 449 nostre

478 470 707 507 habitabilis
744 479 980 509 maturetur,
1023 469 1175 505 inimici
1211 470 1358 506 Christi
1394 470 1519 517 magis
1552 470 1689 507 fervidi
1724 473 1791 507 sed

479 528 609 564 minus
644 528 762 564 calidi
792 529 942 564 inicient
967 528 1166 576 discipulis
1188 529 1266 563 suis
1289 541 1424 564 manus
1447 536 1480 564 et
1498 536 1792 578 persequenmr,

477 587 673 622 tradentes
706 587 740 621 1'11
780 598 1014 636 ,firniigogas
1047 593 1080 621 et
1114 586 1320 629 custodias,
1359 587 1554 622 trahentes
1591 587 1643 622 ad
1680 599 1794 637 reges

476 652 511 680 et
540 645 719 693 presides
754 651 920 692 propter
958 656 1092 679 nomen
1131 656 1253 679 sumn.
1297 646 1382 689 Que
1422 643 1667 692 quadrifaria
1706 657 1794 692 per-

481 702 642 739 secucio
678 710 785 749 patet
818 701 857 737 in
892 701 1046 737 actibus
1081 702 1356 749 apostolorum
1399 711 1435 738 et
1475 702 1562 739 aliis
1595 702 1794 739 chronicis

479 762 526 796 de
560 759 706 796 Christi
742 759 950 807 discipulis
985 759 1023 795 in
1058 759 1229 796 ecclesia
1262 759 1478 808 primitiva.
1515 762 1626 797 Patet
1658 769 1792 797 autem

479 819 685 866 quomodo
720 817 899 853 infideles
933 818 1107 854 zelantes
1141 831 1214 865 pro
1259 819 1343 865 lege
1382 818 1540 855 iudaica
1574 818 1794 855 iniecerunt

481 888 622 912 manus
656 875 694 910 in
729 875 875 911 Christi
911 875 1132 924 discipulos
1173 884 1209 912 et
1250 876 1446 924 persecuti
1487 885 1577 913 sunt
1617 889 1684 913 eos
1716 886 1795 913 tra-

480 935 616 970 dentes
650 946 722 969 suo
756 933 889 980 generi
924 933 962 969 in
996 946 1216 981 synagogas
1244 943 1281 970 et
1315 946 1494 971 carceres
1519 935 1793 982 flagellandos,

479 1005 616 1040 ymmo
670 1000 810 1039 postea
862 1000 1066 1028 traxerunt
1121 992 1268 1028 Christi
1319 991 1536 1041 discipulos
1582 994 1628 1029 de
1681 1001 1796 1041 gente

482 1049 640 1085 iudaica
685 1051 733 1085 ad
779 1049 946 1097 gentiles
1000 1049 1215 1098 principes,
1263 1059 1305 1086 ut
1360 1063 1497 1087 coram
1551 1050 1606 1087 eis
1659 1051 1796 1099 apcius

481 1107 722 1144 crucientur.
769 1109 818 1143 Et
851 1110 957 1144 Deus
997 1107 1194 1156 disposuit
1233 1110 1304 1144 hec
1337 1108 1486 1154 omnia,
1527 1118 1567 1144 ut
1607 1108 1708 1145 sicut
1740 1109 1796 1145 illi

481 1174 646 1214 propter
679 1164 818 1201 odium
851 1166 1027 1202 nominis
1061 1166 1208 1203 Christi
1243 1167 1421 1202 fecerunt
1454 1168 1526 1203 hec
1559 1166 1708 1213 omnia,
1743 1167 1798 1204 sic

481 1224 611 1272 ipsum
647 1235 795 1259 nomen
829 1232 911 1260 tam
946 1223 1072 1260 iudeis
1106 1237 1226 1272 quam
1260 1224 1443 1272 gentibus
1476 1224 1738 1273 sollempnius
1762 1233 1799 1262 et

481 1281 606 1318 lacius
640 1281 880 1329 publicetur,
915 1282 1009 1330 quia
1033 1284 1139 1319 Deus
1172 1282 1333 1319 ordinat
1363 1283 1688 1320 machinaciones
1712 1295 1799 1332 per-

481 1352 616 1376 versas
649 1341 699 1376 ad
733 1339 881 1376 iustum
917 1340 1179 1377 contrarium.

547 1397 753 1448 Continget
784 1406 910 1434 autem
945 1399 1049 1434 vobis
1082 1399 1118 1434 in
1152 1399 1406 1436 testimonium
1436 1412 1556 1447 supra
1590 1400 1659 1436 has
1693 1411 1800 1436 reve-

483 1456 659 1493 laciones
703 1456 962 1504 propheticas
1007 1456 1151 1505 quibus
1203 1457 1367 1505 predico
1412 1458 1525 1494 vobis
1577 1457 1799 1506 periculum

485 1515 592 1563 quod
632 1516 908 1562 permanendo
954 1514 993 1550 in
1035 1527 1124 1551 meo
1163 1515 1332 1552 servicio
1381 1517 1485 1552 dabo
1524 1515 1636 1552 vobis
1679 1528 1723 1552 os
1763 1524 1800 1552 et

484 1572 731 1621 sapienciam
773 1585 849 1621 que
894 1585 1034 1609 omnes
1073 1573 1290 1610 adversarii
1335 1573 1454 1610 vestri
1493 1587 1574 1610 non
1612 1582 1801 1622 poterunt

486 1630 724 1679 impugnare
759 1627 820 1683 (ut
855 1631 1065 1679 exponitur
1098 1644 1232 1679 supra,
1266 1633 1459 1668 Sermone
1482 1633 1616 1675 XL10).
1656 1632 1800 1668 Trade-

485 1689 589 1736 mim'‚
612 1688 756 1737 inquit,
780 1702 802 1724 α
828 1690 966 1725 vestris
989 1690 1283 1740 consanguineis
1307 1699 1342 1726 et
1366 1689 1593 1738 specialiter
1616 1689 1802 1739 spiritua-

485 1746 588 1783 libus
613 1746 838 1784 coniunctis
862 1747 1194 1784 confederacione
1219 1760 1378 1784 cesarea
1404 1749 1462 1794 <ut
1485 1747 1538 1784 ibi
1563 1747 1801 1796 exponitur).

545 1804 663 1842 Circa
695 1806 771 1842 hoc
805 1805 1053 1853 evangelium
1087 1805 1294 1842 dubitatur
1326 1815 1460 1842 utrum
1495 1806 1586 1842 licet
1619 1806 1732 1843 laicis
1765 1814 1802 1843 et

487 1862 743 1899 inferioribus
782 1863 946 1911 prelatis
992 1863 1072 1900 suis
1117 1863 1391 1912 superioribus
1436 1863 1620 1900 resistere
1661 1873 1698 1901 et
1741 1877 1803 1901 ex-

487 1920 672 1958 acciones
724 1934 822 1969 quas
873 1921 1086 1958 vendicant
1139 1923 1357 1958 secundum
1419 1922 1662 1959 tradiciones
1714 1935 1803 1959 suas

487 1978 648 2016 frivolas
682 1980 892 2027 denegare,
927 1988 964 2015 et
996 1979 1152 2016 videtur
1176 1981 1283 2028 quod
1311 1993 1406 2026 non,
1441 1980 1535 2028 quia
1557 1989 1653 2017 tunc
1684 1992 1803 2017 nemo

488 2036 687 2085 acciperet
727 2036 964 2073 beneficium
1007 2050 1028 2074 a
1061 2038 1216 2086 prelato
1261 2051 1333 2074 suo
1375 2038 1571 2086 superiori
1605 2039 1677 2075 sub
1711 2051 1803 2076 con-

488 2094 647 2131 dicione
680 2096 788 2143 quod
822 2095 1005 2143 superior
1040 2095 1208 2144 recipiat
1242 2096 1395 2144 primos
1427 2097 1591 2133 fructus.

546 2155 707 2199 Iterum,
742 2161 837 2189 tunc
868 2165 988 2190 nemo
1022 2155 1134 2190 daret
1170 2154 1364 2191 cardinali
1400 2154 1620 2191 extrinseco
1651 2154 1712 2190 vel
1746 2153 1803 2190 in-

488 2210 662 2247 trinseco
708 2212 864 2259 prelato
908 2211 1143 2260 pensionem
1189 2213 1249 2249 vel
1293 2213 1466 2249 fructum
1516 2211 1800 2261 temporalium

487 2268 563 2305 nisi
597 2268 797 2306 ministret
829 2269 1005 2318 legitime
1039 2270 1301 2307 conformiter
1333 2270 1409 2319 legi
1441 2270 1525 2307 Dei.

546 2329 595 2363 Et
629 2327 786 2373 iterum,
821 2340 942 2364 nemo
982 2328 1162 2365 obediret
1203 2329 1360 2377 prelato
1401 2327 1609 2365 mandanti
1649 2340 1804 2366 excom-

1813 936 1853 967 ‘10

1820 1227 1855 1259 15

1818 1527 1858 1550 20

1819 1809 1859 1841 25

1819 2097 1862 2130 30

490 2384 695 2422 munieare
727 2385 910 2422 subditos
943 2385 1018 2422 nisi
1051 2386 1210 2423 sciverit
1243 2399 1327 2423 esse
1360 2385 1728 2423 excommunicatos
1761 2398 1804 2422 ex
1821 2387 1860 2420 35

490 2444 651 2480 decreto
685 2443 838 2480 domini
870 2445 961 2480 Jesu
994 2443 1155 2481 Christi.
1200 2447 1247 2480 Et
1280 2444 1335 2481 sic
1367 2445 1469 2480 foret
1501 2443 1715 2493 utrobique
1747 2443 1805 2480 in-

490 2501 726 2538 obediencia
759 2501 798 2538 in
832 2501 999 2539 ecclesia
1033 2511 1070 2538 et
1093 2511 1347 2551 contemptus
1372 2501 1804 2539 excommunicacionis

491 2571 567 2608 que
600 2567 657 2595 est
689 2559 903 2608 precipuus
936 2560 1091 2608 gladius
1125 2560 1290 2597 ecclesie
1324 2559 1547 2597 militantis.

562 2689 581 2709 ι.
604 2682 646 2709 D:
668 2681 739 2717 quia
758 2697 791 2701 -—
812 2681 932 2709 malicia
953 2681 1047 2710 deest.
1138 2681 1162 2710 3.
1184 2683 1228 2710 A:
1251 2686 1487 2718 persequuntur.
1572 2691 1603 2717 4.
1626 2681 1694 2710 DE:
1717 2690 1806 2719 syna-

491 2716 589 2751 gogis.
681 2724 709 2749 o.
731 2717 775 2744 A:
797 2717 966 2751 apostolos.
1065 2725 1105 2744 10.
1127 2717 1168 2744 D:
1192 2717 1221 2744 in
1244 2725 1310 2744 suo.
1409 2725 1451 2750 14.
1474 2717 1508 2745 15.
1530 2717 1571 2744 13:
1593 2717 1672 2745 sicut
1692 2717 1805 2752 ipsum.

493 2751 534 2778 16.
555 2750 594 2778 E:
617 2749 782 2778 ordinavit.
867 2758 910 2778 22.
931 2752 975 2779 A:
997 2750 1026 2779 in
1049 2760 1207 2785 sermonc;
1228 2751 1296 2779 DE:
1320 2751 1457 2779 xxxvo.
1544 2759 1590 2786 ²4·
1613 2753 1658 2780 A:
1679 2752 1804 2779 cesaria.

492 2785 534 2813 25.
556 2785 611 2813 Ali
632 2785 660 2812 iu
684 2793 796 2820 marg:
820 2785 971 2819 l)ubium;
1002 2785 1041 2813 ib.
1065 2786 1134 2813 lm:
1156 2791 1183 2814 et
1204 2786 1297 2814 deest.
1397 2785 1441 2813 26.
1466 2786 1534 2813 DE:
1557 2786 1620 2814 suis
1643 2787 1743 2821 deest;
1764 2786 1798 2814 ib.

492 2819 560 2847 DE:
584 2820 707 2855 prelatis
729 2820 942 2855 superioribus
964 2821 1086 2856 prelatis
1109 2821 1182 2848 suis.
1212 2856 1216 2857 ⁷
1263 2820 1310 2848 28.
1331 2820 1386 2848 ΑΕ
1407 2821 1436 2848 in
1459 2829 1525 2848 mar
1550 2831 1573 2849 .:
1598 2829 1617 2849 1.
1692 2828 1738 2857 29.
1759 2822 1796 2849 Α;

493 2854 649 2890 reciperet.
705 2853 744 2882 31.
760 2855 815 2882 ΑΕ
835 2855 864 2882 in
887 2863 1000 2890 marg:
1022 2863 1046 2882 2.
1109 2855 1225 2889 34.A1‹:
1246 2855 1274 2883 in
1297 2863 1410 2890 marg.:
1432 2855 1457 2883 3.
1520 2828 1566 2884 3⁵⁷6.
1583 2856 1627 2883 A:
1648 2855 1691 2883 sic
1711 2856 1805 2886 deest,

567 2936 593 2958 1.
620 2927 734 2958 Lucae
761 2927 853 2967 XXI,
878 2937 927 2958 ια.
1053 2926 1103 2960 ι8.
1129 2927 1175 2958 ib.
1200 2927 1250 2959 13.
1371 2937 1424 2959 22.
1453 2927 1574 2960 Matth.
1600 2927 1640 2966 X,
1669 2937 1721 2959 21.
