1986 3380
204 280 340 309 smnio
362 268 454 328 ιω]
680 281 894 315 SECUNDA
920 281 1048 312 PARS.
1726 272 1773 319 39
1789 285 1795 307 1

204 400 295 427 sunt
329 403 411 427 esse
457 403 546 426 curn
594 388 683 425 filiis
728 388 936 424 hominum
984 396 1117 424 manet
1162 386 1217 423 sic
1262 387 1390 422 solum
1426 400 1515 423 cum

207 449 368 485 homine
402 447 663 496 spiritualiter
708 446 856 489 lucido,
903 446 988 495 quia
1022 446 1056 481 in
1092 445 1315 480 malivolam
1349 445 1515 480 animam

205 520 277 543 non
323 506 494 542 introibit
525 505 715 554 sapiencia
749 517 814 540 nec
848 504 1031 540 lmbitabit
1075 504 1110 539 in
1155 515 1320 551 corpore
1367 503 1517 538 subdito

200 565 369 615 peccatis
402 566 494 612 Sap.
530 566 578 602 10.
613 577 657 608 4:
703 563 809 611 quod
843 563 1060 609 Apostolus
1093 562 1164 597 sub
1197 560 1517 608 interrogacione

173 623 365 671 §exponit
410 623 590 658 alludens
644 621 750 656 dicto
805 621 935 656 sensui
989 619 1165 656 mistico:
1227 619 1323 668 Que‚
1376 618 1516 667 inquit,

205 680 501 717 commzmicacio
552 679 699 714 Clu-isti
740 680 790 713 ad
834 679 961 714 Belial
1003 686 1069 714 aut
1112 677 1207 713 lucis
1249 677 1301 712 ad
1344 677 1519 712 tenebras

206 742 263 782 (II.
295 740 386 775 Cor.
410 739 496 781 Vis),
528 737 614 782 14)'?
646 739 735 772 Non
770 749 862 783 ergo
896 736 1092 772 inhabitat
1116 735 1318 783 sapiencia
1342 735 1518 771 increata

205 809 281 846 que
315 805 371 832 est
404 796 468 831 lux
499 806 591 831 vera
625 793 664 829 in
710 807 914 842 quoquam
956 807 1026 842 per
1058 793 1234 842 graciam
1274 793 1348 829 nisi
1383 805 1516 841 super-

204 853 442 892 naturaliter
495 852 694 889 illuminet
746 851 847 888 vires
900 852 1032 888 anime
1085 852 1157 888 sibi
1211 851 1390 888 subditas
1443 863 1519 899 que

153 921 389 961 lorespectu
434 910 714 947 irradiacionis
759 910 1038 957 supercelestis
1089 919 1283 946 vocantur
1336 910 1517 953 tenebre3

206 972 310 1007 unde
334 969 546 1006 psalmista
570 968 774 1016 signanter
798 976 885 1004 orat
909 969 1068 1004 Psalmo
1092 969 1229 1011 XVH0,
1257 978 1328 1015 29:
1355 967 1520 1003 Domine

206 1030 313 1065 Deus
358 1040 463 1064 meus
508 1027 681 1063 illumina
727 1027 904 1063 tenebras
951 1039 1067 1063 meus.
1116 1027 1230 1063 Unde
1274 1038 1355 1062 non
1388 1026 1518 1061 solum

207 1090 312 1124 Deus
347 1087 537 1122 abhorret
582 1086 766 1122 tenebras
812 1093 1072 1133 peccatorum
1105 1085 1173 1121 sed
1215 1083 1342 1120 fidelis
1376 1083 1442 1132 qui
1477 1095 1520 1119 ex

207 1148 291 1182 Deo
326 1153 383 1181 est
416 1145 605 1180 abhorret
650 1143 889 1180 naturaliter
933 1142 1065 1190 ipsum
1112 1142 1336 1179 subiectum
1377 1150 1520 1178 natura

154 1204 190 1236 15
207 1203 281 1240 sibi
315 1202 456 1248 simile,
491 1203 654 1250 quando
689 1200 898 1237 horrendis
932 1200 1168 1237 criminibus
1208 1209 1264 1237 est
1297 1208 1518 1248 turpatum.

207 1264 255 1298 Et
289 1261 380 1298 inde
414 1260 510 1297 dicit
544 1260 728 1297 Salvator
761 1258 929 1296 Matthei
962 1260 1028 1304 VO,
1071 1260 1136 1295 16:
1185 1259 1247 1294 Sic
1286 1259 1410 1294 luceat
1449 1259 1520 1294 lux

209 1327 337 1356 vestra
372 1331 503 1355 coram
550 1318 776 1362 hominibus,
825 1325 864 1354 ut
897 1318 1050 1353 videant
1083 1329 1200 1366 opera
1247 1324 1376 1353 vestra
1409 1316 1518 1352 bona.

209 1379 439 1414 Habeamus
473 1389 566 1424 ergo
600 1385 679 1412 tres
703 1375 865 1424 spiritus
889 1375 1058 1421 lucidos,
1083 1375 1301 1411 animalem
1326 1374 1366 1410 in
1389 1374 1519 1422 capite

209 1435 370 1473 celestia
403 1435 611 1483 sapiendo,
651 1435 811 1471 vitalem
851 1434 891 1469 in
924 1435 1044 1470 corde
1083 1433 1277 1470 articulos
1312 1432 1402 1469 fidei
1437 1445 1519 1469 cre-

151 1504 193 1525 20
209 1495 354 1538 dendo,
390 1507 479 1530 cum
514 1493 638 1529 iustus
673 1505 714 1528 ex
749 1492 825 1528 fide
857 1492 964 1537 vivit,
999 1500 1035 1528 et
1069 1492 1295 1528 naturalem
1330 1491 1367 1527 in
1404 1499 1518 1538 epate

209 1565 277 1600 spe
309 1551 584 1600 spiritualibus
618 1550 850 1587 inherendo.

267 1612 315 1646 Et
348 1619 441 1646 tunc
466 1609 628 1645 indubie
652 1609 865 1657 copulatur
888 1608 1096 1644 nobiscum
1122 1610 1226 1644 Deus
1250 1620 1320 1656 per
1343 1607 1519 1655 graciam

209 1681 327 1717 quem
361 1667 591 1716 philosophi
624 1676 820 1703 vocarunt
853 1666 1030 1703 animam
1066 1666 1217 1712 mundi,
1253 1674 1291 1702 et
1323 1675 1416 1702 tunc
1440 1678 1521 1701 non

209 1726 457 1763 offendemus
499 1734 542 1761 ut
581 1726 821 1761 ambulantes
859 1725 894 1760 in
939 1725 1103 1760 tenebris
1136 1724 1255 1769 <sicut
1289 1725 1404 1760 docet
1437 1724 1519 1760 Sal-

152 1785 321 1821 25vator
352 1785 439 1821 Joh.
473 1785 576 1829 Xlls‘,
605 1784 686 1831 35),
722 1792 758 1820 et
791 1792 885 1819 tunc
919 1782 1115 1819 habituati
1148 1782 1222 1818 hiis
1246 1782 1373 1818 tribus
1407 1781 1522 1818 lumi-

207 1842 324 1880 nibus
339 1842 575 1890 theologicis
590 1841 737 1878 ibimus
751 1843 969 1890 gaudentes
985 1840 1111 1877 eciam
1132 1840 1171 1876 in
1190 1840 1522 1877 tribulacionibus

209 1910 245 1937 et
278 1900 631 1949 persecucionibus
665 1899 846 1948 corporis
880 1899 1079 1948 persecuti
1112 1900 1333 1935 secundum
1375 1897 1522 1935 doctri-

209 1972 302 1996 nam
325 1958 509 2007 Apostoli
544 1960 607 2002 (ad
630 1959 810 2006 Ephesos
832 1959 900 2004 VO,
928 1960 985 2005 9):
1019 1958 1189 1993 Fructus
1221 1958 1315 1993 lucis
1347 1964 1402 1993 est
1434 1965 1522 2001 etc„

211 2027 247 2054 et
263 2016 414 2064 (Jacobi
438 2019 487 2062 10,
506 2020 563 2061 2):
589 2016 710 2052 Omne
730 2016 918 2067 gaudium
944 2015 1174 2059 existimate,
1191 2024 1227 2051 et
1242 2016 1416 2060 (Act.V0,
1433 2018 1521 2060 41):

151 2076 194 2108 30
211 2077 320 2111 Ibant
351 2075 518 2124 apostoli
546 2075 762 2125 gaudentes
794 2082 867 2110 etc.
917 2074 1056 2110 Solum
1096 2073 1201 2109 enim
1243 2073 1298 2110 sic
1331 2072 1453 2110 lucidi
1487 2081 1523 2109 et

210 2147 291 2170 non
331 2133 577 2170 obscuritate
622 2131 776 2180 peccati
821 2131 1019 2168 tenebrati
1065 2140 1156 2167 sunt
1201 2131 1241 2167 in
1287 2143 1407 2168 causa
1451 2130 1524 2166 Dei

211 2191 379 2235 cordati,
413 2192 576 2240 quando
609 2190 752 2238 singuli
786 2189 853 2227 alii
888 2198 978 2226 sunt
1011 2189 1205 2226 serviliter
1237 2188 1434 2226 timorosi.
1460 2188 1525 2225 Sic
1568 2194 1593 2221 It
1613 2193 1638 2232 is
1660 2193 1718 2219 bad
1740 2192 1788 2219 for

211 2259 343 2287 autem
378 2262 476 2286 aura
520 2247 803 2297 pestilencialis
850 2247 983 2284 anime
1027 2260 1109 2284 non
1140 2247 1319 2292 nocebit3
1361 2229 1590 2296 quandofflff}
1606 2227 1813 2299 {illflfiui‘sscffie

211 2321 304 2356 ergo
344 2316 533 2356 peccator
580 2308 814 2343 tenebratur
860 2305 1036 2354 peccatis
1070 2314 1106 2342 et
1140 2307 1245 2342 Deus
1285 2318 1369 2342 non
1402 2305 1526 2341 stillat

154 2368 193 2402 35
210 2379 330 2415 super
383 2379 473 2402 eum
528 2364 755 2414 punicionis
806 2363 997 2413 pluviam,
1051 2372 1109 2400 est
1162 2363 1318 2411 signum
1364 2362 1524 2400 evidens

210 2423 442 2473 pestilencie
493 2422 725 2472 gehennalis
778 2424 827 2459 ad
880 2435 1000 2471 quam
1055 2421 1237 2458 differtur
1295 2421 1524 2458 tribulacio.

211 2484 384 2519 Mundus
415 2495 510 2519 vero
543 2481 654 2518 cibus
688 2481 820 2518 anime
853 2489 943 2517 sunt
973 2479 1139 2517 virtutes
1169 2488 1206 2516 et
1230 2492 1369 2516 eorum
1401 2492 1525 2528 opera

212 2540 323 2577 cuius
369 2540 446 2577 cibi
491 2541 642 2577 fructus
688 2549 745 2576 est
790 2538 1010 2575 beatitudo.
1056 2539 1116 2574 Ad
1162 2538 1342 2587 Ephesos
1387 2540 1453 2584 V0,
1501 2550 1522 2586 ς)

279 2708 304 2737 3.
326 2708 396 2737 DE:
417 2709 553 2737 intrabit.
656 2717 696 2737 10.
719 2708 787 2736 DE:
810 2710 1042 2744 supercelestes.
1143 2717 1183 2743 14.
1205 2707 1228 2735 E
1248 2708 1277 2735 in
1300 2715 1413 2743 marg:
1434 2707 1525 2735 Vires

210 2745 311 2772 anime
331 2745 464 2772 tenebre.
588 2744 628 2771 16.
650 2744 719 2771 DE:
743 2744 777 2771 Et
797 2743 878 2771 idem
900 2744 983 2771 dicit.
1111 2743 1150 2771 18.
1171 2744 1215 2770 A:
1238 2743 1397 2770 Habemus
1417 2742 1524 2776 igitur3

211 2780 252 2807 ib.
273 2780 296 2806 E
316 2779 345 2806 in
367 2787 480 2814 marg:
504 2778 680 2806 Habeamus
699 2783 760 2806 tres
782 2779 909 2814 spiritus
930 2778 1066 2806 lucidos:
1087 2779 1263 2809 animalem,
1284 2778 1417 2810 vitalem,
1439 2781 1526 2804 uatu-

212 2815 316 2841 ralem.
407 2822 446 2841 21.
470 2813 538 2841 DE:
561 2813 733 2848 spiritibus.
824 2821 867 2840 22.
889 2813 913 2840 E
933 2813 962 2841 in
985 2822 1099 2847 marg:
1122 2814 1204 2840 Deus
1225 2813 1387 2847 copulatur
1408 2811 1524 2839 homini

212 2857 265 2882 per
285 2847 369 2884 quid.
426 2847 469 2875 23.
490 2849 535 2876 A:
557 2856 618 2875 non
639 2848 734 2875 deest.
790 2848 831 2876 25.
852 2849 896 2876 A:
919 2848 1018 2875 tribus
1038 2849 1132 2876 deest.
1189 2846 1234 2874 28.
1256 2847 1373 2875 eodem
1395 2846 1526 2874 Fructus

212 2884 300 2910 lucis.
321 2882 459 2910 Coi-rexi.
557 2890 605 2917 29.
625 2884 668 2910 A:
693 2883 793 2910 Omne
817 2900 840 2901 j
867 2883 1039 2910 existimate
1060 2883 1154 2910 deest.
1257 2881 1302 2909 30.
1324 2881 1393 2909 DE:
1415 2881 1524 2908 lucide.

211 2917 253 2946 35.
275 2919 319 2945 A:
343 2926 403 2945 uon
424 2922 478 2945 est.
551 2916 596 2952 37.
617 2918 640 2945 E
660 2917 689 2944 iu
711 2926 826 2953 marg:
848 2918 944 2945 Cibus
964 2918 1075 2945 anime.
