1986 3380
175 271 310 301 smnio
332 260 441 317 xxii]
643 270 854 303 sECUNDA
886 270 1010 302 PARS.

176 394 266 417 curn
312 380 399 417 aliis
447 379 562 416 huius
606 376 807 415 sentencie
845 376 906 413 vel
945 375 1120 412 eiusdem
1168 372 1368 410 sentencie
1405 381 1486 408 tam

176 441 315 475 crebro
346 438 500 487 legitur,
530 445 572 473 ut
596 439 700 472 Deus
731 435 865 471 fideles
889 447 981 470 suos
1005 446 1104 482 quos
1128 430 1298 468 voluerit
1320 430 1488 466 illustret

175 497 213 533 in
248 498 322 534 ista
354 495 569 533 sentencia.

656 629 851 670 SERMO
885 628 1013 667 XXII.

143 733 159 765 5
233 729 339 763 Misit
371 727 551 763 Herodes
583 733 617 761 et
649 724 766 760 tenuit
796 723 1021 758 Johannem.
1057 720 1181 757 Marci
1214 722 1299 765 Vls‘,
1341 732 1400 766 17.

234 786 433 822 Fidelibus
466 793 571 820 recte
606 780 970 829 evangelizantibus
995 789 1052 816 est
1075 778 1344 815 necessarium
1371 776 1492 812 histo-

179 844 275 880 riam
322 842 592 891 evangelican]
645 840 776 889 primo
829 839 980 887 populo
1033 837 1260 886 predicare:
1314 835 1353 871 in
1407 834 1492 883 ipsa

176 901 337 950 quidem
372 910 429 937 est
463 900 559 937 fides
593 898 757 935 ecclesie
796 910 916 946 quam
956 905 1114 932 tenetur
1154 905 1407 942 cognoscere,
1455 893 1492 928 in

178 960 262 1007 ipsa
296 959 422 996 eciam
447 967 504 994 est
527 957 728 1005 exemplar
751 954 1031 1004 planissimum
1058 954 1164 989 iuxta
1188 953 1296 1001 quod
1321 951 1492 999 regulari

124 1034 161 1055 10
178 1019 294 1054 debet
327 1016 493 1053 ecclesia
518 1024 554 1052 et
578 1014 785 1064 quodlibet
809 1013 890 1049 cius
916 1014 1157 1057 membrum,
1192 1011 1231 1047 in
1255 1010 1340 1058 ipsa
1366 1009 1492 1046 eciam

178 1084 235 1112 est
267 1074 468 1111 subtilitas
501 1083 582 1110 tam
623 1072 833 1109 scolastica
880 1084 1002 1119 quam
1047 1069 1223 1114 moralis,
1270 1069 1374 1104 ultra
1419 1068 1494 1103 hoc

177 1135 285 1182 quod
317 1133 464 1169 scimus
498 1131 839 1180 comprehendere
868 1129 931 1165 hic
971 1128 1010 1165 in
1048 1127 1123 1165 via.
1171 1128 1263 1163 Ideo
1297 1126 1403 1162 idem
1438 1134 1494 1161 est

177 1191 438 1239 spiritualiter
470 1202 633 1238 pascere
665 1187 910 1225 auditorium
936 1186 1019 1223 sine
1042 1185 1245 1222 sentencia
1268 1183 1495 1232 evangeliea

177 1263 222 1286 ac
257 1250 287 1285 si
312 1250 458 1286 faceret
492 1247 579 1296 quis
611 1246 725 1284 alteri
759 1246 968 1294 corporale
1002 1244 1227 1281 convivium
1262 1243 1346 1279 sine
1379 1254 1493 1291 pane.

125 1310 278 1347 13>Cum
316 1307 420 1344 enim
457 1306 638 1343 Christus
677 1304 726 1341 sit
770 1305 1078 1340 fundamentum
1120 1302 1249 1338 tocius
1294 1300 1495 1337 sentencie

178 1378 254 1414 que
286 1365 459 1414 pertinet
492 1363 710 1400 christiano
751 1371 787 1398 et
826 1374 896 1398 sua
930 1360 1186 1397 conversacio
1226 1372 1271 1396 ac
1312 1358 1496 1395 doctrina

178 1424 216 1460 in
240 1423 444 1471 evangelio
468 1421 635 1458 ubilibet
659 1428 922 1469 expressatur‚
947 1428 1057 1468 patet
1080 1431 1201 1467 quarn
1224 1416 1493 1454 necessarium

178 1490 235 1518 est
267 1481 377 1518 omni
422 1479 543 1516 statui
586 1479 786 1516 viatorum
832 1478 960 1526 ipsum
1015 1488 1268 1525 cognoscere.
1324 1478 1365 1511 In
1408 1474 1495 1522 ipso

178 1539 339 1588 quidem
378 1538 461 1576 sine
501 1536 765 1586 possibilitate
806 1535 1060 1584 decepcionis
1098 1547 1310 1583 possumus
1350 1533 1496 1569 habere

121 1614 163 1636 20
178 1597 273 1646 quid
306 1598 496 1634 debemus
530 1597 692 1632 credere
724 1595 785 1631 vel
819 1606 980 1642 sperare
1003 1602 1040 1629 et
1063 1593 1270 1641 quomodo
1305 1592 1494 1627 debemus

177 1665 260 1692 tam
313 1668 386 1692 nos
438 1654 546 1703 ipsos
599 1666 720 1702 quam
772 1651 1063 1700 rempublicam
1118 1650 1348 1687 informare.
1404 1650 1495 1685 Ideo

179 1727 222 1751 ex
255 1714 412 1750 cautela
444 1711 594 1749 diaboli
626 1723 675 1748 ne
707 1710 893 1760 proficiat
918 1709 1086 1746 ecclesia
1109 1709 1236 1745 celata
1260 1716 1317 1744 est
1340 1715 1495 1743 senten-

179 1771 240 1809 cia
273 1770 500 1819 evangelica
533 1778 570 1807 et
602 1770 813 1818 prophana
852 1768 986 1804 fabula
1034 1767 1277 1804 introducta.
1323 1766 1496 1810 Quando

180 1830 285 1867 enim
332 1828 584 1877 predicatum
630 1836 688 1864 est
732 1828 781 1864 ab
826 1825 1020 1875 apostolis
1066 1823 1328 1872 evangelium,
1375 1823 1496 1859 crevit

123 1893 162 1926 25
180 1888 347 1925 ecclesia
400 1887 440 1923 in
490 1886 649 1932 virtute,
698 1887 767 1922 sed
816 1886 937 1921 modo
983 1896 1026 1920 ex
1078 1883 1234 1919 defectu
1278 1881 1497 1930 spiritualis

179 1946 341 1983 seminis
375 1944 568 1982 decrescit
601 1943 801 1981 continue.
836 1944 937 1979 Cum
972 1941 1076 1978 enim
1101 1953 1237 1978 semen
1260 1940 1309 1976 sit
1330 1940 1495 1976 verbum

180 2005 252 2041 Dei
285 2013 322 2041 et
355 2003 485 2052 ipsum
533 1993 585 2039 sit
625 2002 841 2039 virtuosius
886 2012 1128 2049 quocunque
1172 1998 1340 2047 reliquo,
1388 2006 1498 2046 patet

181 2064 289 2111 quod
334 2062 465 2111 ipsum
516 2069 623 2097 recte
675 2069 806 2097 satum
858 2058 899 2095 in
951 2058 1142 2094 interiore
1194 2056 1357 2094 homine
1408 2056 1497 2104 plus

182 2120 397 2157 fructificat
430 2132 552 2169 quam
586 2118 695 2155 aliud
728 2130 864 2154 semen
898 2118 1089 2153 dandum.

126 2185 167 2217 30
241 2181 446 2225 Quantum
480 2179 531 2214 ad
563 2178 640 2213 hoc
673 2175 922 2224 evangelium
955 2175 1077 2223 plana
1110 2182 1167 2210 est
1200 2172 1370 2209 historia
1402 2184 1499 2221 quo-

183 2238 304 2273 modo
350 2237 529 2273 Herodes
579 2235 762 2283 Antipas‚
813 2233 916 2270 filius
967 2232 1139 2269 Herodis
1192 2230 1339 2279 magni,
1393 2229 1500 2266 misit

182 2295 350 2331 nuncios
382 2294 490 2343 ipsos
523 2293 703 2330 inficiens
736 2305 779 2329 ex
813 2303 1008 2328 consensu
1041 2299 1078 2327 et
1107 2289 1235 2327 tenuit
1260 2288 1497 2337 Baptistam,

182 2366 231 2390 ne
264 2353 386 2390 libere
418 2352 631 2388 fructificet
665 2350 829 2388 ecclesie
861 2350 964 2386 sicut
996 2349 1119 2397 prius,
1155 2360 1200 2385 ac
1234 2347 1499 2395 profundatus

183 2410 223 2447 in
268 2410 411 2448 maiori
456 2409 633 2447 facinore
681 2408 804 2446 vinxit
847 2408 1072 2444 Johannem
1124 2419 1170 2443 ac
1221 2404 1498 2449 incarceravit,

128 2474 167 2507 35
184 2470 340 2506 occulte
384 2477 532 2514 tamen,
578 2467 672 2517 quia
715 2467 884 2503 timebat
933 2465 1130 2514 populum
1173 2463 1399 2509 Judaicum‚
1450 2475 1499 2498 ne

254 2613 274 2632 1.
296 2604 340 2632 A.
361 2603 451 2631 huius
473 2602 625 2631 sentencie
646 2602 690 2629 vel
712 2601 806 2629 deest.
881 2600 905 2629 5.
921 2600 999 2628 AD
993 2608 1023 2628 m
1040 2607 1136 2636 marg
1147 2609 1153 2615 ·
1174 2598 1276 2633 XXII:
1297 2599 1497 2633 E1nma1g.:

184 2639 215 2666 Ῐι]
238 2639 444 2666 decollacione
462 2638 612 2665 Johannis
633 2637 778 2676 Baptiste.
853 2645 887 2664 11.
910 2635 950 2663 E:
972 2636 1029 2662 hoc
1050 2620 1143 2662 deest.
1229 2634 1265 2662 15.
1288 2634 1312 2661 E
1331 2634 1361 2661 in
1383 2642 1469 2669 mar<D
1475 2643 1497 2661 ,ς

185 2675 327 2701 emistus
341 2679 385 2701 est
399 2673 473 2701 fund
478 2677 635 2700 imentum
649 2672 749 2699 tocius
765 2680 798 2698 ex
804 2671 937 2706 angelice
954 2669 1118 2697 sentencie
1177 2677 1215 2702 17
1232 2670 1274 2696 A:
1296 2673 1498 2707 expressefflt.

186 2711 224 2736 18
255 2709 295 2736 E:
327 2708 487 2736 Christum
517 2715 553 2735 co
577 2715 714 2734 noscere
846 2714 888 2738 ιο.
919 2705 961 2732 D:
992 2705 1094 2740 impos
1082 2704 1257 2737 sibilitate;
1287 2703 1327 2731 E.
1357 2703 1498 2730 conexit.

184 2751 230 2771 20.
250 2744 295 2770 A:
317 2751 443 2777 quomo
490 2726 1497 2781 23.E.p10p11anafanic112S.E:inte1ior’emhominem

183 2777 454 2841 itbmclgtilpsmfflgs
476 2776 656 2812 Captivaeio
674 2776 834 2804 Johannis.
889 2774 932 2802 33.
950 2775 1018 2802 DE:
1040 2775 1134 2802 teicio
1155 2773 1377 2809 piofundatus;
1399 2773 1438 2800 ib.
1454 2773 1497 2799 A:

259 2897 288 2929 5.
316 2896 367 2928 Cf.
389 2896 548 2940 VVyclif’s
575 2897 744 2928 Sei-mons
770 2895 825 2927 ed.
852 2895 897 2938 by
923 2894 1071 2936 Arnold,
1100 2894 1123 2933 Ι,
1153 2891 1344 2936 387—389.

1543 787 1608 814 'she
1631 787 1743 822 Caspe!

1509 823 1624 857 history
1648 823 1672 849 is
1695 828 1723 849 ιι)
1746 823 1780 848 be

1568 858 1727 892 pl'ctlt‘llrd.

1530 1841 1625 1870 VVant
1647 1842 1681 1869 of
1698 1841 1772 1869 such

1569 1877 1735 1912 preacbing

1566 1913 1669 1939 makes
1690 1912 1738 1938 the

1543 1947 1666 1974 Cburch
1689 1948 1758 1974 less.
