1986 3380
170 271 244 316 184

220 625 279 651 We
301 634 368 660 may

184 661 408 687 communicate

173 695 244 721 with
267 695 346 721 them
371 695 416 721 ἴων

161 738 175 755 a
191 729 269 763 good
288 738 431 764 purpose.

184 1378 251 1406 The
271 1379 403 1413 existing

204 1413 329 1447 degi-ces

176 1446 294 1489 dignity
317 1449 343 1475 iu
367 1449 414 1475 the

199 1483 321 1511 Lhnrch
343 1492 392 1510 are

238 1526 354 1553 wrong.

750 282 972 314 JOHANNIS
991 283 1175 316 wvcmr
1193 284 1452 318 sERMoNuM
1494 270 1644 328 [smnio
1666 283 1761 310 xxv.

450 388 682 425 Antichristi
731 402 750 425 a
805 389 971 426 crimine
1016 391 1233 438 expurgati.
1290 392 1381 427 Ideo
1434 391 1534 428 sicut
1581 392 1761 429 Christus

451 447 763 483 communicavit
805 460 893 483 cum
935 449 1291 485 excommunicatis
1325 451 1372 485 ab
1408 449 1568 486 homine
1602 460 1637 486 et
1672 464 1760 486 cum

451 504 537 541 aliis
591 518 612 541 a
666 505 809 553 quihus
864 506 1061 542 maculam
1108 519 1188 542 non
1238 517 1369 555 posset
1424 510 1660 544 contrahere
1713 510 1761 545 ad

451 562 664 599 utilitatem
715 563 773 599 sui
820 563 898 599 six-e
945 564 1122 614 ecclesie,
1168 565 1222 600 sic
1269 565 1431 602 indubie
1477 567 1593 602 debet
1640 580 1762 602 mem-

451 622 564 656 brum
620 621 778 664 Christi,
832 621 1041 669 supposito
1094 624 1201 670 quod
1254 623 1352 659 sciat
1396 624 1455 660 vel
1502 624 1796 671 probabiliter5

450 680 586 714 credat
619 680 725 726 quod
760 692 838 714 non
873 691 961 715 cum
997 680 1343 717 excommunicato
1367 681 1595 717 huiusmodi
1630 695 1763 718 macu-

450 736 551 772 letur
588 737 648 772 vel
687 738 794 785 quod
835 749 877 773 ex
917 737 985 773 tali
1031 738 1405 776 communicacione
1450 749 1650 776 mereatur
1689 740 1763 776 sibi

449 795 509 830 vel
543 794 889 831 excommunicato
924 805 990 831 aut
1031 796 1148 832 matri
1189 797 1366 842 ecclesie,
1409 797 1464 833 sic
1504 798 1764 834 doctoraliter

448 852 508 888 vel
540 852 742 888 socialiter
775 865 864 889 cum
899 853 967 889 tali
1002 854 1349 891 excommunicato
1373 857 1422 891 ab
1456 855 1623 892 ecclesia
1656 868 1763 892 com-

450 909 654 947 miscendo
692 911 800 957 (nam
835 923 906 947 nec
940 912 1109 949 ecclesia
1148 911 1203 949 sic
1250 913 1600 950 excommunicans
1645 915 1761 950 docet
1784 928 1821 948 ιο

449 969 556 1016 quod
589 968 678 1004 talis
710 969 759 1005 sit
783 969 1151 1006 excommunicatus
1175 983 1196 1007 a
1223 971 1397 1007 Domino
1421 984 1491 1008 nec
1516 972 1632 1008 docet
1655 973 1763 1021 quod

449 1026 771 1063 communicacio
820 1039 909 1063 cum
956 1028 1101 1064 talibus
1146 1041 1225 1065 non
1271 1029 1450 1077 proderit
1496 1030 1760 1076 alternatim);

448 1097 526 1120 non
559 1084 694 1133 itaque
727 1094 784 1121 est
817 1085 1008 1122 articulus
1042 1086 1134 1122 fidei
1168 1088 1239 1123 sub
1273 1096 1353 1123 tam
1387 1087 1495 1135 gravi
1521 1100 1622 1135 pena
1655 1101 1763 1124 com-

447 1143 627 1190 plendus,
674 1152 715 1179 ut
748 1155 867 1179 nemo
906 1144 1177 1180 communicet
1217 1157 1306 1180 cum
1352 1146 1511 1191 talibus,
1557 1159 1629 1182 nec
1673 1155 1764 1183 sunt

448 1201 551 1248 leges
585 1213 723 1237 omnes
757 1201 869 1237 istius
894 1202 1060 1238 materie
1084 1202 1218 1238 fulcite
1242 1203 1504 1240 fundamento
1528 1203 1764 1240 racionabili
1785 1206 1820 1238 15

446 1259 507 1294 vel
548 1258 760 1306 scriptura,
806 1258 896 1295 ideo
942 1269 1283 1308 contempnuntur
1328 1261 1519 1298 facilitate
1565 1261 1764 1299 consimili

447 1329 525 1365 qua
558 1318 793 1364 probantur.

506 1375 690 1411 Secundo
724 1374 931 1411 dubitatur
964 1376 999 1411 si.
1029 1375 1120 1412 licet
1153 1385 1328 1413 statuere
1361 1379 1508 1424 gradus
1532 1377 1571 1413 in
1596 1378 1762 1414 ecclesie

448 1431 653 1480 dignitate,
689 1441 729 1468 ut
762 1446 880 1481 papa,
914 1434 1221 1482 archiepiscopi,
1257 1435 1448 1483 episcopi,
1489 1435 1763 1473 archidiaconi

447 1490 639 1527 officiales
672 1503 755 1527 sese
789 1491 1005 1539 respiciunt
1036 1492 1153 1528 hodie
1178 1502 1219 1528 ut
1243 1493 1395 1529 domini
1419 1495 1636 1539 seculares;
1670 1507 1763 1530 con·
1782 1506 1821 1527 20

447 1549 612 1585 fundere
645 1558 778 1585 autem
813 1549 884 1586 hos
917 1549 1077 1587 ordines
1103 1560 1203 1587 esset
1230 1551 1422 1588 maiorem
1449 1561 1604 1600 partem
1630 1553 1761 1601 legum

448 1606 613 1643 ecclesie
646 1608 895 1655 perturbare.

504 1665 581 1701 Sed
625 1664 781 1701 videtur
828 1665 924 1701 mihi
969 1666 1078 1702 salvo
1120 1666 1276 1703 meliori
1310 1666 1458 1703 iudicio
1492 1668 1598 1715 quod
1634 1666 1707 1704 ista
1741 1681 1762 1704 a

446 1721 708 1759 similitudine
730 1722 875 1759 simiali
900 1723 1058 1760 fuerunt
1088 1724 1341 1772 culpabiliter
1363 1724 1606 1761 introducta.
1638 1725 1762 1762 Simia

447 1779 550 1816 enirn
585 1793 656 1829 per
689 1781 987 1818 multitudinem
1024 1781 1254 1819 huiusmodi
1287 1791 1421 1831 posset
1450 1782 1588 1819 simias
1621 1792 1761 1820 nature
1779 1786 1818 1818 25

447 1850 515 1875 sue
548 1838 745 1887 decipere,
780 1840 848 1876 sed
884 1839 1011 1876 fidelis
1045 1839 1258 1876 racionalis
1291 1840 1508 1877 instructus
1541 1854 1562 1877 a
1587 1841 1760 1878 Domino

447 1905 611 1933 evacuat
644 1897 742 1933 tales
776 1897 971 1945 argucias,
1008 1910 1097 1934 cum
1131 1898 1204 1934 scit
1238 1911 1281 1934 ex
1315 1899 1391 1935 fide
1423 1899 1620 1947 scripture
1652 1901 1759 1948 quod

448 1953 629 1991 Christus
683 1964 803 2003 caput
856 1955 1093 1992 universalis
1147 1955 1313 1992 ecclesie
1365 1957 1526 2005 respicit
1580 1958 1760 1994 membra

447 2011 653 2060 supposita
688 2021 896 2061 tamquam
931 2013 1063 2050 socios
1096 2026 1176 2050 non
1201 2014 1411 2062 magistros
1448 2015 1506 2061 (ut
1529 2023 1639 2063 patet
1672 2015 1758 2052 Gal.

447 2072 538 2116 110);
573 2069 628 2106 sic
662 2070 766 2106 enim
793 2072 944 2116 Petrus,
977 2071 1143 2108 Jacobus
1175 2079 1210 2108 et
1230 2073 1425 2109 Jolzannes
1447 2073 1512 2122 qui
1533 2073 1761 2109 videbantur
1777 2076 1817 2108 30

447 2140 528 2164 esse
560 2128 762 2178 columpne
794 2129 950 2165 ecclesie
982 2130 1172 2165 dederunt
1205 2131 1391 2167 dexteras
1412 2131 1605 2167 societatis
1637 2131 1758 2167 Paulo

445 2193 480 2222 et
511 2186 715 2232 Barnabe;
750 2199 824 2223 nec
857 2188 973 2224 debet
1007 2200 1090 2223 esse
1123 2187 1200 2224 alia
1234 2187 1442 2225 maioritas
1475 2188 1578 2225 inter
1611 2189 1758 2225 Christi

445 2243 664 2292 discipulos
697 2243 771 2281 nisi
806 2253 847 2281 ut
881 2245 968 2293 quis
1001 2244 1168 2282 vivendo
1207 2245 1423 2283 virtuosius
1468 2246 1598 2283 maior
1641 2246 1759 2284 fuerit

445 2303 578 2350 quoad
611 2301 737 2338 illum.
785 2303 1070 2340 Constantinus
1108 2312 1241 2340 autem
1282 2304 1348 2353 qui
1389 2304 1556 2341 civiliter
1588 2304 1759 2342 instituit

446 2373 560 2396 suum
595 2359 828 2409 episcopum
863 2374 947 2398 esse
980 2374 1181 2398 summum
1216 2375 1296 2398 non
1320 2371 1376 2398 est
1400 2363 1631 2410 allegandus
1657 2366 1814 2400 tam-35

445 2430 564 2466 quam
591 2418 709 2454 fidem
733 2418 894 2465 faciens,
929 2432 1019 2456 curn
1044 2421 1204 2456 decreta
1227 2421 1345 2457 XCVI
1376 2420 1466 2457 dist.
1497 2421 1572 2457 hoc
1606 2420 1756 2457 dictum

446 2476 686 2512 subtrahunt
718 2485 925 2525 tamquam
973 2477 1144 2526 paleam,
1190 2490 1236 2514 eo
1281 2479 1389 2527 quod
1432 2491 1512 2514 non
1550 2478 1757 2515 assistente

445 2532 523 2570 alia
545 2534 786 2571 auctoritate
809 2536 884 2571 hoc
908 2536 1112 2572 decretum
1137 2536 1378 2585 operacione
1401 2536 1548 2573 decreti
1565 2536 1757 2585 evangelii

514 2664 541 2689 4.
564 2655 668 2687 debet:
690 2656 738 2684 hic
759 2657 886 2684 verbnm
907 2658 1057 2685 excidisse
1078 2658 1207 2685 videtur.
1345 2659 1373 2689 (ἰ,
1395 2667 1420 2692 7.
1442 2659 1486 2686 A:
1510 2660 1704 2686 masculciur.
1720 2659 1756 2693 (?)

443 2692 470 2718 δ’.
491 2692 534 2718 A:
557 2691 888 2719 excommuuicacione.
964 2692 1000 2720 15.
1024 2693 1090 2720 nli:
1112 2693 1224 2720 onmis.
1298 2693 1337 2720 18.
1359 2693 1413 2720 Ali
1433 2693 1462 2720 in
1486 2702 1598 2728 marg:
1622 2694 1754 2721 Dubium

447 2725 633 2757 secundnnu
657 2726 679 2752 Ι)
703 2726 730 2753 in
755 2734 868 2760 marg:
892 2727 1042 2759 Dubium:
1075 2727 1113 2754 ih.
1135 2728 1207 2755 Ali:
1229 2727 1364 2755 ecclesia.
1456 2736 1502 2755 20.
1525 2729 1568 2755 A:
1591 2728 1660 2761 κάς
1681 2729 1754 2755 Ab:

447 2760 606 2795 recipiunt.
681 2768 694 2787 2
707 2769 726 2793 ι.
744 2760 811 2787 lm:
834 2761 913 2788 civili
931 2762 1068 2791 suerunt:
1091 2762 1129 2789 ih.
1146 2763 1172 2789 A
1190 2762 1217 2789 in
1236 2771 1348 2797 marga
1372 2762 1552 2797 Responsio.
1626 2763 1753 2797 27.1›E:

444 2803 513 2821 cum
536 2794 584 2821 sit.
657 2793 703 2822 36.
728 2795 767 2821 h:
791 2795 847 2822 hoc
868 2800 979 2823 actum.
1054 2796 1096 2830 37.
1119 2797 1162 2824 A:
1186 2805 1245 2824 non
1268 2797 1360 2824 deest.
1442 2796 1486 2825 38.
1509 2797 1577 2824 bij:
1600 2797 1754 2825 decretum

446 2828 674 2864 compassione.

514 2899 569 2932 30.
583 2899 659 2932 Gal.
674 2900 713 2940 Π,
727 2911 760 2944 9.
824 2901 874 2944 37.
890 2901 1026 2933 Decreti
1048 2902 1058 2934 1
1078 2902 1174 2943 Pars,
1196 2903 1273 2934 dist.
1294 2903 1417 2945 XCVI,
1436 2913 1534 2946 capp.
1556 2903 1644 2944 Xlll,
1663 2903 1752 2935 XIV.
