1986 3380
228 273 362 301 SERMO
384 262 510 321 xxvi]
698 276 909 311 SECUNDA
939 275 1064 308 PARS.

284 383 358 419 Hic
380 382 536 419 videtur
560 381 657 418 mihi
674 383 795 430 quod,
812 382 913 433 sicut
935 395 1015 418 non
1040 390 1096 418 est
1120 381 1309 430 possibile
1333 382 1536 418 hominem

226 454 308 477 esse
348 440 508 477 Christo
554 439 779 476 beaciorem
825 441 885 477 vel
931 440 1069 476 deitati
1115 439 1326 485 cariorem,
1366 439 1421 476 sic
1460 453 1539 475 non

225 508 281 534 est
324 498 514 547 possibile
560 497 764 534 hominem
811 510 894 534 esse
939 498 1027 546 plus
1080 497 1271 534 humilem
1320 498 1381 534 vel
1426 497 1540 533 aliter

224 556 468 602 virtuosum3
501 555 602 592 sicut
642 556 744 592 enim
786 568 857 592 nec
892 558 997 592 Deus
1031 564 1163 603 potest
1195 556 1326 592 facere
1359 564 1539 591 centrum

193 614 363 650 §mundi
404 626 487 650 esse
527 613 701 661 inferius,
736 613 790 650 sic
829 627 909 650 non
947 622 1080 662 potest
1119 613 1248 650 facere
1287 613 1540 661 suppositum

226 673 495 720 quodcunque
535 671 694 708 Christo
740 671 942 708 humilius.
990 672 1104 708 Unde
1150 680 1283 707 errant
1328 670 1542 707 infideliter

226 730 292 779 qui
326 729 555 778 sompniant
589 731 695 778 quod
729 729 942 766 falsificare
979 729 1111 778 prima
1143 729 1342 778 principia
1376 728 1433 764 illi
1467 728 1540 764 soli

225 790 359 824 subest
399 787 465 836 qui
506 796 636 836 potest
676 787 807 824 facere
846 796 1027 824 centrum
1068 787 1205 823 mundi
1252 800 1336 823 esse
1378 786 1542 823 inferius

226 859 347 894 quam
392 854 467 891 est3
513 858 605 882 nam
651 845 731 882 sive
770 846 991 882 rarefactus
1030 845 1147 881 fuerit
1196 847 1369 881 mundus
1407 857 1542 881 versus

173 918 210 938 10
225 917 337 940 suam
384 903 757 940 circumferenciam
802 903 955 940 infinite
993 903 1073 940 sive
1107 905 1375 940 condensatus
1407 915 1542 939 versus

225 962 308 998 eius
348 961 524 998 medium
564 963 614 998 ad
651 974 733 997 non
765 969 959 1010 quantum
999 961 1080 997 sive
1124 970 1255 997 motus
1288 961 1471 998 localiter
1503 960 1542 996 in

224 1032 350 1056 vacuo
380 1019 550 1065 infinito,
575 1020 676 1056 foret
699 1028 880 1056 centrum
911 1019 994 1056 eius
1025 1019 1213 1056 continue
1238 1031 1337 1067 eque
1361 1021 1542 1061 bassum;

225 1077 315 1113 ideo
355 1077 430 1114 ista
475 1077 680 1114 conclusio
715 1077 914 1114 claudicat
948 1077 987 1113 in
1021 1079 1189 1114 duobus.
1231 1079 1375 1114 Utrum
1409 1086 1542 1113 autem

225 1135 411 1172 divinitas
451 1135 500 1171 sit
539 1135 701 1172 humilis
741 1144 797 1172 est
837 1135 1095 1173 contenciosa
1134 1134 1394 1184 equivocacio
1436 1136 1542 1183 apud

171 1197 206 1228 15
225 1194 391 1240 multos3
426 1194 589 1242 quidam
614 1194 719 1230 enim
745 1194 881 1230 dicunt
905 1195 1012 1242 quod
1036 1193 1240 1230 humilitas
1273 1193 1313 1229 in
1347 1206 1417 1230 sua
1450 1205 1544 1229 ana-

226 1252 331 1300 logia
376 1260 434 1288 est
478 1252 662 1289 voluntas
707 1252 747 1288 in
795 1253 921 1300 gradu
960 1251 1033 1288 sibi
1075 1264 1252 1300 congrua
1291 1251 1542 1299 persistendi,

227 1319 264 1346 et
298 1310 354 1346 sic
386 1319 467 1346 tam
492 1310 668 1346 Trinitas
702 1319 760 1347 est
792 1309 993 1346 infinitum
1028 1310 1189 1346 humilis
1222 1322 1343 1358 quam
1377 1309 1544 1358 quilibet

228 1377 412 1404 creatura
451 1368 665 1405 racionalis
705 1369 823 1405 debet
861 1380 945 1405 esse
984 1368 1159 1414 humilis,
1200 1367 1292 1404 licet
1331 1376 1542 1416 peccantes

229 1426 402 1463 finaliter
434 1435 524 1462 sunt
557 1428 605 1462 ab
629 1426 855 1463 humilitate
887 1435 1082 1475 perpetuo
1115 1425 1290 1475 spoliati.
1325 1427 1401 1462 Sed
1426 1425 1543 1462 relin-

170 1496 213 1518 20
229 1485 389 1532 quendo
447 1484 726 1521 difficultatem
780 1484 898 1521 istam
958 1484 1178 1521 scolasticis
1238 1485 1540 1520 concedendum

226 1542 383 1578 videtur
405 1543 526 1591 quod,
556 1542 657 1578 sicut
681 1542 862 1578 Christus
885 1551 942 1579 est
965 1542 1165 1578 infinitum
1191 1541 1332 1578 melior
1355 1540 1543 1578 divinitus

227 1613 348 1648 quam
389 1600 472 1636 eius
511 1600 755 1647 humanitas,
800 1600 856 1637 sic
894 1609 952 1637 est
991 1602 1038 1636 de
1077 1600 1156 1636 suis
1199 1599 1412 1636 virtutibus
1456 1612 1542 1635 sen-

227 1658 433 1705 ciendum;
478 1658 653 1707 quelibet
698 1659 803 1695 enim
846 1658 970 1695 virtus
1004 1671 1124 1706 quam
1159 1659 1277 1694 habet
1311 1657 1542 1694 humanitus

227 1725 283 1752 est
334 1717 641 1765 quomodolibet
692 1716 972 1765 inseparabilis
1017 1718 1066 1752 ab
1107 1716 1242 1752 anima
1300 1717 1367 1752 sed
1418 1715 1541 1752 virtus

171 1776 209 1809 25
226 1787 347 1823 quarn
387 1776 507 1811 habet
545 1774 733 1811 divinitus
773 1784 829 1811 est
861 1774 1184 1811 substancialiter
1222 1787 1292 1810 sua
1325 1773 1541 1822 sapiencia,

226 1846 307 1869 non
339 1833 511 1881 qualitas
542 1834 604 1870 vel
637 1833 824 1869 accidens
856 1832 1083 1869 inexistens.

285 1893 490 1937 Quantum
514 1892 563 1927 ad
587 1893 807 1928 secundum
831 1891 977 1927 dicitur
992 1892 1175 1939 negando
1192 1889 1540 1939 consequendam,

227 1961 317 1985 cum
364 1949 546 1986 Christus
596 1962 676 1986 non
721 1949 922 1986 infinitum
968 1949 1121 1985 excedit
1168 1949 1291 1985 alium
1337 1948 1541 1985 hominem

226 2007 470 2051 humanitus,
505 2020 595 2044 cum
629 2007 759 2044 omnis
792 2007 990 2056 perfeccio
1019 2020 1139 2056 quam
1171 2008 1290 2043 habet
1313 2006 1543 2043 humanitus

170 2069 211 2101 30
226 2065 275 2102 sit
308 2065 439 2112 finita;
472 2078 545 2102 nec
577 2066 757 2115 sequitur
789 2079 832 2103 ex
860 2066 937 2102 isto
970 2067 1079 2114 quod
1110 2064 1392 2102 denominacio
1420 2077 1541 2113 quam

226 2123 407 2160 Christus
445 2124 564 2160 habet
602 2124 832 2161 humanitus
864 2125 1084 2160 secundum
1117 2123 1303 2160 virtutem
1336 2123 1398 2159 vel
1430 2121 1543 2159 boni-

225 2190 349 2218 tatem
398 2182 530 2219 anime
576 2191 613 2219 et
659 2182 942 2219 denominacio
980 2182 1144 2219 alterius
1183 2181 1357 2218 hominis
1395 2180 1542 2229 speciei

225 2240 445 2276 consimilis
475 2240 624 2289 poterit
649 2240 852 2289 coequari.
887 2241 1001 2277 Unde
1029 2239 1248 2288 garrientes
1272 2248 1414 2275 contra
1436 2238 1541 2275 istud

226 2299 452 2335 concedunt
492 2300 600 2347 quod
640 2298 871 2347 superficies
913 2307 971 2335 est
1008 2297 1210 2334 infinitum
1252 2297 1381 2334 maior
1419 2309 1541 2346 quam

296 2441 317 2460 1.
337 2432 393 2460 ΑΕ
412 2432 443 2460 in
464 2441 578 2469 marg:
607 2433 780 2468 Responsio
801 2433 836 2461 tri
864 2434 928 2467 lex;
959 2433 987 2460 A
1007 2433 1037 2460 in
1059 2441 1174 2467 marg:
1199 2440 1224 2466 13
1255 2432 1279 2459 1.)
1302 2431 1331 2459 in
1353 2439 1468 2466 marg:
1490 2431 1540 2458 Ad

226 2468 373 2503 primum.
445 2477 475 2503 4.
489 2469 535 2496 A:
557 2477 612 2495 nec
632 2468 715 2495 Deus
736 2477 814 2502 n0n;
866 2468 906 2495 E:
927 2468 1009 2495 enim
1031 2476 1092 2495 non
1113 2467 1207 2494 Deus.
1288 2466 1312 2494 5.
1328 2467 1372 2494 A:
1395 2466 1540 2502 supposi-

224 2508 290 2531 tum
310 2502 479 2542 quoddam.
545 2512 571 2539 7.
588 2503 657 2531 DE:
678 2503 852 2531 falsificaret
873 2503 974 2538 primo
996 2502 1167 2538 principi03
1188 2502 1228 2530 E:
1250 2501 1426 2529 falsificacio
1448 2500 1540 2540 primi

225 2537 370 2578 princlpii
389 2538 443 2565 illi.
526 2538 555 2566 8.
576 2538 621 2566 A:
642 2546 710 2565 esse
730 2538 824 2565 deest.
904 2545 934 2574 9.
954 2537 994 2565 E:
1018 2537 1219 2565 rarusfactus.
1293 2543 1333 2564 12.
1355 2537 1400 2564 A:
1424 2536 1539 2569 bas1m;

225 2573 266 2600 ib.
287 2573 312 2600 D
328 2580 359 2600 in
374 2580 472 2608 marg.
486 2572 557 2600 inf.:
579 2573 689 2600 Utrum
711 2572 857 2600 divinitas
877 2577 922 2600 est
941 2572 1078 2608 humilis,
1100 2571 1183 2607 quod
1199 2571 1224 2599 si
1240 2579 1313 2607 non,
1333 2575 1406 2598 tunc
1420 2570 1542 2598 videtur

225 2607 307 2643 quod
334 2607 571 2635 fundamentum
602 2608 741 2635 omnium
769 2608 918 2635 virtutum
939 2615 1000 2635 non
1022 2611 1067 2634 est
1086 2607 1116 2634 in
1138 2607 1215 2634 Deo.
1359 2614 1400 2640 14·
1420 2606 1465 2633 A:
1496 2610 1541 2632 est

225 2642 362 2669 vocacio.
483 2642 521 2670 15.
543 2644 587 2671 A:
609 2642 736 2679 quidam
758 2647 876 2676 autem;
906 2642 947 2670 ib.
970 2642 992 2669 E
1012 2642 1042 2670 in
1064 2649 1179 2677 marg:
1201 2641 1312 2669 Utrum
1334 2640 1481 2668 divinitas
1503 2639 1541 2667 sit

225 2677 353 2704 humilis
373 2677 542 2705 humilitas.
691 2679 732 2705 16.
754 2678 824 2705 DE:
855 2677 886 2705 in
905 2676 1024 2712 gracia;
1055 2677 1096 2704 ib.
1118 2678 1141 2705 E
1162 2676 1192 2704 in
1215 2683 1329 2711 marg:
1359 2675 1538 2703 Humilitas.

225 2719 272 2743 20.
293 2719 332 2739 21.
353 2712 398 2740 A:
420 2712 646 2740 comedendum
667 2713 797 2740 videtur.
859 2720 902 2739 22.
924 2712 992 2740 DE:
1017 2720 1110 2748 quam
1131 2716 1185 2739 est.
1243 2710 1287 2744 23,
1302 2718 1350 2745 24.
1366 2711 1410 2738 A:
1433 2710 1540 2737 huma-

225 2747 307 2774 nitus
328 2751 374 2774 est
393 2751 532 2774 creatura
552 2748 638 2779 licet:
662 2748 682 2774 h·
705 2748 832 2775 rectius:
854 2751 898 2774 est
919 2747 1060 2783 qualitas.
1203 2754 1248 2781 27.
1268 2747 1296 2773 A
1317 2745 1347 2772 in
1370 2753 1483 2784 marg:
1506 2751 1538 2783 23

225 2781 278 2808 DE
297 2782 327 2809 in
349 2790 462 2817 marg:
483 2782 532 2809 Ad
554 2782 737 2810 secundum.
869 2790 916 2817 29.
938 2781 1007 2809 DE:
1028 2790 1098 2809 cum
1120 2789 1302 2817 quecunque
1322 2780 1538 2807 denominacio

224 2824 317 2851 quam
338 2816 438 2843 habet.
511 2816 554 2845 33.
577 2817 694 2844 Codd.:
717 2821 877 2851 poterunt3
898 2817 938 2844 ib.
954 2817 999 2844 A:
1021 2824 1182 2852 coequare.

293 2911 326 2942 4,
347 2900 376 2933 5.
397 2899 450 2934 Cf.
470 2900 691 2943 Trialogum‚
717 2911 794 2944 pag.
820 2899 893 2941 164.
971 2899 1021 2932 16.
1042 2900 1093 2932 Cf.
1113 2900 1335 2942 Trialogum,
1361 2908 1440 2941 pag.
1465 2897 1539 2930 165.

1755 283 1820 317 191

1618 392 1766 419 Answer:

1556 426 1579 452 lt
1601 426 1625 452 is
1646 427 1829 460 impossible

1574 464 1619 486 101·
1641 470 1709 487 inan
1732 467 1761 487 [υ
1784 463 1818 488 be

1583 504 1666 521 inore
1689 497 1811 522 liumble

1592 531 1660 556 Iliun
1683 531 1797 557 Christ.

1580 911 1705 938 I‘arallel
1728 912 1805 938 from

1567 946 1615 972 tlie
1636 946 1822 982 iinmobility

1581 981 1615 1007 of
1632 982 1681 1007 the
1702 981 1814 1007 earth's

1639 1020 1748 1042 eentre.

1577 1201 1669 1228 What
1680 1202 1831 1240 *humility

1679 1245 1713 1262 is.

1628 1954 1762 1980 Clirist‘s

1588 1989 1749 2016 attributes
1769 1997 1802 2015 as

1589 2031 1659 2050 man
1680 2032 1729 2050 are
1751 2028 1803 2050 not

1634 2058 1759 2085 infinite.
