1986 3380
186 322 264 369 298

183 853 395 889 Opportunitx·
415 855 449 881 of

195 889 384 927 martyrdom
409 890 433 916 is

203 928 253 949 not
277 929 420 957 wanting.

762 332 988 364 JOHANNis
1010 333 1192 364 WYCLIF
1211 332 1467 365 SERMONUM
1529 317 1684 376 [SERMO
1706 329 1783 358 XLI.

473 440 673 488 interioris
721 440 892 475 hominis
932 440 1073 487 aperit.
1116 453 1162 475 ne
1205 453 1272 487 per
1312 440 1417 476 dicta
1456 441 1679 477 velamenta
1724 453 1785 478 ec-

473 498 676 546 clipsetur‚
718 497 770 534 ita
811 499 916 546 quod
963 499 1136 534 revelare
1175 497 1223 533 sit
1257 507 1396 534 contra
1435 499 1658 534 velamenta
1693 500 1784 547 dya-

473 556 603 593 bolica
648 556 816 604 aperire.
865 557 1067 592 llabemus
1113 555 1217 591 enim
1258 556 1448 592 festucam
1490 556 1527 592 in
1573 556 1700 593 oculis
1744 566 1785 593 ut

473 624 637 663 peccata
672 625 707 650 et
742 615 934 650 habemus
971 613 1210 661 temporalia
1243 623 1284 649 ut
1320 613 1455 649 mundi
1491 613 1654 651 divicias
1688 624 1784 651 tem-

473 674 631 721 porales
665 686 709 708 ac
744 671 966 707 mundiales
1008 671 1359 719 concupiscencias
1397 673 1536 708 oculos
1577 671 1818 709 interiorCSS

473 731 645 767 hominis
678 729 796 766 nimis
830 729 1021 775 velancia,
1062 729 1116 766 sic
1151 731 1256 778 quod
1292 743 1370 765 non
1409 730 1630 767 sufficimus
1670 732 1785 779 longe

472 799 509 826 et
534 790 611 825 late
635 788 781 826 videre.
817 788 917 823 sicut
948 787 1188 824 suffecerunt
1214 788 1347 824 fideles
1373 788 1572 835 primitive
1606 789 1783 827 ecclesie.

531 850 575 882 Et
610 847 638 882 si
676 846 845 881 dicimus
879 847 983 893 quod
1026 855 1181 882 tantum
1218 848 1344 882 Deum
1385 846 1587 895 diligimus
1627 860 1672 884 ac
1712 860 1784 896 pro

472 918 609 942 amore
662 917 733 940 suo
787 903 980 940 libencius
1034 904 1270 951 martyrium
1323 914 1567 952 pateremur,
1622 905 1784 942 indubie

471 972 608 999 nostra
633 961 888 998 conversacio
914 962 1167 1005 contradicit,
1201 962 1295 1010 quia
1319 975 1436 998 nemo
1461 972 1517 998 est
1541 962 1579 998 in
1604 963 1783 1005 ecclesia,
1805 974 1843 997 ιο

471 1021 567 1069 quin
601 1019 747 1069 poterit
780 1029 817 1056 et
850 1021 993 1056 debeat
1027 1033 1109 1056 esse
1144 1029 1306 1068 martyr.
1341 1020 1380 1056 Si
1416 1020 1519 1057 enim
1555 1030 1785 1058 constanter

470 1079 620 1115 resistis
653 1077 890 1115 adversariis
923 1078 1019 1126 legis
1051 1078 1211 1123 Christi,
1238 1078 1401 1115 habebis
1426 1078 1552 1115 eciam
1586 1092 1712 1128 usque
1735 1081 1784 1116 ad

472 1146 643 1173 mortem
668 1135 862 1184 plurimos
893 1135 1090 1173 inimicos.
1116 1138 1201 1173 Sed
1226 1145 1294 1173 tua
1318 1136 1532 1173 infidelitas
1556 1150 1633 1186 qua
1655 1137 1784 1174 nescis

471 1196 589 1231 fidem
625 1194 850 1231 discernere
883 1194 943 1230 vel
982 1193 1068 1242 ipsa
1108 1194 1267 1243 cognita
1308 1204 1516 1243 tamquam
1557 1195 1685 1232 fidelis
1718 1198 1782 1232 de-

471 1254 630 1289 fendere
671 1252 763 1289 facit
804 1261 840 1288 te
874 1251 1090 1288 infideliter
1129 1252 1320 1297 delicere;
1360 1254 1466 1301 quod
1508 1252 1539 1289 si
1573 1262 1680 1290 totus
1714 1254 1840 1302 po-15

470 1312 586 1359 pulus
631 1310 680 1347 sit
726 1323 940 1347 conversus
987 1319 1023 1346 et
1069 1310 1240 1347 fideliter
1285 1310 1422 1358 diligat
1465 1312 1597 1347 Jesum
1652 1325 1782 1352 suum,

470 1369 597 1405 fidelis
623 1370 739 1405 debet
774 1381 898 1416 usque
923 1370 972 1404 ad
1007 1377 1177 1404 mortem
1202 1369 1387 1405 laborare
1421 1368 1533 1405 anxie
1558 1382 1630 1417 pro
1665 1372 1783 1406 robo-

471 1427 630 1463 racione
663 1426 758 1475 legis
783 1426 945 1472 credite,
981 1436 1017 1462 et
1051 1435 1144 1463 tunc
1177 1426 1339 1463 indubie
1373 1427 1474 1464 foret
1507 1437 1670 1475 martyr.
1705 1430 1780 1465 Sed

469 1485 556 1533 quis
595 1486 714 1521 audet
750 1484 868 1521 hodie
912 1485 972 1520 vel
1011 1494 1241 1521 constanter
1280 1486 1463 1533 detegere
1503 1486 1562 1522 vel
1601 1495 1784 1534 potenter

470 1543 653 1580 resistere
697 1542 988 1579 tradicionibus
1026 1542 1285 1579 Antichristi?
1323 1543 1480 1580 Veritas
1525 1543 1686 1592 quidem
1727 1553 1783 1580 est
1802 1556 1842 1577 20

470 1603 577 1649 quod
610 1610 695 1637 tota
719 1600 813 1637 cleri
839 1600 1007 1637 ecclesia
1030 1602 1147 1637 debet
1171 1614 1306 1638 carere
1330 1602 1425 1637 dota
1453 1598 1457 1654 Ι
1487 1601 1600 1638 cione
1623 1614 1782 1638 cesarea
1800 1591 1881 1654 {⁸0¹3

471 1669 507 1696 et
541 1659 671 1695 vivere
704 1672 802 1707 pure
835 1671 880 1695 ac
914 1671 1033 1706 parce
1066 1660 1113 1695 de
1146 1658 1360 1707 temporali
1394 1659 1611 1696 elemosina
1644 1647 1863 1696 secun-²¹7

471 1719 563 1753 dum
589 1719 694 1766 quod
721 1716 905 1765 congruit
928 1730 1000 1753 suo
1025 1716 1248 1753 ministerio
1271 1717 1484 1765 spirituali.
1516 1717 1630 1754 Globi
1657 1717 1782 1754 eciam

470 1775 613 1823 quibus
659 1774 987 1823 conglutinantur
1030 1784 1136 1811 secte
1174 1775 1409 1812 tradicionis
1440 1776 1595 1812 novelle
1641 1777 1784 1812 debent

472 1833 662 1870 radicitus
695 1832 895 1881 dissipari.
942 1834 1018 1869 Sed
1058 1832 1146 1881 quis
1186 1842 1243 1869 est
1283 1835 1329 1869 de
1370 1833 1477 1869 clero
1511 1833 1577 1882 qui
1610 1834 1671 1870 vel
1704 1847 1783 1870 non
1802 1835 1841 1868 25

469 1893 589 1928 audet
627 1892 687 1928 vel
726 1890 845 1927 nimis
883 1890 1049 1927 remisse
1092 1891 1239 1939 detegit
1278 1891 1394 1927 istam
1439 1891 1594 1928 fidelem
1629 1901 1784 1928 senten-

470 1949 598 1986 ciam?
642 1951 690 1985 Et
731 1949 819 1998 quis
859 1957 916 1984 est
961 1950 1008 1985 de
1054 1948 1219 1986 brachio
1258 1948 1429 1986 seculari
1469 1949 1535 1998 qui
1574 1962 1646 1986 nec
1679 1950 1783 1987 fovet

470 2016 736 2044 consentanee
774 2020 846 2044 nec
885 2006 965 2054 agit
1009 2006 1127 2043 nimis
1167 2006 1331 2044 remisse
1375 2008 1425 2044 ad
1464 2007 1582 2044 istam
1622 2007 1783 2044 ordina-

469 2065 623 2102 cionem
659 2065 819 2102 Domini
853 2064 1139 2111 suscitandam,
1179 2078 1269 2101 cum
1309 2078 1381 2102 nec
1420 2067 1467 2101 de
1506 2065 1671 2102 brachio
1704 2078 1783 2102 uno

468 2136 541 2160 nec
557 2124 683 2159 altero
699 2124 758 2160 vel
774 2123 822 2159 sit
838 2135 1009 2172 persona
1024 2132 1382 2172 quantumcunque
1398 2122 1537 2160 debilis
1552 2124 1612 2160 vel
1628 2123 1784 2160 abiecta
1799 2125 1842 2159 30

469 2194 544 2229 que
588 2194 668 2217 non
713 2181 837 2229 possit
881 2180 1016 2217 iuvare
1060 2181 1261 2227 oracione,
1308 2181 1412 2218 facto
1450 2182 1511 2217 vel
1551 2181 1694 2218 merito
1734 2183 1782 2218 ad

470 2239 584 2275 istam
609 2239 911 2276 ordinacionem
931 2239 1077 2276 Christi
1107 2252 1179 2287 pro
1203 2252 1273 2275 sua
1297 2239 1463 2276 ecclesia
1486 2239 1784 2276 suscitandam?

469 2299 631 2334 Certum
667 2306 724 2334 est
757 2310 799 2334 ex
834 2297 910 2334 lide
942 2298 1051 2345 quod
1083 2306 1299 2346 antequam
1332 2297 1407 2334 ista
1435 2296 1643 2334 ordinacio
1667 2297 1783 2334 fuerit

469 2357 669 2392 destructa
704 2355 909 2401 radicitus,
943 2367 1164 2404 numquam
1205 2355 1395 2391 militabit
1429 2354 1575 2393 Christi
1616 2355 1783 2392 ecclesia

468 2413 551 2449 sine
595 2413 805 2458 velamine,
854 2413 1162 2461 perturbacione
1201 2422 1237 2450 et
1277 2412 1423 2450 Christi
1463 2412 1723 2460 displicencia
1761 2414 1840 2450 a35

470 2471 612 2507 merito
645 2472 694 2508 ad
728 2470 900 2519 patriam
935 2471 1145 2508 tardativa.
1181 2471 1278 2517 Quis
1302 2470 1406 2507 enim
1439 2483 1520 2507 non
1553 2471 1700 2519 poterit
1723 2471 1783 2508 vel

467 2541 548 2565 non
587 2528 883 2566 consenciendo
921 2529 980 2566 vel
1019 2528 1241 2566 subsidium
1283 2529 1554 2565 subtrahendo
1599 2528 1782 2566 resistere

467 2586 614 2624 talibus
646 2586 926 2624 Antichristis?

526 2645 603 2681 Sed
642 2644 860 2693 replicatur
899 2653 1039 2682 contra
1080 2645 1184 2681 istud
1222 2644 1490 2681 communiter
1528 2645 1649 2693 quod,
1690 2644 1781 2681 licet

468 2702 610 2751 prelati
645 2702 789 2739 fuerint
828 2712 1074 2751 peccatores,
1115 2711 1250 2739 tamen
1284 2702 1445 2739 racione
1484 2702 1688 2750 dignitatis
1721 2713 1838 2745 re-4o

539 2833 558 2852 i.
580 2824 620 2852 E:
644 2824 803 2852 velamina.
907 2824 931 2852 3.
954 2824 1022 2852 DE:
1045 2824 1228 2852 Habuimus.
1340 2825 1377 2859 15,
1401 2824 1441 2852 16.
1462 2825 1507 2852 A:
1531 2833 1570 2860 po
1597 2825 1664 2852 ulus
1685 2824 1778 2852 deest.

468 2867 513 2886 20.
536 2859 559 2886 1⁴:
579 2859 608 2886 in
632 2867 744 2893 marga
768 2859 898 2886 Veritas.
1035 2866 1079 2886 22.
1100 2859 1144 2886 A:
1175 2868 1209 2886 ac
1231 2860 1372 2895 perfecte.
1497 2858 1540 2887 23.
1600 2868 1607 2886 :
1638 2859 1778 2895 spiritali.

469 2901 515 2929 20.
537 2895 579 2921 A:
603 2894 700 2921 licum
723 2894 943 2921 suscitandam.
1026 2893 1073 2921 30.
1093 2894 1137 2921 A:
1160 2902 1219 2921 non
1241 2895 1335 2921 allero
1357 2894 1400 2921 vel
1422 2893 1469 2921 sit.
1556 2892 1599 2921 32.
1620 2894 1663 2921 A:
1686 2893 1780 2921 susci-

468 2928 591 2955 tandam
613 2928 705 2955 deest.
796 2927 840 2963 37.
862 2929 934 2956 Ab:
957 2936 1016 2955 non
1038 2928 1130 2956 deest.
1221 2927 1266 2957 36.
1287 2930 1315 2957 A
1337 2928 1366 2956 in
1387 2936 1500 2964 marg:
1522 2928 1684 2963 Obieccio;
1705 2928 1730 2956 E
1750 2928 1779 2956 in

468 2971 580 2998 marg.:
602 2962 732 2998 Replica.
