1986 3380
192 294 217 327 4-

224 291 242 316 [ἃ

252 291 272 316 ιο

208 1214 266 1242 and
289 1218 319 1241 to
341 1213 452 1249 punish

243 1250 279 1276 all
302 1249 423 1276 crimes.

223 1737 448 1766 Ecclesiastical

236 1772 430 1807 jurisdiction

201 1809 315 1844 mainly
327 1806 474 1843 usui'ped.

779 287 1001 320 JOHANle
1020 286 1202 318 VVYCLIF
1221 285 1477 317 SERMONUM
1530 270 1682 328 [SERMO
1702 281 1796 309 LVII·

483 396 618 432 iuvare
650 407 743 431 suos
786 393 912 442 legios
960 405 1030 440 per
1063 391 1356 427 Antichristum
1403 402 1631 438 oppressos,
1668 390 1795 426 mani-

484 454 626 490 festum
669 462 726 489 est
766 453 872 501 quod
917 450 991 499 ipsi
1032 451 1177 486 debent
1211 458 1352 485 contra
1393 448 1523 497 ipsum
1564 460 1634 496 per
1667 456 1794 484 artem

483 524 595 548 suam
632 522 830 560 exponere
863 519 944 545 tam
981 509 1029 545 de
1061 509 1145 555 lege
1170 506 1334 544 Domini
1359 519 1478 555 quam
1512 514 1668 543 nature.
1703 507 1795 542 Ideo

484 571 532 606 ad
567 569 740 618 primum
789 577 897 616 patet
943 567 1051 615 quod
1095 565 1134 601 in
1181 564 1326 601 minori
1372 565 1514 601 falsum
1560 563 1796 605 assumitur;

484 629 559 664 hoc
604 627 706 664 enim
754 639 835 662 non
879 633 936 661 est
981 636 1149 660 onerare
1195 635 1305 670 reges
1351 631 1387 659 et
1421 621 1607 659 dominos
1646 623 1713 658 sed
1747 623 1798 658 ad

484 691 585 735 opu's
624 686 712 733 plus
738 683 987 720 meritorium
1013 681 1197 727 excitare,
1234 690 1271 717 et
1304 682 1352 717 de
1385 689 1534 729 quanto
1565 679 1619 716 eis
1643 679 1798 716 facilius

485 752 521 781 et
555 757 576 780 a
615 741 906 780 tradicionibus
952 739 1137 776 humanis
1171 738 1404 784 distancius,
1451 739 1498 775 de
1542 746 1655 774 tanto
1689 737 1798 785 eligi-

484 801 614 838 bilius.
650 802 764 838 Unde
798 799 945 836 Paulus
978 811 1058 835 non
1081 797 1259 846 loquitur
1292 796 1502 834 adduxisse
1534 794 1714 833 notarios
1737 796 1798 832 vel

485 861 704 897 secundum
739 858 909 894 formam
945 868 1021 905 que
1054 855 1134 893 iam
1159 855 1325 903 exigitur
1347 855 1583 903 appellasse.
1617 856 1666 891 Et
1687 862 1798 903 patet

486 920 534 955 ad
570 915 927 954 confirmacionem
963 915 1071 963 quod
1104 914 1237 950 nullus
1272 913 1400 950 fidelis
1439 921 1647 961 appeteret
1687 913 1796 960 quod

487 989 598 1023 reges
633 975 762 1011 forent
796 986 884 1010 cum
920 973 1067 1009 talibus
1102 971 1393 1008 tradicionibus
1427 970 1577 1008 frivolis
1610 969 1797 1018 occupati

486 1036 552 1070 sed
599 1032 848 1069 brevioribus
883 1031 1024 1068 mediis
1070 1029 1214 1078 quibus
1267 1029 1495 1066 sufficerent
1548 1036 1798 1077 apponerent

487 1091 619 1128 media
664 1099 805 1127 contra
850 1091 984 1126 hostes
1028 1088 1126 1136 legis
1175 1087 1306 1124 divine
1357 1099 1472 1124 suam
1517 1086 1708 1135 regaliam
1762 1094 1799 1123 et

486 1150 710 1186 libertatem
747 1147 912 1184 ecclesie
944 1146 1216 1194 infringentes.

544 1208 603 1243 Ad
627 1207 846 1243 secundum
872 1214 980 1254 patet
1002 1205 1109 1253 quod
1126 1216 1236 1251 reges
1260 1215 1349 1240 cum
1375 1203 1452 1239 sint
1476 1202 1611 1239 fideles
1635 1201 1800 1239 ecclesie

488 1267 632 1302 debent
651 1263 943 1301 ecclesiasticas
960 1275 1100 1300 causas
1125 1261 1337 1307 discutere,
1361 1273 1499 1309 ymmo
1525 1256 1646 1314 (sicut
1670 1260 1801 1308 placet

487 1323 712 1371 Augustino
747 1331 783 1359 et
821 1321 965 1358 ceteris
1006 1320 1172 1370 sanctis)
1213 1321 1358 1356 debent
1391 1318 1603 1364 adulteria,
1638 1318 1800 1366 rapinas

488 1391 524 1419 et
558 1390 710 1418 ceteras
744 1379 911 1416 iniurias
952 1379 1023 1415 Dei
1064 1387 1100 1415 et
1132 1377 1342 1414 hominum
1384 1377 1423 1413 in
1456 1376 1587 1425 regnis
1620 1376 1700 1413 suis
1733 1377 1799 1412 de-

487 1449 640 1477 struere
686 1451 732 1475 eo
777 1439 884 1487 quod
929 1437 1101 1474 fovendo
1146 1436 1214 1472 illa
1257 1436 1318 1472 vel
1368 1435 1655 1484 permittendo,
1708 1447 1798 1471 cum

488 1500 692 1535 destruere
725 1496 968 1542 sufficerent,
1002 1495 1104 1532 foret
1135 1507 1217 1531 non
1240 1494 1370 1530 solum
1396 1506 1517 1542 regna
1539 1505 1610 1530 sua
1632 1493 1799 1541 perdere

488 1558 556 1593 sed
591 1554 929 1604 dampnacionem
961 1562 1196 1602 perpetuam
1223 1564 1267 1588 ex
1290 1551 1508 1589 omissione
1531 1550 1652 1587 divini
1677 1550 1799 1587 officii

489 1613 656 1651 iniuncti
689 1613 906 1650 incurrere.
942 1613 1024 1648 Hec
1058 1611 1163 1648 enim
1198 1619 1255 1647 est
1290 1623 1409 1647 causa
1434 1622 1556 1658 quare
1579 1610 1799 1646 secundum

489 1673 730 1721 Apostolum
758 1678 920 1721 portant
951 1670 1142 1721 gladium.

547 1733 595 1767 Et
629 1738 823 1779 quantum
858 1730 908 1765 ad
949 1727 1255 1764 distinccionem
1301 1726 1496 1771 fororum,
1544 1732 1653 1773 patet
1693 1725 1801 1772 quod

491 1788 622 1826 maior
653 1800 745 1837 pars
778 1787 858 1824 iam
893 1785 1089 1823 currentis
1111 1783 1314 1822 sentencie
1349 1792 1406 1820 est
1429 1791 1519 1832 post
1543 1781 1799 1819 dotacionem

491 1846 656 1884 ecclesie
689 1847 738 1882 ab
772 1844 1020 1882 Antichristo
1054 1853 1092 1880 et
1123 1843 1204 1880 suis
1229 1841 1493 1890 complicibus
1517 1849 1659 1878 contra
1690 1852 1802 1877 secu-

490 1906 572 1942 lare
605 1903 814 1941 brachium
849 1901 1153 1939 infundabiliter
1193 1908 1400 1948 usurpata.
1446 1901 1520 1936 Sed
1563 1898 1659 1947 quid
1694 1898 1801 1934 fideli

491 1964 597 2012 quod
631 1963 837 2011 presbyter
859 1961 1060 1997 johannes
1084 1959 1193 2005 dicit,
1219 1959 1455 2008 prandendo
1481 1956 1673 2003 maniace,
1698 1969 1803 1993 nunc

491 2022 677 2057 comedat
727 2028 834 2055 totus
889 2018 1084 2054 mundus?
1129 2020 1279 2054 Revera
1323 2025 1405 2052 tam
1451 2015 1688 2052 derisorium
1742 2015 1803 2051 vel

491 2079 728 2115 blasfemum
776 2086 833 2113 est
878 2078 985 2125 quod
1044 2078 1250 2112 Romanus
1307 2075 1515 2123 presbyter
1559 2072 1666 2110 dicat
1718 2072 1803 2109 sine

492 2136 751 2173 fundacione:
785 2138 867 2171 Nos
899 2135 1084 2171 volumus
1118 2133 1173 2170 ita
1198 2145 1295 2170 esse.
1321 2132 1426 2178 Quid
1450 2144 1543 2180 ergo
1572 2130 1802 2168 blasfemius

491 2208 612 2243 quam
647 2195 754 2243 quod
793 2193 884 2230 talis
924 2194 1132 2241 presbyter
1172 2200 1321 2228 statuat
1362 2203 1451 2227 cum
1492 2189 1571 2226 suis
1610 2188 1803 2226 canceriis

492 2265 611 2302 quam
658 2251 840 2289 notarius
885 2263 1004 2299 quem
1051 2250 1136 2299 ipse
1181 2248 1395 2298 signaverit
1434 2248 1564 2285 valeat
1604 2246 1804 2296 quoslibet

561 2418 582 2437 1.
604 2409 672 2437 DE:
694 2409 789 2443 legios
810 2408 902 2435 deest,
1011 2406 1037 2435 3.
1058 2407 1114 2435 ΑΕ
1134 2407 1163 2434 in
1185 2414 1298 2441 marg:
1319 2405 1368 2433 Ad
1390 2403 1437 2433 ι···.”
1542 2404 1566 2432 5.
1588 2403 1657 2432 DE:
1680 2411 1740 2431 non
1761 2407 1806 2430 est

493 2445 612 2479 i11varc;
634 2445 738 2472 iuvare
759 2451 837 2470 corr.
860 2443 888 2470 in
911 2450 1024 2477 marg:
1046 2450 1183 2470 onerare.
1266 2441 1293 2468 8.
1314 2440 1354 2468 E:
1376 2439 1445 2467 Non
1467 2439 1587 2475 legitur.
1671 2446 1710 2466 10.
1732 2438 1755 2465 E
1774 2438 1805 2465 in

492 2487 606 2513 marg:
636 2478 684 2507 Ad
716 2477 998 2505 confirmacionem.
1099 2484 1141 2510 14.
1163 2475 1231 2503 DE:
1262 2475 1291 2502 in
1319 2475 1520 2510 fringente-m:
1549 2474 1593 2501 A:
1623 2472 1804 2507 infligentes.

494 2514 530 2542 15.
547 2514 602 2542 sili
623 2514 651 2541 in
674 2521 788 2546 marta:
809 2512 857 2540 Ad
874 2518 928 2545 2¹¹¹;
949 2511 973 2539 E
989 2511 1016 2539 in
1034 2519 1147 2546 marg:
1168 2510 1263 2545 Reges
1285 2510 1395 2537 debent
1416 2508 1621 2536 ecclesiastica
1643 2507 1805 2535 discurere.

494 2549 534 2576 is).
557 2548 624 2576 Μῦς
646 2546 867 2581 ecclesiasticam
887 2554 996 2574 causas
1017 2546 1112 2574 deest.
1186 2553 1231 2572 20.
1255 2544 1296 2572 l‘):
1319 2544 1487 2575 sufficerem
1508 2543 1548 2570 ib.
1566 2545 1609 2570 A:
1631 2550 1684 2569 sua
1705 2542 1805 2576 dces13

493 2584 533 2611 ib.
551 2583 618 2610 1115:
649 2583 781 2609 ‘rodei-e,
838 2589 878 2611 21.
894 2589 937 2608 22.
953 2581 993 2609 E:
1016 2580 1135 2608 domini
1156 2579 1287 2607 servicii.
1344 2586 1392 2612 2⁴1.
1408 2578 1448 2606 E:
1471 2577 1639 2605 Distinccio
1655 2577 1804 2604 sororum.

493 2620 539 2645 28.
560 2618 625 2645 eod
655 2627 678 2644 .:
707 2616 834 2650 manice;
863 2615 1072 2643 manichaico?
1180 2613 1224 2642 32.
1246 2613 1394 2642 canceriis
1416 2623 1445 2637 =
1467 2612 1700 2640 chance-nevies:
1728 2611 1804 2645 ling.

493 2652 680 2680 clianccries.
701 2650 768 2679 The
791 2651 874 2678 word
897 2651 955 2678 had
977 2650 1100 2686 already
1121 2649 1182 2677 this
1201 2649 1281 2677 form
1301 2648 1331 2676 in
1352 2647 1496 2682 English:

489 2692 495 2698 ·
908 2685 940 2713 In
962 2685 1072 2713 cheli-cr
1091 2684 1150 2712 and
1172 2684 1201 2712 in
1222 2684 1392 2718 chancerye

1238 2718 1322 2746 I’iers
1342 2717 1512 2752 Plowman,
1534 2715 1565 2743 Β.
1589 2715 1738 2752 prologne
1759 2713 1805 2750 93.

494 2754 536 2783 33.
557 2756 601 2783 A:
622 2754 821 2789 Notatorius;
841 2754 882 2781 ib.
904 2753 928 2781 E
948 2754 977 2781 in
999 2761 1112 2788 marga
1136 2761 1155 2781 1.

565 2862 617 2895 23.
648 2862 750 2895 Rom.
778 2861 866 2902 XIII,
891 2871 924 2902 4.
1070 2869 1122 2903 27.
1147 2858 1226 2892 Joh.
1253 2858 1447 2902 presbyter,
1480 2857 1539 2901 qui
1574 2857 1606 2890 in
1646 2864 1805 2889 extremo

495 2909 630 2940 oriente
657 2917 804 2950 regnare
830 2907 1027 2951 putabatur.

1814 623 1829 656 5

1819 924 1856 946 10

1820 1204 1857 1237 15

1817 1505 1858 1527 20

1819 1785 1858 1817 25

1820 2075 1862 2107 30
