1986 3380
214 512 364 539 (ialwiel‘s

200 547 328 573 addrcss
351 552 379 573 lo

243 581 290 609 Ma
296 590 322 617 r)
333 603 337 607 .

152 865 237 892 ΜΛΝ
261 875 323 892 was
346 871 425 892 most

178 897 230 928 suit
252 901 287 928 os
303 909 400 935 grace.

742 286 966 319 ,ΙΟΗΑΝΝΙΒ
987 288 1168 321 WYCLIF
1188 290 1447 324 SERMONUM
1528 280 1684 334 [SERMO
1706 292 1755 319 ΧΙ-

444 393 616 442 Angelus
661 403 791 430 autem
840 394 1038 441 ingressus
1083 398 1133 432 ad
1177 410 1258 433 eam
1304 398 1343 434 in
1389 408 1542 435 secreto
1583 400 1753 436 cubiculi

442 460 623 487 orantem
649 453 794 488 salutat
818 466 905 489 earn
931 453 970 489 in
993 466 1153 501 genere:
1189 457 1280 499 Ave,
1305 456 1446 505 inquit,
1469 459 1607 506 gracia
1626 460 1755 508 plena,

444 510 632 545 Dominus
655 518 791 553 tecum,
815 511 1009 547 benedicta
1026 519 1064 547 tu
1088 513 1122 548 in
1147 514 1384 550 mulieribus.
1410 515 1597 552 Obmittit
1620 526 1753 553 autem

442 567 767 604 nominacionem
801 568 964 616 virginis
999 570 1203 618 propriam
1238 582 1403 620 propter
1443 574 1580 615 multa,
1622 575 1754 622 primo

442 638 489 661 ne
542 638 585 661 ex
630 626 903 663 familiaritate
949 628 1246 666 nominacionis
1291 630 1452 678 proprie
1496 631 1607 679 virgo
1653 643 1753 670 esset

444 684 613 719 multum
639 686 884 731 perturbata,
915 688 1090 722 secundo
1115 687 1207 735 quia
1231 688 1329 724 illud
1352 701 1500 725 nomen
1523 690 1651 727 Maria
1675 704 1754 728 non

443 742 558 789 plene
582 751 676 779 tunc
701 742 809 791 (licet
832 747 986 791 postea)
1010 744 1150 793 virgini
1182 748 1449 794 competebat,
1484 757 1521 783 et
1555 748 1679 785 tercio
1713 759 1754 786 ut

444 813 554 836 more
588 800 659 836 Dei
682 802 731 837 'et
764 810 906 838 nature
940 814 1009 839 sue
1042 804 1204 851 angelus
1237 806 1420 852 augendo
1453 808 1659 854 procedat.

501 858 691 904 Quamvis
731 868 865 896 autem
900 861 1126 909 Stephanus
1160 862 1232 898 fuit
1266 863 1406 911 plenus
1438 861 1586 911 g'racia,
1621 874 1756 902 tamen

442 915 654 964 dispariter
679 919 727 954 ad
751 918 934 963 Mariam,
960 932 1050 955 cum
1081 919 1165 967 ipsa
1190 921 1329 957 habuit
1353 921 1471 958 finem
1497 923 1756 970 plenitudinis

441 975 573 1021 gracie
604 975 804 1023 possibilis
834 976 1004 1022 mulieri,
1029 980 1234 1026 quomodo
1261 980 1418 1027 (quero)
1445 980 1570 1028 possit
1599 982 1756 1018 mulieri

441 1032 567 1069 inesse
616 1033 744 1070 maior
788 1034 924 1082 gracia
969 1048 1089 1084 quam
1136 1038 1244 1084 quod
1292 1037 1402 1073 fieret
1444 1038 1679 1076 immediata
1719 1049 1755 1076 et

441 1091 634 1127 naturalis
665 1101 793 1129 mater
823 1092 976 1129 domini
1001 1093 1071 1130 Dei
1102 1094 1241 1139 nostri,
1273 1095 1374 1131 sicut
1406 1095 1491 1132 viro
1521 1109 1601 1133 non
1631 1098 1756 1146 possit

441 1149 568 1185 inesse
614 1150 743 1186 maior
787 1150 922 1198 gracia
966 1160 1099 1188 creata
1143 1165 1264 1200 quam
1306 1162 1362 1189 est
1400 1153 1535 1201 gracia
1573 1155 1757 1192 unionis?

442 1207 632 1252 Quamvis
672 1217 806 1244 autem
840 1209 1035 1246 Dominus
1074 1209 1123 1245 sit
1163 1223 1253 1246 cum
1294 1211 1471 1259 qualibet
1503 1223 1687 1250 creatura
1720 1223 1757 1251 et

441 1265 668 1313 specialiter
701 1279 791 1302 cum
824 1266 1119 1314 predestinatis‚
1144 1267 1217 1304 fuit
1239 1277 1375 1306 tamen
1408 1282 1498 1306 cum
1531 1270 1617 1319 ipsa
1650 1272 1757 1320 prin-

443 1323 636 1371 cipaliter,
684 1337 773 1360 cum
821 1326 868 1360 de
907 1325 973 1361 illa
1017 1325 1073 1362 sic
1119 1338 1281 1363 carnem
1327 1328 1590 1377 assumpserit
1635 1339 1672 1366 et
1716 1330 1757 1366 in

443 1381 679 1418 mulieribus
712 1382 767 1419 sic
800 1383 937 1419 fecerit
970 1383 1235 1423 benedictam.
1274 1385 1356 1429 Que
1388 1398 1473 1422 cum
1505 1388 1675 1424 audisset
1707 1390 1756 1425 ab

442 1440 583 1487 angelo
608 1441 772 1477 verbum
798 1441 1059 1478 salutacionis
1083 1451 1165 1479 tam
1191 1443 1418 1480 excellentis
1443 1453 1563 1493 atque
1587 1445 1755 1483 mirifice

441 1499 596 1533 turbata
626 1506 680 1535 est
708 1512 790 1535 non
820 1499 1055 1536 turbacione
1084 1499 1375 1538 incredulitatis
1397 1503 1457 1539 vel
1480 1502 1755 1541 inconstancie

441 1557 509 1592 sed
543 1556 849 1602 admiracionis;
884 1570 956 1594 nec
985 1559 1171 1595 turbatur
1195 1571 1238 1595 ex
1260 1559 1412 1597 visione
1436 1561 1628 1609 angelica,
1663 1575 1752 1599 curn

442 1613 492 1650 sit
524 1614 670 1651 talibus
693 1614 913 1652 visionibus
947 1625 1118 1663 assueta,
1152 1618 1221 1652 sed
1253 1618 1312 1664 (ut
1344 1628 1458 1655 notat
1491 1620 1754 1668 evangelium)

442 1671 536 1720 quia
574 1672 725 1709 audivit
763 1673 954 1710 nuncium
994 1683 1076 1711 tam
1117 1675 1310 1712 excellens
1349 1685 1469 1725 atque
1509 1687 1753 1723 extraneum,

440 1743 576 1767 verum
602 1740 738 1768 tamen
771 1731 998 1768 turbacioni
1032 1732 1095 1769 isti
1128 1745 1210 1769 non
1243 1734 1386 1770 defecit
1419 1734 1628 1782 discrecio,
1663 1749 1753 1773 cum

441 1789 638 1839 cogitabat
669 1791 793 1838 qualis
831 1798 928 1826 esset
960 1791 1031 1827 ista
1063 1792 1262 1827 salutacio.
1304 1792 1516 1840 Cogitabat
1555 1794 1751 1843 (inquam)

442 1849 648 1895 quomodo
677 1847 750 1884 fuit
783 1857 862 1884 tam
899 1848 1072 1897 simplici
1094 1848 1236 1898 virgini
1268 1850 1451 1898 graciosa
1484 1859 1520 1888 et
1552 1853 1755 1900 cogitabat

442 1905 617 1953 insuper,
665 1918 754 1942 cum
802 1906 971 1942 credidit
1009 1908 1151 1955 angelo
1190 1909 1352 1956 quando
1392 1918 1428 1945 et
1469 1912 1675 1958 quomodo
1713 1910 1753 1947 in

442 1963 528 2011 ipsa
556 1964 657 2000 foret
688 1963 949 2001 effectualiter
977 1965 1216 2014 adimpleta3
1251 1967 1320 2002 sed
1349 1968 1511 2015 angelus
1542 1981 1585 2005 ex
1610 1968 1753 2005 merito

440 2021 603 2070 virginis
633 2035 868 2070 preservans
902 2035 990 2060 eam
1024 2036 1046 2060 a
1078 2023 1315 2061 turbacione
1349 2025 1537 2074 culpabili
1570 2026 1754 2063 nominat

441 2092 527 2116 eam
555 2079 729 2117 filialiter
757 2081 921 2117 nomine
944 2081 1111 2130 proprio
1135 2083 1348 2119 consolans
1377 2097 1458 2120 non
1481 2083 1634 2129 timere,
1659 2084 1753 2134 quia

441 2138 581 2174 invenit
607 2139 786 2188 graciam
810 2140 915 2189 apud
936 2140 1074 2176 Deum.
1111 2143 1212 2177 Nam
1237 2140 1367 2188 prima
1401 2141 1544 2179 mulier
1567 2142 1752 2179 decidens

441 2208 463 2232 a
503 2204 609 2233 statu
653 2196 889 2234 innocencie
926 2197 1102 2246 perdidit
1140 2198 1317 2247 graciam
1358 2212 1428 2248 per
1465 2209 1676 2248 peccatum
1716 2209 1753 2237 et

441 2253 528 2302 ipsa
560 2254 695 2302 gracia
725 2255 797 2291 fuit
830 2255 869 2292 in
893 2264 978 2292 toto
1011 2268 1154 2304 genere
1187 2269 1300 2293 sexus
1322 2257 1482 2294 feminei
1515 2259 1753 2296 abscondita

441 2321 482 2348 ut
508 2312 546 2347 in
571 2311 737 2359 minera,
773 2322 810 2350 et
842 2314 881 2350 in
914 2313 989 2351 ista
1020 2314 1171 2363 virgine
1194 2315 1326 2364 primo
1350 2317 1753 2364 superhabundanter

441 2378 483 2405 ut
524 2383 664 2406 aurum
707 2371 832 2420 magis
875 2372 1043 2409 rutilans
1084 2382 1141 2409 est
1180 2373 1352 2410 inventa.
1405 2375 1578 2411 Causam
1618 2383 1751 2412 autern

442 2427 554 2464 istius
586 2428 718 2476 gracie
752 2429 949 2478 exprimit,
980 2442 1070 2467 curn
1104 2431 1246 2468 asserit
1270 2433 1377 2481 quod
1401 2433 1517 2469 beata
1538 2432 1649 2481 virgo
1672 2445 1752 2470 non

512 2582 530 2600 l.
552 2574 595 2600 A:
618 2575 720 2602 cubili.
795 2584 823 2609 4.
845 2576 873 2602 A
894 2575 922 2603 iu
946 2584 1058 2610 marg:
1082 2585 1108 2611 1;
1130 2576 1154 2604 E
1175 2576 1204 2604 in
1226 2585 1340 2611 marg:
1363 2577 1394 2604 lu
1417 2577 1603 2606 salutacione
1624 2578 1752 2614 virginis

440 2607 592 2635 omittitur
613 2617 724 2636 nomeu
748 2610 919 2645 proprium.
944 2610 1057 2646 Quare.
1167 2611 1191 2639 5.
1211 2612 1256 2639 A:
1279 2612 1402 2647 proprie
1424 2612 1517 2639 deest.
1621 2613 1647 2639 ti.
1670 2615 1698 2641 A
1720 2614 1749 2641 in

442 2651 554 2677 marg.:
577 2650 608 2676 2:
639 2643 678 2671 ib.
701 2645 768 2672 mi:
791 2645 861 2672 ruia
884 2645 965 2672 racio
987 2645 1090 2672 lilarie.
1244 2655 1269 2682 7.
1291 2646 1359 2674 DE:
1382 2646 1433 2674 sed
1457 2651 1580 2682 postea:
1611 2647 1650 2675 ib.
1672 2649 1700 2675 A
1720 2648 1750 2676 iu

441 2685 554 2711 marga
577 2676 601 2704 3.
729 2688 769 2707 10.
802 2689 808 2697 ⁴
835 2680 864 2707 in
887 2688 1001 2720 marg:
1024 2680 1119 2707 Maria
1140 2681 1229 2716 plena
1249 2681 1360 2716 gracia.
1487 2689 1520 2708 11.
1542 2682 1610 2709 DE:
1634 2688 1750 2718 posset.

441 2719 478 2739 12.
500 2712 567 2739 DE:
591 2712 677 2740 foret.
787 2714 825 2745 13.
848 2723 889 2748 η.
908 2714 978 2742 Dh:
1001 2719 1105 2749 posset
1125 2724 1201 2742 esse.
1306 2716 1346 2743 16.
1368 2715 1392 2742 E
1412 2715 1440 2743 iu
1462 2724 1576 2751 marg:
1598 2717 1750 2745 Dominus

440 2755 509 2774 cum
532 2746 637 2774 Maria.
696 2749 735 2778 ui.
759 2757 796 2784 ¹7·
818 2751 862 2777 A:
885 2749 1094 2784 spiritualiter.
1153 2758 1192 2785 17.
1214 2749 1282 2777 DE:
1304 2751 1482 2784 assumpsit.
1541 2752 1579 2779 18.
1602 2752 1646 2778 A:
1668 2752 1748 2780 fecit.

442 2789 482 2816 ¹9·
498 2782 542 2808 A:
566 2782 712 2810 muriiice.
787 2783 828 2811 23.
851 2784 875 2811 Ι)
897 2783 925 2811 iu
949 2792 1062 2818 marg:
1084 2784 1115 2811 ld
1137 2789 1182 2812 est
1203 2784 1447 2812 nunciacionem.
1523 2793 1568 2819 21.
1591 2786 1658 2813 liii:
1683 2795 1749 2822 per-

440 2815 628 2850 turbaci‹›ni;
649 2817 688 2844 ib.
706 2818 773 2845 DE:
797 2819 905 2846 delicit.
1019 2819 1060 2846 25.
1081 2819 1125 2846 A:
1147 2820 1205 2846 ista
1225 2819 1318 2846 deest.
1427 2820 1472 2847 26.
1495 2820 1562 2848 l›l⁴j:
1585 2821 1747 2856 cogitabat.

439 2850 483 2878 28.
505 2850 572 2878 DE:
594 2851 710 2887 ipsam:
730 2853 755 2880 Ε
775 2861 870 2881 corn:
893 2861 970 2888 ipsa.
1034 2852 1070 2880 31.
1092 2852 1160 2881 DE:
1183 2853 1368 2889 Dominum;
1390 2854 1430 2882 ib.
1446 2856 1490 2883 A:
1513 2855 1591 2883 Nam
1635 2864 1748 2884 ersoua

439 2884 662 2914 miserabiliter.
726 2886 768 2916 32.
791 2889 834 2916 A:
858 2887 1034 2924 perdiderit.
1100 2886 1141 2916 33.
1161 2888 1231 2916 DE:
1253 2888 1433 2917 abscondita
1454 2889 1546 2917 deest.
1604 2899 1651 2925 ,4.
1673 2890 1745 2918 DE:

439 2925 466 2949 et
486 2919 516 2947 in
537 2920 670 2957 minera;
691 2921 731 2950 ib.
746 2924 791 2952 A:
813 2928 845 2951 ut
865 2923 958 2952 deest.
1038 2922 1083 2953 30.
1105 2923 1144 2951 A:
1165 2923 1308 2952 asseruit.

1775 935 1814 956 10

1777 1215 1812 1247 15

1772 1515 1813 1536 20

1771 1794 1810 1827 25

1769 2085 1811 2118 30

1770 2377 1809 2410 35
