1986 3380
194 279 330 309 sssRMO
351 268 419 325 V1-l
667 282 880 315 SECUNDA
909 283 1030 314 PARs.

192 403 311 438 super
344 389 450 437 ipsos
483 389 672 425 videbunt
706 398 796 425 ante
829 402 1031 425 summum
1066 389 1237 425 iudicem
1280 389 1508 426 interfectos

193 452 249 493 (ut
283 447 428 484 dicitur
452 449 556 483 Luce
579 449 718 494 X1X0).
752 449 865 483 Tunc
898 447 1003 483 enim
1030 460 1109 483 non
1134 447 1278 483 valebit
1303 447 1357 482 eis
1382 448 1509 483 honor

194 515 231 543 et
263 506 373 542 favor
406 506 524 542 fallax
564 518 682 553 quem
728 506 875 541 habent
923 507 970 541 de
1016 505 1220 552 discipulis
1254 505 1506 544 Antichristi:

193 577 266 600 nec
299 564 596 612 respondebunt
629 571 722 599 tunc
755 576 914 599 summo
948 563 1067 599 iudici
1109 563 1298 599 falsorum
1340 563 1505 599 fratrum

163 621 342 658 bficticia
375 635 453 670 qua
487 629 524 657 et
557 630 696 657 contra
735 633 775 657 se
814 620 921 668 ipsos
955 630 992 657 et
1031 630 1172 657 contra
1204 620 1506 657 ordinacionem

196 679 343 717 Christi
375 679 542 727 palliant
575 679 701 726 legem
735 692 848 715 suam
882 679 1106 726 proditorie
1139 678 1179 714 in
1204 678 1278 714 hiis
1302 678 1341 714 in
1366 678 1509 726 quibus

196 737 376 774 consistit
399 750 468 785 pre
498 733 501 788 Ι
531 736 693 784 cipuum
718 736 952 784 suffragium
978 736 1235 773 dilectissime
1259 749 1403 784 sponse
1426 750 1506 772 suc.

195 798 276 831 Nec
318 795 443 831 tercio
481 803 576 831 tunc
617 794 763 831 valebit
807 795 999 842 allegacio
1039 794 1308 831 tradicionum
1349 794 1509 842 dyaboli

195 853 338 902 quibus
382 861 582 889 terrentur
630 861 667 889 et
719 853 939 888 multentur
994 853 1141 898 fideles,
1193 865 1240 888 ne
1296 853 1509 888 defendant

141 923 180 945 10
195 919 335 948 contra
366 909 657 947 Antichristum
692 920 729 947 et
762 910 844 946 eius
869 910 1087 958 discipulos
1111 923 1274 947 causam
1299 910 1383 956 Dei,
1417 910 1509 957 quia

194 969 286 1006 licet
331 968 385 1005 eis
430 968 513 1016 ipse
559 978 595 1004 et
639 969 698 1004 lex
743 981 812 1005 sua
858 970 907 1005 ad
947 977 1105 1016 tempus
1145 968 1347 1004 extollitur
1392 981 1510 1015 super

194 1027 397 1064 Christum
438 1035 475 1063 et
514 1026 596 1062 eius
636 1026 898 1074 evangelium,
944 1035 1037 1062 tunc
1082 1027 1377 1063 confundentur
1415 1039 1511 1073 ypo-

194 1085 386 1122 critarum
411 1084 578 1121 consilia
602 1093 639 1120 et
662 1093 792 1120 totum
826 1086 948 1120 robur
981 1084 1106 1132 partis
1131 1084 1292 1132 dyaboli
1317 1084 1509 1120 delitebit.

254 1143 363 1180 Licet
395 1151 529 1179 autern
569 1155 660 1190 pars
700 1142 847 1179 Christi
886 1143 1031 1179 habeat
1071 1143 1216 1178 multas
1255 1142 1511 1178 titillaciones

142 1200 441 1250 15prenosticas
480 1201 531 1237 ad
569 1200 874 1237 rectificundum
915 1200 1218 1237 ordinacionem
1253 1199 1415 1236 Domini
1455 1199 1510 1236 sic

194 1268 406 1305 versatam,
440 1267 576 1295 tamen
609 1260 709 1295 dura
733 1267 769 1295 et
792 1258 947 1295 subtilis
972 1258 1251 1295 confederacio
1274 1257 1509 1294 Antichristi

195 1319 244 1354 ad
289 1326 447 1365 tempus
492 1317 681 1364 prevalet,
727 1329 935 1365 quousque
979 1317 1135 1365 placeat
1175 1319 1258 1353 Deo
1298 1317 1508 1353 cathenam

195 1375 303 1412 illam
338 1375 568 1422 dirumpere
601 1384 636 1411 et
670 1376 808 1411 ambas
842 1384 974 1422 partes
1007 1376 1190 1411 seductas
1235 1374 1385 1410 lumine
1418 1373 1509 1410 fidei

195 1433 413 1475 illustrare;
454 1445 525 1468 nec
566 1441 623 1468 est
657 1432 983 1480 parvipendenda
1022 1433 1097 1469 ista
1136 1432 1337 1480 negligens
1378 1441 1414 1468 et
1453 1432 1509 1467 in-

140 1507 181 1528 20
196 1490 322 1527 fidelis
355 1490 520 1527 omissio
562 1490 714 1526 brachii
753 1490 956 1535 secularis,
998 1490 1091 1538 quia
1133 1490 1273 1527 exhinc
1311 1499 1393 1526 tam
1434 1489 1508 1537 ipsi

195 1561 315 1597 quam
356 1548 485 1585 maior
523 1561 616 1596 pars
653 1557 793 1584 vocate
833 1548 997 1584 ecclesie
1031 1557 1194 1584 currunt
1228 1549 1278 1585 ad
1310 1548 1507 1584 infernum

195 1606 421 1655 precipites.
471 1608 585 1643 Unde
629 1619 767 1642 secure
812 1606 1167 1654 prenosticandum
1215 1614 1272 1642 est
1317 1615 1398 1642 tam
1433 1605 1510 1641 illis

195 1677 316 1713 quam
361 1664 434 1701 toti
480 1664 645 1701 ecclesie
691 1665 798 1713 quod
842 1676 914 1700 nec
959 1665 1009 1700 ad
1054 1663 1159 1700 intra
1203 1676 1275 1700 nec
1314 1665 1363 1700 ad
1402 1672 1510 1699 extra

196 1724 388 1759 carebunt
426 1722 596 1759 notabili
628 1721 938 1770 perturbacione
971 1721 1181 1770 (quamdiu
1213 1721 1269 1758 sic
1301 1721 1510 1758 ordinacio

140 1785 180 1817 25
196 1780 344 1818 Christi
384 1780 576 1817 exercitus
616 1789 673 1817 est
712 1782 878 1828 eversa),
927 1793 1015 1816 cum
1051 1782 1156 1816 Deus
1195 1792 1314 1828 quem
1353 1788 1509 1816 tantum

196 1838 404 1875 offendunt
455 1838 504 1875 sit
554 1839 649 1887 ipsis
700 1838 926 1875 contrarius
973 1840 1041 1874 sed
1092 1839 1174 1886 quis
1219 1838 1358 1874 restitit
1401 1838 1435 1873 ei
1477 1845 1511 1873 et

190 1909 327 1947 pacem
378 1897 539 1933 habuit?
587 1897 805 1933 Offendunt
856 1905 989 1933 autem
1035 1896 1250 1932 infideliter
1294 1895 1334 1931 in
1378 1895 1510 1943 primo

198 1956 390 1992 mandato
424 1955 603 2003 decalogi
637 1963 674 1991 et
707 1967 778 2002 per
811 1967 1059 2003 consequens
1098 1954 1205 1991 iuxta
1237 1955 1431 1990 Jacoburn
1472 1953 1511 1988 in

198 2012 364 2061 quilibet
397 2021 685 2061 consequente:
719 2014 901 2049 Adorant
934 2012 1039 2049 enim
1074 2014 1168 2048 deos
1201 2012 1353 2048 alienos
1386 2011 1511 2048 falsi&

141 2076 182 2108 30
198 2071 333 2117 simos,
374 2084 465 2108 curn
505 2072 677 2108 honores
718 2072 943 2107 mundanos
983 2080 1019 2107 et
1059 2079 1262 2107 creaturas
1295 2082 1371 2118 que
1404 2069 1511 2117 ipsos

198 2129 372 2165 inferunt
404 2130 493 2178 plus
527 2129 696 2177 diligunt
730 2142 850 2177 quam
885 2130 1080 2165 honorem
1115 2128 1200 2174 Dei,
1241 2137 1278 2164 et
1315 2140 1386 2176 per
1420 2140 1512 2164 con-

198 2200 368 2236 sequens
400 2188 489 2235 plus
523 2200 643 2235 quam
679 2189 819 2223 Deum.

257 2247 350 2281 Ideo
383 2245 486 2281 inter
518 2254 596 2281 tres
629 2244 781 2293 species
819 2253 1079 2293 peccatorum
1121 2243 1188 2293 qui
1227 2243 1435 2280 offendunt
1474 2243 1513 2279 in

198 2303 275 2339 isto
314 2304 507 2340 mandato
547 2303 622 2339 ista
661 2302 812 2351 species
852 2315 894 2339 ex
933 2302 1120 2351 superbia
1153 2302 1231 2339 vite
1270 2310 1308 2338 et
1346 2310 1512 2350 peccato

143 2366 182 2399 35
199 2361 360 2409 dyaboli
393 2370 450 2397 est
483 2362 571 2409 plus
596 2360 835 2409 periculosa,
868 2361 1033 2397 ecclesie
1056 2360 1261 2408 incognita
1284 2369 1321 2396 et
1343 2359 1512 2405 subtilis,

198 2432 291 2456 nam
327 2419 517 2456 maculati
550 2418 724 2468 peccatis
758 2419 985 2456 carnalibus
1019 2427 1111 2455 sunt
1144 2418 1294 2467 cogniti
1332 2418 1512 2454 infideles

198 2490 360 2527 quorum
390 2478 498 2514 Deus
530 2484 662 2514 venter
694 2485 749 2513 est
780 2478 1000 2514 secundum
1034 2477 1287 2525 Apostolum,
1322 2475 1513 2513 maculati

104 728 152 758 Fo
159 727 164 756 l
172 753 178 758 .

101 785 110 805 1
120 770 180 805 88¹¹

268 2590 293 2618 5.
306 2589 376 2617 DE:
393 2597 496 2625 quam.
544 2598 569 2625 7.
583 2589 652 2617 DE:
668 2589 851 2617 consisteret
866 2597 1041 2621 summum;
1057 2589 1097 2616 ib.
1111 2588 1163 2616 DE
1175 2588 1203 2615 in
1217 2596 1332 2623 marg:
1347 2588 1512 2615 Summum

199 2625 381 2661 suffragium
397 2625 441 2651 vel
459 2625 659 2660 precipuum;
679 2625 719 2652 ib.
735 2624 804 2651 DE:
827 2624 1009 2659 suffragium
1025 2624 1070 2651 vel
1087 2623 1280 2659 precipuum.
1343 2622 1370 2649 S.
1385 2623 1429 2649 A:
1450 2621 1513 2649 Nec

198 2669 281 2688 vero.
320 2668 349 2695 9.
365 2659 408 2686 D:
424 2659 537 2694 quibus
553 2660 779 2692 absterrentum
794 2658 834 2686 E:
850 2658 1056 2686 obstinantur.
1102 2667 1142 2685 10.
1159 2658 1228 2685 DE:
1245 2665 1369 2685 causam
1386 2656 1512 2684 Christi.

200 2703 233 2723 11.
249 2695 293 2722 A:
315 2694 358 2722 eis
374 2693 467 2721 deest.
520 2701 558 2721 12.
574 2695 618 2722 A:
640 2698 713 2721 tunc
726 2698 816 2727 tunc;
838 2693 880 2720 D:
896 2698 969 2720 tunc
984 2701 1067 2721 verO.
1119 2700 1158 2727 12,
1176 2691 1214 2720 13.
1229 2693 1274 2719 A:
1289 2692 1511 2728 ydolatrarum.

200 2738 242 2763 14.
263 2729 302 2757 E:
325 2729 540 2757 titullaciones.
663 2729 704 2756 16.
725 2730 770 2756 A:
792 2728 1014 2756 consideracio.
1135 2735 1181 2762 24.
1202 2728 1246 2754 A:
1269 2726 1396 2754 notabili
1419 2726 1512 2753 deest.

201 2773 248 2799 24,
263 2764 307 2792 25.
322 2765 368 2791 A:
389 2763 537 2798 quamdiu
551 2779 585 2783 —-
601 2768 646 2791 est
665 2771 771 2791 eversa
792 2763 885 2790 deest.
942 2762 986 2789 28.
1004 2763 1029 2790 D
1050 2762 1080 2790 in
1102 2770 1216 2797 marg:
1238 2762 1439 2789 Dotacionem
1484 2760 1513 2787 ui

201 2807 263 2826 non
283 2799 370 2834 impu
395 2802 467 2826 nant
487 2807 596 2826 omnes
639 2802 753 2826 eccant.
833 2797 879 2825 30.
901 2797 970 2825 DE:
992 2802 1099 2824 contra
1119 2797 1126 2824 i
1155 2805 1215 2823 sos.
1289 2795 1333 2823 32.
1354 2795 1423 2823 DE.-
1446 2803 1463 2830 p
1479 2803 1513 2821 us

202 2834 296 2861 deest.
387 2833 414 2861 6.
436 2833 505 2861 DE:
527 2841 616 2861 macu
630 2833 656 2868 i;
687 2833 728 2860 ib.
749 2833 794 2860 A:
815 2832 946 2868 cognite.
1019 2831 1064 2867 37.
1086 2805 1154 2859 DEp:
1177 2831 1320 2858 maculati
1341 2830 1448 2857 eciam.

272 2904 324 2939 26.
351 2905 425 2937 Job.
452 2906 510 2946 ix,
536 2915 568 2946 4.
665 2905 720 2948 37·
747 2905 798 2936 Ad
829 2904 917 2936 Phil.
945 2904 998 2943 111,
1024 2913 1071 2946 19.

1554 1148 1674 1181 muger
1696 1152 1774 1174 trum

1536 1183 1584 1209 llic
1607 1184 1735 1209 reversa!
1758 1183 1792 1209 os

1614 1217 1711 1244 (iod‘s

1575 1252 1752 1279 ordinaucc.

1559 2248 1646 2276 l'ridc
1667 2249 1701 2276 of
1719 2248 1768 2275 lise

1535 2283 1584 2310 the
1605 2288 1701 2322 worst
1721 2283 1792 2310 kind

1606 2321 1638 2345 ot
1659 2326 1723 2352 51113
