1986 3380
193 1167 376 1203 Prophecies
398 1174 449 1196 not

184 1203 297 1233 alwavs·
313 1204 456 1231 intended

248 1235 386 1274 literally.

183 1692 284 1720 Order
301 1692 360 1720 and
381 1697 456 1720 state

211 1736 261 1754 are
282 1728 430 1762 twofold3

195 2223 215 2243 1.
237 2223 294 2243 our
314 2220 390 2243 state
410 2223 443 2242 as

218 2251 319 2278 before
341 2251 421 2286 God,

771 300 993 332 sommis
1013 300 1197 332 wvcmr
1217 300 1468 333 samonum
1533 286 1685 345 [sermo
1707 299 1788 328 xw.

477 405 651 454 primum
700 406 846 442 Christi
898 407 1125 452 adventum,
1177 420 1255 455 qua
1308 407 1441 444 Helias
1492 409 1678 456 precedet
1729 410 1789 456 (ut

477 464 668 510 creditur)
704 466 919 500 adventurn
954 464 1036 500 eius
1069 464 1269 502 ultimum.
1309 467 1410 502 Nam
1446 467 1504 513 (ut
1527 466 1789 514 probabiliter

476 522 667 569 creditur)
720 522 892 558 vicarius
945 521 1092 558 Christi
1144 522 1211 571 qui
1263 523 1550 560 ministratorie
1602 524 1789 573 purgabit

476 579 685 616 ecclesiam
719 592 860 628 parum
897 589 987 616 ante
1021 579 1139 617 finale
1183 581 1375 618 iudicium
1421 582 1481 618 vel
1525 583 1789 629 personaliter

475 638 535 675 vel
567 638 785 685 figuraliter
818 647 874 674 est
908 637 1055 674 Helias.
1089 638 1154 675 Sic
1187 639 1291 675 enim
1323 639 1503 675 Christus
1537 639 1632 676 dicit
1656 641 1788 688 Bapti-

474 704 576 732 stam
622 708 704 732 esse
738 695 895 732 Heliam
942 696 1172 743 figuraliter,
1220 697 1311 734 licet
1358 697 1442 745 ipse
1476 697 1655 745 Baptista
1699 711 1788 735 vere

475 753 582 790 dicat
615 755 722 802 quod
755 766 836 790 non
869 754 1133 801 personaliter
1162 764 1218 792 est
1242 754 1389 792 Helias.
1425 755 1489 791 Sic
1513 755 1618 792 enirn
1643 755 1789 792 dicitur

473 812 665 848 Johannis
700 814 748 858 10,
785 822 828 847 21
871 813 978 861 quod
1002 814 1230 849 sacerdotes
1254 822 1290 850 et
1319 813 1493 861 pharisei
1518 813 1789 862 opinabantur

473 870 695 906 Johannem
729 882 812 906 esse
837 871 1004 918 Helyam
1029 879 1066 907 et
1090 872 1268 907 Herodes
1304 873 1490 908 credebat
1522 873 1629 920 quod
1654 872 1788 909 Helias

475 927 569 975 legis
601 927 744 964 veteris
777 928 1041 976 personaliter
1073 929 1298 966 resurrexit.
1333 929 1397 966 Sic
1427 939 1559 966 autern
1593 930 1707 966 multi
1731 930 1787 967 in-

475 986 675 1024 fructuose
708 988 955 1024 contendunt
988 987 1019 1023 si
1053 987 1117 1023 ille
1152 987 1285 1024 Helias
1319 996 1409 1024 ante
1444 988 1560 1025 finale
1594 987 1786 1024 iudicium

473 1053 651 1092 resurget
675 1053 712 1081 et
732 1044 938 1081 occidetur
962 1045 1226 1093 corporaliter
1245 1047 1293 1081 al)
1309 1044 1567 1082 Antichristo.
1593 1048 1785 1082 Securum

474 1102 636 1151 quidem
676 1111 733 1139 est
767 1104 928 1139 credere
962 1103 1200 1151 prophecias
1234 1112 1270 1139 et
1304 1103 1508 1150 evangelia
1541 1105 1589 1140 ad
1626 1117 1784 1141 sensum

475 1160 676 1197 misticum
711 1169 747 1197 et
780 1161 843 1209 pie
877 1173 1046 1209 pausare
1079 1174 1169 1197 cum
1210 1169 1347 1197 sancta
1393 1161 1607 1198 formidine
1651 1171 1784 1198 utrum

474 1218 743 1255 verificabitur
776 1218 875 1255 alius
920 1231 1057 1255 sensus
1091 1219 1308 1255 historialis
1353 1220 1403 1255 ad
1448 1218 1603 1255 literam
1649 1221 1709 1256 vel
1754 1220 1785 1256 si

474 1277 645 1324 Spiritus
691 1277 860 1313 Sanctus
906 1276 1036 1325 ipsum
1083 1277 1309 1313 intenderit.
1362 1279 1463 1313 Cum
1504 1277 1607 1313 enim
1651 1278 1785 1315 llelias

473 1334 759 1383 interpretatur
791 1334 862 1371 Dei
897 1334 1140 1381 dominacio,
1175 1344 1284 1383 patet
1318 1336 1427 1384 quod
1460 1335 1627 1383 quilibet
1660 1335 1785 1372 iustus

473 1401 510 1428 et
553 1392 780 1441 specialiter
824 1392 865 1429 in
908 1392 1053 1430 virtute
1087 1392 1158 1430 Dei
1205 1402 1439 1430 convertens
1484 1394 1679 1442 populum
1715 1394 1784 1430 Dei

473 1450 703 1487 dominacio
736 1459 867 1499 potest
900 1450 992 1487 dici.

531 1508 636 1555 Quia
685 1508 792 1546 circa
834 1517 983 1545 statum
1029 1518 1066 1545 et
1109 1509 1292 1546 ordinem
1337 1508 1540 1557 religionis
1584 1510 1784 1558 superflue

472 1567 677 1604 contendit
721 1568 916 1604 moderna
959 1567 1139 1614 ecclesia,
1184 1567 1275 1605 ideo
1321 1569 1368 1604 de
1412 1567 1496 1604 istis
1541 1569 1645 1605 ultra
1679 1567 1785 1604 dicta

471 1625 567 1662 alibi
600 1633 658 1662 est
690 1624 918 1672 dicendum,
953 1626 1216 1674 supponendo
1248 1625 1380 1674 primo
1426 1627 1534 1674 quod
1578 1634 1704 1662 status
1748 1635 1785 1662 et

471 1684 571 1720 ordo
617 1683 657 1720 in
701 1692 806 1720 statu
853 1697 924 1720 suo
969 1684 1140 1732 analogo
1185 1683 1262 1720 sint
1306 1684 1414 1733 paris
1458 1683 1645 1730 ambitus,
1690 1697 1784 1720 nam

471 1741 602 1778 omnis
641 1753 715 1788 res,
762 1750 919 1779 creator
956 1742 1018 1778 vel
1055 1750 1252 1789 creatura,
1292 1755 1332 1778 se
1371 1743 1489 1779 habet
1528 1742 1568 1778 in
1607 1743 1784 1791 quodam

471 1800 612 1836 ordine
645 1801 778 1849 quoad
811 1802 953 1846 Deum,
987 1808 1024 1836 et
1057 1812 1146 1837 cum
1181 1799 1356 1849 quelibet
1399 1813 1461 1837 res
1505 1808 1583 1837 stat
1629 1800 1669 1836 in
1713 1813 1785 1837 suo

471 1859 610 1906 gradu,
644 1866 754 1906 patet
787 1859 895 1907 quod
927 1858 1209 1896 denominacio
1242 1871 1318 1907 que
1349 1867 1406 1895 est
1428 1867 1554 1895 status
1575 1858 1637 1895 vel
1659 1858 1784 1895 stacio

472 1915 546 1952 sibi
574 1916 688 1952 inest.
723 1917 801 1953 Sed
831 1917 1110 1953 descendendo
1140 1916 1386 1965 pertinenter
1417 1926 1455 1954 et
1486 1916 1713 1965 specialiter
1744 1916 1785 1953 in

471 1973 555 2010 istis
588 1974 768 2022 analogis
800 1987 985 2023 suppono
1018 1975 1127 2023 quod
1158 1983 1284 2011 status
1316 1975 1376 2012 vel
1415 1976 1516 2012 ordo
1555 1974 1651 2012 dicit
1690 1987 1784 2011 con-

470 2031 702 2080 gruenciam
725 2031 1010 2081 inculpabilem
1044 2032 1084 2069 in
1117 2033 1280 2069 homine
1312 2034 1446 2082 quoad
1479 2045 1624 2079 mores,
1659 2041 1695 2069 et
1728 2032 1784 2069 sic

471 2098 529 2127 est
560 2098 686 2127 status
720 2091 863 2139 duplex
901 2090 942 2127 in
979 2090 1142 2128 homine
1179 2090 1330 2127 scilicet
1366 2090 1606 2128 insensibilis
1644 2099 1681 2127 et
1713 2102 1784 2139 per

471 2161 511 2185 se
547 2148 747 2185 virtuosus
787 2157 856 2185 aut
893 2148 1091 2185 sensibilis
1134 2157 1171 2185 et
1213 2150 1262 2186 ad
1304 2148 1470 2186 virtutes
1513 2148 1781 2197 dispositivus.

471 2207 700 2243 Secundum
733 2206 910 2255 primurn
943 2215 1091 2244 statum
1124 2207 1186 2244 vel
1217 2206 1400 2244 ordinem
1434 2216 1512 2244 stat
1536 2219 1672 2244 coram
1698 2209 1782 2243 Deo

471 2264 638 2313 quilibet
653 2264 865 2311 virtuosus,
883 2273 920 2301 et
942 2265 1019 2302 hoc
1043 2264 1239 2313 contingit
1263 2265 1488 2314 dupliciter,
1505 2265 1655 2302 scilicet
1678 2266 1784 2301 nude

470 2324 690 2359 secundum
723 2331 949 2371 presentem
982 2322 1182 2360 iusticiam
1221 2324 1282 2360 vel
1320 2336 1410 2360 curn
1450 2325 1526 2360 hoc
1563 2324 1783 2360 secundum

470 2380 831 2429 predestinacionis
875 2380 1066 2430 graciam.
1112 2381 1246 2418 Status
1293 2390 1427 2418 autern
1475 2382 1672 2418 secundus
1716 2380 1783 2429 qui

471 2447 528 2475 est
560 2438 757 2476 sensibilis
791 2448 828 2476 et
861 2441 912 2476 ad
949 2439 1114 2476 virtutes
1153 2439 1409 2489 dispositivus
1440 2439 1617 2477 variatur
1655 2438 1783 2487 dupli-

541 2593 560 2613 ι.
578 2586 621 2613 A:
643 2589 749 2612 contra
769 2584 884 2612 Helias.
957 2592 983 2620 2,
998 2584 1024 2612 3.
1041 2585 1085 2613 A:
1107 2584 1273 2612 adventum
1288 2600 1322 2604 —
1336 2584 1471 2612 creditur
1490 2584 1585 2612 deest.
1658 2583 1683 2612 5.
1705 2586 1732 2613 A
1753 2584 1782 2612 in

471 2627 586 2656 marg.:
643 2619 779 2647 uomodo
797 2619 954 2647 Johannes
974 2624 1020 2647 cst
1039 2619 1156 2647 Helias.
1276 2619 1303 2647 8.
1324 2620 1370 2648 A.-
1391 2623 1419 2647 et
1439 2619 1532 2647 deest.
1676 2640 1682 2646 .
1703 2620 1732 2647 A
1752 2619 1782 2646 in

471 2662 585 2690 marg.:
638 2659 688 2682 ota
708 2654 745 2682 de
765 2654 869 2688 Helia;
900 2653 941 2682 ib.
963 2655 1008 2682 A:
1030 2654 1213 2682 crediderat.
1340 2662 1381 2682 io.
1403 2653 1443 2681 E:
1465 2653 1614 2689 surrexi13
1645 2653 1652 2681 i
1679 2676 1686 2681 .
1708 2653 1732 2681 E
1752 2654 1782 2681 in

472 2696 587 2728 marg.:
608 2689 699 2717 Nota.
783 2697 817 2716 ιι.
838 2689 884 2716 A:
907 2689 958 2716 scd
982 2689 1041 2716 ille.
1124 2697 1163 2716 12.
1186 2688 1254 2716 DE:
1276 2688 1479 2724 corporaliter
1498 2688 1593 2716 deest.
1676 2688 1715 2716 18.
1737 2689 1781 2717 A:

471 2723 657 2759 spiritualis;
686 2723 726 2751 ib.
747 2724 791 2751 A:
813 2727 995 2751 convertens
1016 2723 1165 2763 populum
1188 2723 1240 2751 Dei
1263 2724 1364 2757 deest3
1385 2723 1426 2751 ib.
1447 2722 1472 2750 E
1491 2722 1521 2750 in
1544 2732 1610 2750 mar
1634 2732 1658 2751 .:
1679 2723 1782 2751 Helias

472 2757 700 2793 interpretatur.
773 2756 816 2785 23.
839 2757 907 2785 DE:
930 2757 959 2785 in
980 2758 1115 2792 ambitu;
1137 2758 1176 2785 ib.
1197 2759 1226 2786 A
1247 2757 1277 2785 in
1299 2765 1413 2793 marg.:
1436 2763 1470 2785 1⁰.
1498 2757 1578 2785 Nota
1621 2767 1635 2785 e
1656 2763 1734 2785 statu
1755 2763 1781 2784 et

471 2792 589 2820 ordine.
620 2792 725 2821 Status
745 2793 823 2820 ordo
852 2792 925 2828 quid
957 2792 1047 2826 dicit;
1077 2792 1101 2819 l)
1132 2792 1161 2820 in
1192 2800 1306 2828 marg.:
1336 2792 1442 2821 Status
1463 2793 1506 2820 vel
1529 2793 1605 2820 ordo
1626 2793 1699 2827 quid
1721 2796 1782 2826 est;

470 2826 496 2854 E
516 2826 546 2854 in
567 2835 682 2863 marg.:
703 2827 808 2856 Status
828 2827 906 2854 ordo
927 2827 1010 2862 paris
1030 2827 1176 2854 ambitus.
1226 2835 1270 2863 27.
1288 2826 1313 2854 E
1327 2826 1357 2854 in
1374 2835 1440 2854 mar
1464 2837 1488 2854 .:
1510 2827 1600 2854 Nota.
1651 2827 1697 2855 28.
1713 2826 1738 2854 E
1752 2827 1781 2854 in

473 2869 586 2897 marg.:
615 2861 720 2891 Status
740 2861 869 2897 duplex:
898 2862 927 2890 A
947 2861 1240 2900 in'rnargstsstatus
1260 2861 1374 2899 duplex
1394 2861 1424 2889 in
1442 2835 1462 2889 i]
1490 2862 1580 2890 mine.
1611 2861 1716 2889 status
1736 2862 1780 2889 vel

472 2896 549 2958 ordo
570 2896 600 2924 in
622 2905 678 2924 suo
699 2897 830 2931 analogo
851 2900 922 2924 sunt
942 2904 1024 2932 paris
1046 2897 1192 2924 ambitus.
1253 2895 1293 2931 31,
1310 2895 1358 2924 30.
1373 2896 1413 2924 E:
1436 2896 1616 2932 dispositus.
1679 2895 1721 2924 33.
1735 2897 1780 2924 A:

473 2939 514 2958 sci
531 2935 590 2958 icet
609 2935 738 2959 tantum.

1810 946 1846 966 lO

1808 1226 1842 1258 15

1801 1526 1843 1548 20

1802 1807 1840 1839 25

1800 2097 1842 2130 30

1800 2386 1840 2420 35
