1986 3380
155 324 233 360 230
738 330 960 363 IOHANNIS
980 329 1163 362 WYC1.1F
1183 329 1437 361 SERMONUM
1473 315 1625 373 [SERMO
1648 326 1754 354 XXXI-

442 447 579 474 satane
625 437 866 474 cruciantur.
922 439 968 472 Et
1013 436 1113 472 sicut
1159 436 1330 484 apostoli
1379 436 1485 472 ducti
1531 445 1621 472 sunt
1666 447 1756 474 ante

442 509 551 543 reges
585 506 621 532 et
656 495 844 544 presides,
886 504 926 530 ut
966 504 1047 530 tam
1089 493 1194 530 iudei
1233 506 1352 542 quam
1394 503 1530 541 gentes
1563 503 1757 531 testentur

441 568 508 591 sue
556 553 712 590 malicie
758 552 1042 600 apparenciam
1083 553 1142 588 vel
1189 562 1229 588 ut
1275 552 1379 588 iudei
1427 562 1462 588 et
1507 562 1641 600 gentes
1682 566 1756 602 que

441 612 617 649 converti
658 612 878 647 debuerant
918 612 967 646 ad
1001 609 1215 646 Dominum
1258 611 1448 647 haberent
1482 610 1755 648 testimonium

441 670 577 707 efficax
619 669 894 717 apostolorum
941 667 1182 713 constancie‚
1223 668 1277 705 sic
1325 677 1381 704 est
1421 668 1539 705 hodie
1579 670 1626 705 de
1663 669 1790 706 viriSS

441 727 673 777 apostolicis
698 727 829 774 quoad
861 726 999 762 iudeos
1023 725 1227 762 Christum
1259 726 1491 763 abscondite
1522 727 1757 764 confitentes

442 795 478 823 et
519 787 651 834 quoad
696 793 832 832 gentes
870 784 1079 820 veritatem
1125 784 1328 832 religionis
1367 784 1513 821 Christi
1559 798 1628 833 per
1674 785 1757 822 eius

440 843 741 893 providenciam
795 851 1091 890 cognoscentes.
1147 842 1293 879 Prelati
1347 842 1450 879 enim
1504 843 1642 879 cesarii
1689 844 1755 892 qui

441 911 530 938 sunt
570 913 680 949 reges
725 900 847 937 seculi
893 909 929 936 et
968 900 1145 948 presides
1183 900 1417 937 Antichristi
1464 902 1614 936 ducunt
1651 901 1755 938 viros

439 959 684 1008 apostolicos
725 968 767 995 ut
807 959 1026 995 secundum
1060 970 1152 995 suas
1185 959 1289 1006 leges
1322 958 1482 995 frivolas
1516 958 1754 1005 iudicentur,
1778 975 1814 996 10

440 1027 476 1054 et
510 1026 638 1054 totum
674 1018 748 1053 hoc
781 1016 907 1053 tendit
940 1016 1221 1064 predestinatis
1261 1018 1309 1053 ad
1350 1017 1531 1064 gloriam,
1573 1030 1662 1053 cum
1697 1030 1755 1054 se-

441 1077 615 1113 cundum
648 1075 887 1124 Apostolum
927 1075 1143 1112 timentibus
1175 1076 1300 1111 Deum
1341 1076 1465 1111 omnia
1499 1084 1758 1125 cooperantur

440 1136 474 1170 in
509 1134 658 1170 honum.

181 1200 285 1227 Christ
305 1201 389 1234 gives
498 1193 574 1228 Sed
605 1191 698 1240 quia
731 1200 813 1227 tam
848 1191 887 1227 in
919 1190 1171 1227 sermonibus
1205 1204 1323 1238 quam
1359 1191 1398 1227 in
1431 1191 1758 1239 responsionibus

197 1244 328 1297 cotffiplgle
350 1241 378 1262 ‘⁰
441 1263 558 1287 cause
592 1249 663 1286 Dei
707 1249 821 1285 multi
855 1248 1130 1297 pusillanimes
1163 1258 1253 1284 sunt
1287 1249 1415 1285 timidi
1451 1262 1492 1285 ex
1526 1249 1756 1297 ignorancia
1779 1255 1814 1286 15

440 1318 476 1345 et
523 1307 660 1344 mundi
707 1307 926 1355 placencia,
967 1306 1056 1343 ideo
1097 1306 1281 1343 Christus
1328 1308 1403 1343 hoc
1443 1317 1631 1353 removet,
1667 1321 1755 1344 cum

439 1366 587 1414 inquit:
629 1366 800 1401 Tradent
829 1378 928 1412 tvos:
969 1365 1084 1401 nolite
1121 1365 1297 1415 cogitare
1337 1366 1526 1414 quomodo
1564 1373 1628 1401 aut
1667 1367 1757 1415 quid

439 1424 667 1474 loquamini;
711 1423 776 1460 ubi
818 1433 970 1460 certum
1011 1432 1069 1459 est
1102 1425 1208 1471 quod
1243 1423 1424 1459 Christus
1457 1437 1536 1460 non
1571 1424 1756 1472 prohibet

439 1482 675 1530 simpliciter
708 1481 939 1530 cogitatum,
965 1494 1054 1518 curn
1090 1481 1265 1529 cogitare
1298 1491 1457 1530 oportet
1489 1484 1757 1531 quodcunque

439 1553 540 1589 opus
587 1540 840 1576 meritorium
887 1548 923 1576 et
970 1542 1076 1576 Deus
1118 1552 1199 1576 non
1245 1541 1311 1576 dat
1369 1540 1521 1577 homini
1565 1541 1754 1578 noticiam
1774 1555 1815 1576 20

439 1600 645 1648 quomodo
684 1598 795 1646 loqui
835 1599 951 1634 debet
989 1597 1063 1634 nisi
1105 1599 1169 1634 det
1209 1597 1334 1634 eciam
1381 1598 1620 1646 cogitatuum
1666 1598 1756 1636 ideo

440 1666 591 1693 certum
616 1665 673 1693 est
698 1657 805 1705 quod
835 1655 1019 1704 prohibet
1054 1655 1271 1703 cogitatum
1306 1656 1603 1704 pusillanimem
1638 1657 1757 1693 nimis

438 1716 644 1751 turbatum
678 1715 738 1751 vel
770 1714 972 1750 timidum.
1011 1715 1133 1750 Debet
1176 1726 1268 1761 ergo
1303 1715 1425 1751 homo
1458 1727 1629 1763 purgare
1661 1728 1702 1752 se
1735 1728 1757 1752 a

437 1773 548 1810 viciis
583 1782 619 1809 et
652 1785 722 1821 per
752 1784 1001 1821 consequens
1036 1780 1264 1808 constanter
1295 1773 1496 1810 confidere
1520 1774 1627 1821 quod
1652 1776 1756 1810 Deus

439 1832 478 1867 in
524 1843 642 1867 causa
686 1829 850 1878 propria
895 1829 1115 1878 prevalebit
1157 1838 1193 1866 et
1232 1829 1272 1866 in
1310 1829 1377 1866 illa
1418 1830 1494 1867 fide
1540 1833 1813 1879 prudenter25

439 1889 601 1937 aggredi
635 1897 843 1936 tamquam
878 1889 1095 1925 advocatus
1129 1888 1189 1925 vel
1212 1888 1382 1925 vicarius
1404 1890 1495 1925 Jesu
1519 1889 1686 1935 Christi3
1720 1899 1756 1926 et

439 1949 487 1983 de
532 1946 599 1983 illa
644 1946 866 1983 tradicione
912 1946 951 1982 in
997 1958 1118 1983 causa
1157 1946 1229 1982 Dei
1268 1946 1447 1995 loquitur
1494 1947 1755 1996 evangelium.

439 2006 531 2041 Ideo
565 2004 746 2041 Christus
785 2004 851 2052 qui
891 2004 1050 2040 mentiri
1089 2016 1170 2040 non
1207 2013 1339 2052 potest
1379 2004 1474 2041 dicit
1513 2007 1626 2053 quod
1665 2018 1754 2042 cum

440 2062 518 2099 illis
551 2062 714 2111 paribus
748 2062 903 2098 dabitur
934 2062 1011 2098 illis
1043 2062 1133 2111 quid
1165 2071 1201 2099 et
1225 2062 1395 2111 qualiter
1428 2062 1590 2099 indubie
1623 2064 1757 2100 debent

440 2121 553 2170 loqui.
1772 2123 1814 2156 30

180 2185 323 2224 Rhe—toric
344 2190 395 2213 not
499 2179 576 2215 Sed
601 2177 693 2226 quia
710 2178 839 2214 forma
863 2177 1083 2214 locucionis
1108 2177 1250 2215 floride
1274 2186 1310 2214 et
1326 2178 1528 2215 auditorio
1553 2181 1756 2216 mundano

211 2220 362 2256 required.
440 2236 634 2285 placentis
658 2235 795 2272 habita
819 2235 1070 2273 rectitudinis
1094 2236 1323 2273 substancia
1347 2238 1464 2273 debet
1486 2237 1633 2286 sperni,
1665 2237 1755 2274 ideo

441 2294 623 2331 Christus
669 2293 869 2343 promittit
916 2294 1174 2331 solummodo
1213 2296 1321 2343 quod
1360 2295 1436 2331 illis
1475 2296 1630 2332 dabitur
1667 2296 1757 2344 quid

441 2353 574 2389 debent
597 2353 709 2402 loqui.
744 2354 887 2389 Modus
920 2361 1053 2389 autem
1088 2361 1129 2388 ut
1163 2353 1319 2401 expedit
1343 2354 1458 2390 debet
1491 2353 1622 2402 sequi:
1656 2353 1756 2401 Non,

440 2410 582 2459 inquit,
608 2423 674 2446 vos
702 2411 791 2447 estis
819 2409 893 2446 nisi
922 2423 1072 2459 organa
1102 2411 1304 2459 loquendi,
1344 2420 1379 2448 et
1410 2425 1480 2460 per
1508 2424 1757 2461 consequens
1776 2413 1814 2447 35

440 2481 522 2505 non
561 2468 838 2517 principaliter
872 2469 1070 2518 loquimini
1104 2469 1173 2505 sed
1208 2469 1368 2518 spiritus
1400 2470 1476 2506 Dei
1508 2470 1647 2519 patris.
1693 2469 1758 2507 Sic

441 2526 546 2562 enim
571 2526 708 2562 dicunt
731 2526 961 2575 philosophi
985 2528 1091 2575 quod
1116 2539 1174 2572 OS,
1191 2526 1324 2575 lingua
1347 2528 1406 2563 vel
1430 2527 1538 2564 aliud
1561 2540 1755 2576 organum

441 2597 523 2621 non
563 2584 741 2633 loquitur
780 2586 848 2621 sed
889 2585 1011 2621 homo
1050 2585 1201 2622 habens
1240 2584 1376 2622 ornnia
1414 2587 1464 2622 ad
1505 2586 1755 2623 locucionern

511 2715 530 2734 1.
552 2706 576 2734 E
597 2707 625 2734 in
649 2715 762 2746 marg.:
786 2706 810 2734 3.
884 2714 910 2737 2,
930 2706 955 2734 3.
977 2708 1021 2735 A:
1043 2711 1191 2734 testentur
1211 2723 1242 2727 -
1263 2712 1367 2742 gentes
1388 2707 1481 2735 deest.
1555 2709 1578 2736 5.
1601 2709 1645 2736 A:
1668 2709 1755 2736 sicut.

443 2750 475 2769 11.
498 2741 566 2769 DE:
589 2741 646 2768 hoc
667 2742 756 2769 cedit.
832 2750 873 2775 14.
896 2743 939 2769 A:
962 2742 1044 2778 quod
1067 2742 1114 2773 in:
1136 2742 1203 2769 bis:
1226 2742 1255 2769 in
1279 2742 1465 2770 rumoribus.
1543 2752 1581 2782 ¹?
1605 2743 1672 2771 bE:
1694 2752 1756 2779 quo

443 2780 503 2803 aut.
602 2784 642 2812 ¹9·
667 2776 707 2803 I):
730 2776 971 2811 cogitztcioiicn13
1001 2777 1040 2804 ib.
1064 2777 1087 2804 1⁴2
1107 2776 1135 2804 in
1159 2785 1271 2811 marga
1293 2777 1454 2811 Cogitamus
1476 2778 1656 2814 prohibetur
1677 2778 1755 2813 quis.

442 2818 482 2838 21.
504 2812 548 2838 A:
575 2811 739 2849 ‚quomodo
760 2811 842 2846 loqui
866 2811 922 2838 nisi
944 2811 1032 2838 debet
1053 2811 1160 2839 eciam.
1312 2819 1351 2845 2¹,
1373 2819 1416 2839 22.
1438 2813 1506 2840 DE:
1537 2821 1605 2840 cum
1627 2818 1755 2840 certum.

443 2845 485 2873 25.
507 2847 550 2872 A:
573 2854 601 2872 in
624 2845 716 2883 deest.
791 2852 836 2872 2⁴1.
860 2846 927 2873 ME:
950 2846 1068 2873 vicinus
1086 2846 1156 2873 Jesu
1178 2846 1234 2873 sui.
1309 2847 1442 2882 29.1)1·;:
1465 2847 1558 2875 dabit.
1631 2847 1755 2875 31.1)E:

445 2880 564 2907 florida.
640 2879 681 2907 32.
704 2879 770 2906 lui:
795 2880 922 2915 placida.
996 2880 1038 2908 33.
1061 2880 1129 2908 DE:
1150 2881 1216 2908 solo
1238 2881 1341 2908 modo.

516 2961 564 2983 12.
595 2951 695 2983 Rom.
716 2951 802 2991 VIII,
831 2950 885 2984 28.
