1986 3380
204 248 338 277 SERMO
356 238 494 296 xxxv]
672 252 886 285 SECUNDA
913 253 1038 286 PARS.

202 358 419 405 humiliter,
454 359 546 407 quia
570 358 609 395 in
632 368 941 408 quantacunque
974 359 1048 396 levi
1082 360 1294 396 inflacione
1331 362 1514 409 superbie

202 425 333 465 potest
378 430 399 453 a
446 417 508 453 via
553 417 744 466 sequendi
784 417 1001 453 Dominum
1047 418 1217 454 evolare.
1269 421 1349 455 Nec
1398 421 1513 455 debet

202 474 332 511 viator
376 475 503 511 fidelis
548 474 719 522 graviter
757 475 921 511 sufferre
966 475 1082 512 istam
1123 476 1381 522 sentenciam,
1422 477 1513 525 quia

204 533 268 581 qui
298 533 463 569 voluerit
493 533 660 568 animam
693 546 802 569 suam
835 534 983 569 salvam
1008 534 1150 582 facere
1176 535 1318 583 perdet
1350 547 1447 580 eam,
1480 543 1515 571 et

171 590 268 639 §qui
303 591 470 626 animam
513 603 622 627 suam
656 591 878 640 perdiderit
911 598 1079 641 propter
1116 592 1313 628 Christum
1354 593 1515 629 inveniet

204 660 286 685 eam
325 649 517 685 salvatam
557 647 596 683 in
637 648 885 685 beatitudine
919 654 976 693 (ut
1007 661 1101 697 sepe
1134 649 1371 698 exponitur).
1412 651 1516 700 Quid

202 706 300 742 enim
351 706 516 755 prodest
565 706 709 741 homini
750 707 783 742 si
832 707 1051 743 universum
1104 709 1288 744 mundum
1341 708 1516 744 lucretur

203 764 436 800 seculariter
486 772 523 800 et
568 773 862 810 momentanee,
908 774 950 800 ut
993 765 1169 802 fecerant
1214 775 1513 814 conquestores,

202 822 327 858 anime
359 834 450 858 vero
482 834 549 858 sue
575 822 759 871 paciatur
792 823 1062 859 detrimentum
1096 825 1360 872 perpetuum?
1393 825 1514 861 stulta

148 891 187 913 10
203 878 473 916 commutacio
507 892 596 916 cum
622 888 977 929 quantumcunque
1010 881 1215 918 modicum
1247 883 1397 919 bonum
1426 895 1515 931 per-

201 946 366 986 petuum
398 937 598 974 infinitum
630 946 793 986 superat
822 940 1091 988 quodcunque
1122 941 1384 976 commodum
1414 949 1514 977 tem-

201 996 352 1044 porale.
387 997 516 1042 Quam
552 1008 644 1044 ergo
684 996 1050 1034 commutacionem
1086 998 1371 1046 temporalium
1405 999 1515 1035 dabit

201 1054 323 1090 homo
368 1050 458 1102 pro'
493 1055 600 1090 bono
644 1063 839 1103 perpetuo
885 1054 1017 1091 anime
1061 1056 1155 1092 sue?
1200 1058 1242 1092 In
1287 1057 1363 1093 hoc
1409 1056 1513 1093 enim

201 1111 332 1148 differt
348 1112 574 1160 evangelica
596 1112 769 1149 certacio
792 1126 813 1149 a
835 1113 1060 1150 certacione
1081 1114 1254 1150 militum
1271 1115 1513 1151 secularium

106 1148 185 1225 {¹⁰2¹ss
200 1171 308 1218 quod
337 1166 341 1223 }
370 1170 481 1218 prior
519 1171 639 1207 habet
677 1171 836 1207 laudem
884 1172 1161 1209 absconditam
1210 1181 1246 1209 et
1286 1175 1512 1210 mercedem

199 1237 437 1276 perpetuam
472 1241 518 1265 ac
550 1228 801 1276 longitudine
834 1230 1028 1278 temporis
1061 1239 1118 1267 est
1150 1230 1312 1277 forcior,
1344 1232 1514 1268 delecta-

199 1285 317 1322 bilior
350 1295 386 1322 et
418 1298 508 1323 vere
541 1287 650 1322 laudi
683 1287 962 1336 propinquior.
997 1289 1074 1324 Sed
1098 1290 1145 1325 de
1168 1289 1340 1326 seculari
1365 1289 1514 1326 milicia

199 1352 256 1380 est
285 1353 461 1381 econtra.
496 1347 665 1381 Necesse
695 1354 752 1381 est
781 1346 885 1381 enim
910 1348 1019 1394 quod
1042 1347 1128 1383 laus
1158 1347 1214 1383 sic
1246 1347 1513 1384 militancium

199 1414 221 1438 a
258 1411 397 1439 nostra
444 1402 610 1439 ecclesia
656 1404 941 1450 abscondatur,
983 1417 1072 1441 cum
1120 1405 1286 1453 quilibet
1330 1415 1513 1443 nostrum

141 1471 184 1493 20
197 1459 324 1496 nescit
356 1460 388 1496 si
422 1473 465 1496 ex
498 1469 584 1496 toto
618 1462 723 1497 bono
757 1463 865 1510 quod
898 1462 1035 1498 fecerit
1058 1463 1176 1500 fuerit
1204 1464 1322 1500 laude
1357 1464 1512 1513 dignus,

199 1531 288 1554 cum
336 1518 495 1566 ignorat
539 1518 700 1555 exitum.
747 1521 797 1556 Et
841 1529 950 1568 patet
996 1533 1039 1557 ex
1084 1521 1162 1558 fide
1201 1523 1309 1570 quod
1353 1522 1393 1558 in
1437 1522 1513 1559 ista

197 1575 347 1613 milicia
371 1585 528 1613 certans
551 1576 727 1624 legitime
752 1578 871 1614 habet
887 1591 960 1626 pro
983 1591 1055 1615 suo
1079 1588 1261 1627 tempore
1285 1582 1511 1617 mercedem

196 1643 448 1683 perpetuam,
500 1634 691 1671 secularis
742 1648 836 1672 vero
882 1635 1032 1673 milicia
1077 1650 1167 1673 cum
1213 1639 1352 1675 labore
1396 1638 1512 1675 anxio

197 1693 317 1729 habet
346 1694 396 1729 ad
428 1692 646 1729 maximum
669 1693 829 1730 laudem
862 1704 1189 1732 momentaneam
1212 1696 1331 1732 nimis
1353 1709 1512 1734 vanam.

141 1751 182 1785 25
198 1752 276 1787 Sed
309 1750 433 1787 tercio
466 1763 626 1788 necesse
659 1760 716 1788 est
745 1752 1002 1800 agonizantes
1033 1754 1267 1791 seculariter
1301 1767 1344 1791 ex
1376 1755 1515 1791 debili-

198 1808 356 1846 tacione
381 1809 562 1858 corporis
586 1809 625 1845 in
649 1810 726 1846 fine
750 1810 920 1847 deficere
944 1824 1034 1847 cum
1060 1824 1230 1858 merore,
1255 1813 1513 1861 agonizantes

197 1879 291 1904 vero
320 1867 583 1916 spiritualiter
613 1876 704 1904 sunt
732 1877 826 1905 tunc
855 1869 943 1917 plus
972 1869 1094 1907 validi
1123 1872 1257 1920 quoad
1285 1871 1513 1919 spirituales

199 1926 331 1962 hostes
355 1938 454 1974 quos
477 1934 571 1962 tunc
594 1927 683 1974 plus
706 1936 898 1975 superant
922 1936 959 1964 et
975 1928 1124 1965 habent
1147 1928 1512 1967 concomitanciam

197 1983 404 2020 solaminis
434 1992 478 2020 ut
507 1996 618 2021 arras
649 1985 751 2021 bone
779 1984 958 2022 victorie.
999 1989 1080 2023 Nec
1110 1987 1201 2024 licet
1231 1989 1278 2024 de
1309 1988 1512 2024 sentencia

140 2040 273 2078 3oista
312 2042 506 2090 diffidere,
547 2055 631 2078 cum
653 2043 767 2093 filius
799 2043 963 2080 hominis
1001 2052 1186 2082 venturus
1224 2053 1279 2082 est
1311 2046 1347 2082 in
1379 2047 1511 2096 gloria

191 2100 322 2149 patris
347 2100 408 2137 sui
435 2113 519 2136 cum
548 2101 699 2151 angelis
727 2101 806 2137 suis
835 2105 891 2147 (ut
915 2114 958 2138 ex
988 2102 1064 2139 fide
1088 2112 1196 2151 patet
1220 2105 1360 2140 Matth.
1386 2106 1509 2140 XXVO

197 2159 245 2194 de
277 2157 341 2194 die
373 2157 526 2206 iudicii)
562 2167 599 2195 et
629 2168 723 2195 tunc
756 2160 892 2196 reddet
925 2161 1123 2210 unicuique
1153 2163 1360 2198 secundum
1394 2175 1512 2212 opera

195 2228 278 2264 sua,
316 2216 396 2253 sive
435 2218 541 2254 bona
578 2216 725 2253 fuerint
756 2217 837 2254 sive
871 2219 989 2263 mala,
1025 2219 1193 2256 militem
1227 2229 1361 2257 autem
1395 2233 1511 2256 suum

196 2274 568 2322 superhabundanti
604 2275 852 2312 beatitudine
887 2276 1113 2314 necessario
1149 2278 1377 2326 premiabit,
1410 2278 1512 2314 mili-

138 2336 178 2370 35
195 2341 347 2369 tantem
380 2346 474 2370 vero
506 2333 547 2370 in
580 2334 655 2370 hoc
688 2334 823 2370 seculo
856 2334 1040 2372 ultimate
1072 2348 1153 2372 non
1185 2337 1315 2372 solum
1350 2337 1510 2373 laudem

195 2403 242 2427 ac
262 2391 462 2439 premium
488 2404 604 2428 suum
630 2392 838 2429 subtrahet
860 2394 930 2429 sed
953 2406 1026 2441 pro
1051 2393 1290 2431 infidelitate
1314 2403 1511 2443 perpetuo

195 2449 524 2498 condempnabit.

266 2604 285 2623 1.
307 2596 376 2623 DE:
398 2596 555 2624 humilius.
631 2597 666 2624 15.
681 2598 726 2624 A:
748 2597 830 2632 quod
852 2597 950 2624 twice.
1024 2606 1063 2633 17.
1085 2598 1154 2625 DE:
1176 2598 1230 2625 Dei
1253 2599 1351 2633 laudi5
1373 2598 1412 2626 ib.
1434 2598 1458 2626 E
1478 2599 1508 2626 iu

195 2639 261 2658 mar
285 2641 309 2658 .:
330 2631 470 2658 Certacio
489 2632 672 2667 evangelica.
746 2640 791 2659 20.
813 2633 841 2659 A
861 2632 890 2659 in
913 2641 1026 2667 marg:
1048 2633 1161 2660 Milicia
1182 2633 1305 2668 duplex,
1328 2634 1508 2669 spiritualis,

194 2674 264 2692 secu
280 2665 359 2699 aris3
379 2665 403 2692 E
423 2665 452 2693 in
476 2674 590 2701 marga:
613 2667 767 2694 Secularis
788 2667 929 2694 certacio.
987 2675 1019 2694 22
1052 2668 1096 2695 A:
1118 2668 1186 2695 licet
1207 2676 1263 2703 pro
1285 2677 1351 2696 suo.
1409 2668 1451 2696 23.
1467 2669 1508 2696 E:

193 2704 311 2727 tantum
332 2700 428 2728 labori
449 2701 548 2728 anxia.
606 2700 651 2729 28.
666 2703 710 2729 A:
732 2701 971 2730 concomitivam
994 2703 1180 2730 salomonis.
1237 2701 1275 2730 31.
1296 2703 1321 2730 E
1340 2704 1371 2730 in
1394 2712 1509 2739 marga

193 2734 340 2762 Dubium.
413 2734 460 2763 36.
481 2735 550 2763 DE:
571 2744 662 2764 suum
683 2736 777 2763 deest.

261 2840 295 2871 4.
320 2830 441 2863 Mattb.
467 2831 508 2871 X,
537 2831 597 2875 393
624 2832 714 2873 XVI,
742 2831 796 2865 25.
939 2844 971 2876 7.
997 2833 1118 2865 Matth.
1145 2833 1235 2874 XVI,
1265 2832 1322 2871 263
1351 2834 1427 2873 XV,
1456 2832 1509 2865 28.

195 2875 247 2908 30.
274 2876 394 2908 Matth.
424 2877 515 2920 XVI,
544 2888 598 2922 27.

1575 1125 1766 1165 Evangelical

1599 1169 1625 1186 w
1632 1164 1740 1188 artare.
