1986 3380
219 331 297 367 *200

213 852 270 879 =lob
291 851 425 880 believed
448 852 483 879 lie

241 887 351 915 should
375 888 409 914 be
430 888 458 914 in

260 924 347 959 glory
367 931 440 949 even

224 959 340 994 though
362 958 398 985 he
416 957 475 984 had

256 1002 347 1021 never
368 994 440 1020 been

308 1030 395 1056 born.

232 2083 312 2119 only
334 2088 415 2110 want
435 2083 470 2110 of

232 2119 305 2146 saith
329 2119 433 2145 makes
454 2127 469 2146 a

231 2153 379 2181 christian
401 2153 465 2181 sear

298 2188 398 2215 death.

815 331 1040 364 JOHANNIS
1061 331 1242 364 chmr
1261 331 1516 365 SERMONUM
1581 317 1733 377 [SERMO
1754 329 1815 358 xi„

507 451 577 485 pro
611 452 682 475 suo
715 448 894 487 tempore
924 435 928 491 Ι
959 448 994 475 et
1028 438 1082 475 sic
1118 451 1224 475 mors
1257 451 1336 475 non
1370 448 1426 475 est
1460 439 1608 476 desicio
1642 440 1815 477 hominis

505 498 572 532 sed
612 497 858 534 actuacionis
898 497 1078 544 corporis
1117 496 1176 532 sui
1215 509 1285 544 per
1318 497 1514 543 animam3
1553 510 1626 534 nec
1660 507 1716 535 est
1749 498 1816 534 illa

506 554 654 591 desicio
700 568 778 591 non
825 568 906 591 esse
953 554 1056 590 illius
1102 554 1361 600 actuacionis,
1401 556 1582 604 quamvis
1620 558 1668 592 ad
1709 556 1817 593 illam

507 613 764 662 consequitur
815 613 922 649 illam
975 612 1253 649 actuacionem
1299 613 1416 650 fuisse
1467 623 1502 650 et
1548 623 1688 662 postea
1738 627 1818 651 non

506 683 608 711 esse:
648 684 727 707 non
767 670 871 707 enim
912 670 1111 719 sequitur:
1152 671 1221 707 Illa
1260 671 1444 708 actuacio
1482 685 1587 709 nune
1625 685 1706 709 non
1746 681 1817 717 est,

505 742 598 777 ergo
628 742 708 765 non
733 738 803 775 est,
829 741 918 764 eum
943 728 1123 776 arguitur
1146 730 1195 765 ab
1219 728 1399 766 inferiori
1423 731 1473 766 ad
1495 743 1612 767 suum
1635 730 1818 779 superius

505 787 723 835 negacione
756 786 974 835 preposita.

563 847 639 882 Sed
680 845 795 881 istam
837 843 1142 881 contencionem
1182 845 1364 895 relinquo
1404 845 1555 894 logicis,
1596 848 1819 883 concedens

505 905 637 952 quoad
677 903 844 939 tercium
885 915 974 939 cum
1018 904 1135 939 beato
1166 903 1390 951 Augustino
1430 906 1537 953 quod
1569 905 1655 941 Yob
1693 904 1819 941 voluit

505 962 624 998 fuisse
662 974 743 998 non
781 970 897 997 natus
937 973 979 997 ex
1012 969 1126 997 utero
1159 963 1228 998 sed
1262 970 1442 999 mortuus
1474 962 1514 999 in
1546 971 1660 1000 utero
1694 972 1731 999 et
1763 962 1819 999 sic

505 1033 606 1065 esse3
636 1019 665 1056 si
698 1019 801 1055 enim
832 1018 985 1067 appetit
1008 1019 1128 1056 fuisse
1157 1029 1418 1069 consumptus
1449 1030 1486 1057 et
1514 1034 1594 1057 non
1624 1020 1820 1069 potuisset

505 1077 622 1114 fuisse
662 1086 923 1126 consumptus
960 1076 1037 1114 nisi
1074 1077 1212 1114 fuisset
1257 1078 1411 1127 appetit
1449 1079 1582 1116 fuisse.
1623 1081 1671 1116 Et
1710 1088 1819 1128 patet

504 1137 578 1173 hoc
609 1148 651 1172 ex
680 1144 787 1172 textu
819 1134 1044 1183 multiplici.
1078 1135 1245 1172 Videtur
1275 1149 1369 1185 ergo
1399 1138 1559 1174 beatum
1582 1138 1668 1173 Yob
1693 1136 1819 1174 credi-

503 1194 605 1230 disse
651 1195 759 1242 quod
810 1206 853 1230 ex
898 1193 976 1229 fide
1026 1206 1097 1230 sua
1142 1202 1179 1230 et
1217 1194 1564 1242 predestinacione
1604 1195 1741 1232 fuisset
1779 1194 1819 1231 in

502 1251 643 1300 gloria,
674 1251 766 1288 licet
793 1264 999 1300 nunquam
1030 1250 1167 1288 fuisset
1196 1261 1313 1289 natus
1342 1266 1385 1290 ex
1414 1262 1542 1300 utero,
1567 1255 1635 1290 sed
1663 1253 1820 1302 genitus

503 1310 542 1346 in
575 1319 690 1347 utero
730 1319 767 1347 et
800 1309 969 1355 occisus,
1005 1309 1098 1358 quia
1131 1309 1215 1358 ipse
1247 1310 1350 1348 inter
1383 1324 1522 1348 omnes
1555 1312 1819 1360 philosophos

503 1368 575 1404 fuit
604 1368 644 1404 in
668 1369 823 1405 duabus
852 1367 1204 1417 supposicionibus
1227 1369 1444 1407 solucionis
1468 1371 1641 1407 secunde
1665 1369 1818 1406 firmius

501 1426 714 1463 stabilitus.
762 1428 854 1464 Ideo
899 1425 995 1463 dicit
1026 1427 1112 1462 Yob
1153 1439 1239 1475 cap.
1273 1428 1395 1474 XIX0,
1431 1438 1501 1477 27:
1542 1429 1660 1475 Quod
1692 1428 1818 1464 Deum

501 1498 611 1521 suum
658 1485 812 1522 visurus
855 1492 910 1522 est
953 1486 1033 1533 ipse
1076 1492 1111 1520 et
1154 1498 1227 1521 non
1282 1486 1393 1523 alius.
1439 1485 1561 1524 Scivit
1600 1485 1706 1522 enim
1745 1485 1818 1522 iste

502 1543 767 1592 philosophus
805 1544 913 1592 quod
952 1542 1285 1593 qualitercunque
1331 1557 1476 1593 corpus
1522 1557 1637 1581 suum
1676 1543 1716 1580 in
1755 1543 1816 1581 via

503 1601 685 1638 attritum
731 1601 849 1638 fuerit
887 1601 1111 1639 remanebit
1150 1604 1289 1639 eadem
1334 1615 1507 1651 persona
1545 1611 1582 1639 et
1619 1615 1702 1639 non
1739 1601 1817 1639 alia

503 1659 541 1695 in
588 1660 650 1696 die
695 1659 914 1697 novissimo
953 1659 1195 1697 suscitanda.
1237 1659 1359 1697 Scivit
1399 1660 1524 1698 eciam
1566 1662 1673 1709 quod
1712 1659 1817 1696 idem

503 1730 649 1768 corpus
687 1717 726 1754 in
765 1730 934 1755 numero
973 1727 1332 1767 quantumcunque
1372 1718 1570 1756 variatum
1608 1718 1726 1755 fuerit
1758 1718 1819 1754 vel

503 1775 843 1813 discontinuatum
884 1776 1043 1822 redibit,
1078 1789 1168 1813 cum
1208 1777 1347 1813 eadem
1389 1776 1608 1814 materialis
1642 1775 1819 1813 essencia

503 1834 746 1882 reintegrata
785 1834 915 1881 fuerit,
956 1834 1049 1883 quia
1086 1834 1330 1883 ydemptitas
1376 1834 1558 1884 corporis
1603 1833 1818 1871 numeralis

502 1893 562 1929 vel
599 1892 827 1929 substancie
868 1892 1085 1929 materialis
1123 1905 1203 1929 non
1244 1893 1441 1942 dependet
1474 1894 1523 1930 ab
1555 1891 1819 1941 ydemptitate

502 1951 697 1988 numerali
732 1951 859 1987 forme
894 1950 1111 1987 materialis
1143 1959 1284 1988 vocate
1316 1951 1611 1998 substancialis,
1646 1963 1735 1987 cum
1769 1949 1819 1986 sit

504 2010 645 2045 modus
679 2008 939 2046 accidentalis
971 2008 1027 2045 illi
1063 2009 1261 2046 materiali
1296 2008 1483 2047 essencie.

560 2069 608 2103 Et
647 2076 756 2115 patet
794 2080 865 2116 per
906 2068 1069 2103 modum
1110 2066 1266 2116 epylogi
1307 2069 1415 2116 quod
1452 2080 1533 2104 non
1572 2068 1704 2104 obstat
1742 2065 1818 2103 nisi

503 2124 718 2162 infidelitas
758 2137 881 2174 quare
921 2124 1161 2162 christianus
1200 2125 1256 2162 sic
1294 2125 1469 2174 trepidat
1509 2133 1679 2162 mortem
1720 2123 1817 2173 pati.

503 2184 713 2220 Servemus
753 2182 874 2231 igitur
913 2183 1122 2220 caritatem
1162 2185 1212 2220 ad
1252 2196 1373 2232 quam
1413 2182 1650 2232 simpliciter
1691 2191 1819 2219 atten-

503 2242 658 2288 damus,
676 2240 917 2290 proicientes
932 2250 1060 2279 totam
1085 2250 1265 2278 nostram
1289 2241 1601 2278 sollicitudinem
1626 2240 1666 2277 in
1688 2239 1818 2289 ipsam

503 2308 539 2336 et
584 2301 631 2336 de
683 2299 824 2336 mortis
874 2299 1045 2337 stimulis
1095 2313 1176 2336 non
1221 2311 1420 2345 curemus,
1469 2299 1562 2348 quia
1608 2298 1819 2336 assistente

503 2357 670 2394 caritate
710 2357 975 2395 mortificacio
1013 2370 1095 2394 non
1133 2357 1314 2404 nocebit;
1347 2357 1438 2394 ideo
1472 2357 1569 2394 dicit
1600 2357 1818 2405 Apostolus

503 2424 593 2463 post
624 2415 841 2464 gloriosam
883 2424 1052 2453 mortem
1089 2415 1236 2458 Christi
1269 2417 1319 2453 ad
1353 2415 1581 2464 passionem
1616 2427 1708 2451 suos
1742 2414 1819 2450 dis-

503 2473 657 2522 cipulos
697 2474 1007 2520 confortantem,
1049 2474 1112 2510 ubi
1141 2481 1196 2511 est
1229 2486 1335 2510 mors
1368 2474 1528 2510 victoria
1561 2480 1639 2519 tua,
1671 2472 1735 2509 ubi
1765 2479 1820 2509 est

503 2544 609 2569 mors
632 2532 810 2569 stimulus
831 2533 948 2569 tuus?
970 2534 983 2568 I
1007 2533 1098 2569 Cor.
1115 2533 1220 2578 XV0,
1240 2532 1303 2568 55.
1327 2531 1469 2568 Timor
1491 2530 1654 2580 quidem
1679 2529 1819 2568 mortis

502 2589 601 2626 nulli
646 2591 762 2627 debet
807 2590 931 2627 incuti
975 2589 1050 2627 nisi
1101 2589 1263 2627 racione
1307 2589 1462 2638 peccati
1501 2590 1609 2638 quod
1650 2587 1818 2626 destruit

503 2656 726 2685 caritatem.

571 2755 596 2775 2.
617 2748 661 2776 A:
683 2756 736 2776 cor
761 2748 825 2776 oris
845 2757 947 2784 super.
1029 2747 1055 2777 3.
1077 2748 1146 2776 DE:
1167 2756 1228 2775 non
1249 2756 1315 2775 esse
1336 2746 1430 2775 deest.
1453 2781 1459 2786 .
1512 2755 1541 2781 4.
1563 2747 1608 2774 A:
1622 2746 1816 2787 *conce-ditur.

502 2783 528 2809 8.
550 2783 594 2810 A:
616 2784 706 2811 istam
750 2787 821 2811 cest.
885 2791 913 2815 Q.
936 2783 959 2811 E
978 2783 1007 2810 in
1030 2791 1143 2818 marg:
1165 2782 1190 2811 3.
1254 2791 1287 2810 11.
1308 2783 1352 2809 A:
1375 2785 1484 2817 potuit.
1548 2780 1586 2809 13.
1606 2780 1631 2808 12
1650 2789 1679 2808 in
1702 2789 1816 2815 marg:

502 2817 539 2844 Ul
561 2823 765 2853 consumptus
785 2822 861 2845 essct
883 2816 950 2845 Job.
1061 2826 1099 2853 17.
1121 2818 1194 2845 All:
1216 2817 1361 2844 secundo.
1470 2823 1509 2844 21.
1531 2816 1575 2843 A:
1595 2815 1700 2843 cadem
1722 2815 1815 2843 deest.

502 2859 549 2885 21.
567 2853 606 2879 l):
628 2861 696 2879 cum
713 2861 793 2879 cum.
851 2853 895 2879 ¹:13.
915 2853 936 2879 lc
951 2853 978 2879 in
997 2861 1110 2888 marg:
1133 2853 1222 2880 Nota.
1240 2851 1431 2886 Ydemptitas
1447 2850 1623 2884 numerali&
1640 2850 1815 2877 materialis,

503 2894 545 2920 27.
565 2887 630 2914 lui:
653 2887 722 2922 quia
739 2896 818 2914 cum.
876 2887 914 2915 31.
932 2888 957 2915 Λ
974 2888 1002 2914 in
1019 2896 1131 2922 ming:
1148 2887 1227 2914 Nola
1243 2886 1515 2913 coiisorlacionem.
1572 2884 1615 2912 38.
1632 2885 1699 2912 DE:
1723 2885 1814 2912 nullo.

571 2969 602 3002 (J.
631 2960 663 2989 S.
692 2959 876 3000 Augustini
904 2960 994 3002 Opp.
1018 2960 1089 2998 Vll,
1117 2969 1194 3001 pag.
1221 2956 1299 3001 (398.

1832 426 1905 457 Fon.

1833 471 1913 504 216⁶

1838 976 1877 998 10

1839 1256 1876 1288 15

1835 1558 1878 1579 20

1835 1838 1874 1870 25

1835 2126 1876 2159 30

1834 2417 1875 2451 35
