1986 3380
153 293 171 317 Ι»)

220 925 351 952 Christ's

203 960 369 987 inaniiood.

157 1333 223 1361 The
244 1335 414 1369 emperor's

227 1369 343 1396 decretu

149 1798 216 1826 The
242 1798 413 1825 enroiment

169 1842 231 1860 was
254 1834 351 1872 begun
373 1833 401 1859 in

237 1868 335 1903 Syria.

751 290 972 321 JOHANNIS
992 290 1174 322 wvcmr
1194 289 1448 322 samonum
1555 276 1705 333 [st-:RMO
1728 286 1748 313 ι-

441 395 608 432 ecclesia
652 407 823 444 quorum
869 396 967 432 festa
1011 408 1084 432 nec
1122 395 1348 444 specialiter
1387 396 1635 432 celebramus
1676 407 1747 432 nec

440 466 610 501 corpora
639 463 729 489 sunt
759 453 906 490 tradita
933 454 1200 490 ecclesiastice
1224 455 1440 502 sepulture.
1478 455 1568 489 Ideo
1593 453 1748 489 videtur

439 511 720 548 irracionabile
759 514 865 560 quod
907 521 1062 549 tanturn
1094 521 1281 548 oneretur
1315 511 1482 548 ecclesia
1516 524 1636 559 quarn
1672 513 1748 547 Do-

440 569 569 606 minus
609 569 807 606 libertavit
847 579 883 606 et
922 572 969 606 de
1008 583 1111 606 novo
1157 571 1341 618 catalogo
1388 579 1467 606 tam
1515 582 1536 606 a
1581 568 1748 606 catholi-

439 628 621 664 cantibus
660 641 780 677 quani
819 629 1123 665 observantibus
1163 628 1475 667 formidandum.
1517 640 1606 664 cum
1643 627 1782 664 credi5

439 688 554 723 debet
578 688 685 735 quod
709 700 789 723 non
813 696 977 735 propter
1007 686 1357 723 canonizazionem
1382 688 1560 722 Romane
1586 685 1751 722 ecclesie

440 755 496 781 est
526 745 612 794 quis
637 744 674 780 in
699 746 784 782 celo
807 744 989 782 sanccior
1013 746 1101 794 plus
1125 745 1184 781 vel
1209 744 1352 785 minus,
1378 757 1450 781 nec
1474 743 1749 780 testimonium

439 804 486 840 de
516 813 596 840 tani
627 803 699 839 sibi
731 803 943 851 incognitis
974 805 1040 840 dat
1074 803 1238 851 singulis
1271 804 1430 851 plenam
1469 802 1600 838 fidem.
1636 801 1751 838 Fides

439 871 572 897 autem
621 870 677 897 est
724 863 771 898 de
817 861 1162 910 supereminencia
1206 860 1430 897 sanctitatis
1476 859 1627 896 domini
1661 862 1751 895 jesu

438 919 585 955 Christi
626 928 706 955 tam
741 919 930 956 divinitus
963 932 1083 967 quarn
1124 918 1249 955 eciam
1293 917 1537 954 humanitus.
1578 919 1625 953 Et
1658 917 1810 965 quiaio

437 977 578 1025 triplex
618 978 865 1025 evangelium
905 977 1097 1013 hodierne
1136 976 1213 1013 diei
1254 976 1434 1013 meminit
1468 977 1515 1011 de
1556 976 1751 1011 ambabus

438 1044 475 1071 et
507 1035 589 1071 eius
624 1035 851 1072 humanitas
885 1044 941 1072 est
975 1034 1150 1079 inferior,
1186 1034 1452 1082 propinquior
1484 1033 1598 1069 nobis
1632 1042 1752 1081 atque

438 1092 590 1137 nocior‚
622 1093 712 1131 ideo
737 1095 784 1130 de
808 1093 893 1142 ipsa
920 1095 978 1139 (ut
1002 1092 1173 1140 videtur)
1199 1092 1385 1140 primitus
1409 1100 1465 1128 est
1488 1092 1749 1139 loquendum.

438 1152 486 1186 Et
519 1151 612 1199 quia
652 1152 819 1189 ecclesia
857 1151 896 1187 in
937 1152 1016 1187 duo
1056 1150 1259 1195 dividitur,
1299 1149 1450 1186 scilicet
1485 1149 1523 1184 in
1557 1148 1681 1185 laicos
1714 1157 1751 1184 et

438 1210 603 1255 clerum,
644 1209 848 1258 evangelio
890 1208 1018 1245 medie
1058 1208 1175 1244 misse
1215 1207 1442 1256 pastoribus
1483 1208 1808 1254 competente‚15

438 1267 686 1315 evangelium
722 1267 849 1316 prime
892 1266 1010 1303 misse
1042 1266 1199 1302 videtur
1237 1265 1484 1302 secularibus
1525 1263 1749 1300 convenire.

496 1328 641 1362 Narrat
692 1334 826 1362 autern
879 1325 954 1361 hoc
1009 1323 1258 1372 evangelium
1312 1323 1518 1371 quomodo
1570 1331 1752 1370 tempore

438 1382 647 1420 Octaviani
681 1383 747 1432 qui
780 1382 853 1419 fuit
886 1382 989 1419 inter
1022 1394 1161 1418 omnes
1195 1389 1482 1429 conquestores
1514 1379 1750 1428 generalior,

438 1440 611 1477 nobilior
644 1454 690 1478 ac
725 1440 849 1489 magis
872 1440 1065 1489 pacificus
1099 1439 1288 1477 emissum
1322 1448 1379 1475 est
1412 1440 1461 1475 ab
1495 1450 1541 1474 eo
1576 1437 1750 1474 edictum

437 1508 478 1534 ut
523 1507 608 1535 tota
653 1498 882 1536 habitabilis
927 1510 1003 1547 que
1048 1497 1161 1547 quasi
1206 1496 1279 1533 fuit
1322 1498 1394 1533 sub
1446 1495 1529 1533 eius
1580 1495 1751 1544 imperio
1769 1508 1811 1530 20

438 1556 731 1594 describeretur
764 1557 984 1593 secundum
1018 1556 1194 1600 climata,
1229 1556 1449 1591 secundum
1482 1553 1750 1603 quantitatem

438 1614 576 1663 populi
610 1624 647 1652 et
679 1616 899 1652 secundum
932 1613 1217 1662 possessiones,
1252 1621 1292 1649 ut
1327 1612 1382 1649 sic
1415 1611 1533 1648 sciret
1557 1620 1752 1660 quantum

438 1672 572 1709 auxilii
622 1682 757 1721 gentes
808 1671 882 1709 sibi
927 1671 1104 1708 subiecte
1147 1680 1310 1720 possent
1354 1670 1529 1706 tribuere
1568 1672 1752 1706 Romano

439 1730 622 1779 imperio.

499 1790 573 1825 Iste
598 1798 731 1825 autem
756 1788 977 1836 imperator
1004 1787 1150 1824 dicitur
1174 1788 1296 1823 Cesar
1319 1799 1341 1823 a
1362 1786 1467 1822 Julio
1499 1787 1750 1835 precedente,
1769 1787 1809 1819 25

440 1855 476 1883 et
515 1848 717 1895 Augustus
762 1846 920 1891 dicitur,
967 1845 1060 1894 quia
1104 1844 1336 1881 notabiliter
1380 1844 1487 1880 auxit
1526 1845 1750 1880 Romanam

439 1904 744 1953 rempublicam.
785 1906 834 1940 Et
872 1903 927 1940 sic
966 1903 1147 1941 Christus
1185 1911 1302 1939 natus
1341 1911 1398 1938 est
1437 1914 1542 1938 anno
1581 1902 1753 1950 quadra-

438 1962 589 2010 gesimo
614 1963 789 1999 secundo
813 1961 929 1998 huius
953 1962 1112 2007 cesaris,
1142 1962 1304 2009 quando
1333 1960 1421 2008 plus
1446 1959 1658 2008 pacificata
1680 1957 1752 1995 fuit

440 2019 668 2057 habitabilis
692 2020 798 2056 iuxta
821 2019 920 2056 illud
946 2020 1090 2056 Psalm.
1116 2019 1270 2064 LXX10,
1289 2031 1331 2066 7:
1371 2018 1530 2054 Orietur
1559 2018 1594 2053 in
1623 2017 1754 2053 diebus

439 2078 519 2114 eius
549 2078 697 2114 iusticia
720 2085 754 2114 et
786 2078 1052 2114 habundancia
1079 2077 1202 2127 pacis.
1237 2075 1429 2122 Quamvis
1461 2083 1595 2112 autem
1629 2073 1752 2123 parti·
1769 2075 1812 2108 30

440 2136 594 2172 culares
617 2135 912 2184 descripciones
933 2143 1211 2183 precesserunt
1229 2134 1288 2181 (ut
1303 2141 1414 2182 patet
1430 2133 1751 2181 11Reg.XX1V0),

440 2193 514 2230 ista
553 2202 688 2230 tamen
721 2193 793 2229 fuit
826 2192 1051 2241 generalior
1083 2192 1186 2229 inter
1218 2203 1371 2228 ornnes.
1413 2193 1496 2228 Hec
1529 2189 1752 2238 descripcio

440 2251 588 2299 incepit
620 2251 660 2287 in
693 2251 806 2299 Syria
839 2253 911 2287 sub
936 2250 1084 2299 Cyrino
1118 2249 1288 2299 preside,
1314 2248 1408 2298 quia
1440 2248 1508 2286 illa
1540 2257 1647 2285 terra
1679 2246 1752 2283 fuit

440 2308 553 2357 quasi
583 2308 622 2344 in
655 2308 787 2346 medio
811 2308 983 2358 imperii,
1011 2317 1048 2345 et
1071 2309 1120 2345 ab
1143 2307 1219 2344 ista
1243 2305 1518 2355 descripcione
1541 2305 1752 2343 videbatur

440 2366 595 2404 facilius
628 2367 830 2415 exemplar
862 2366 1088 2403 describere
1120 2365 1218 2403 alias
1251 2364 1453 2402 naciones.
1768 2364 1808 2398 35

510 2486 530 2505 i.
552 2478 596 2505 A:
618 2477 825 2513 spiritualiter.
887 2485 912 2505 2.
928 2478 972 2505 A:
993 2476 1128 2504 ecclesie.
1183 2485 1213 2511 4.
1234 2476 1276 2504 D:
1299 2483 1380 2503 novo
1399 2473 1563 2506 catholice:
1584 2474 1628 2501 A:
1650 2473 1753 2501 catho-

440 2513 555 2540 licetur.
674 2521 703 2546 4.
726 2512 749 2540 5.
772 2512 839 2540 DE:
861 2511 1127 2539 catholizantibus.
1248 2511 1275 2538 (3.
1297 2511 1326 2538 A
1346 2510 1375 2537 in
1397 2517 1511 2544 marg.:
1534 2508 1751 2536 canonizacio.

441 2555 481 2575 ιο.
502 2547 543 2575 κίε
564 2547 659 2574 eciam
681 2547 781 2579 deest:
803 2547 843 2574 ib.
859 2547 902 2574 A:
925 2551 952 2574 et
973 2546 1066 2582 quod.
1141 2554 1174 2574 ιι.
1190 2545 1232 2573 D:
1255 2545 1402 2572 hodierne
1423 2544 1495 2575 Dei:
1516 2543 1556 2570 E:
1578 2543 1632 2570 Dei
1654 2551 1751 2570 corr.:

439 2582 510 2610 diei.
611 2582 636 2610 15
668 2581 708 2609 15:
732 2581 909 2617 pastoribus
928 2581 1085 2615 competit.
1184 2580 1223 2608 18.
1245 2581 1289 2608 A:
1312 2578 1486 2607 Octoviani.
1585 2586 1627 2614 ¹9-
1649 2578 1692 2605 A:
1715 2577 1752 2604 ab

439 2617 565 2649 eodem:
595 2617 635 2644 ib.
658 2618 702 2644 A:
724 2616 857 2643 edictum
880 2615 972 2643 deest.
1059 2623 1104 2643 20.
1126 2616 1170 2643 A:
1192 2619 1254 2642 tota
1275 2619 1354 2641 terra
1375 2612 1561 2641 habitabilis.
1646 2619 1685 2639 21.
1706 2612 1750 2639 A:

441 2652 609 2679 secundum
631 2651 785 2678 inclinata.
846 2658 889 2678 22.
911 2651 955 2678 A:
978 2650 1098 2677 scirent.
1162 2650 1202 2678 25.
1225 2649 1249 2676 D
1271 2649 1301 2676 in
1323 2656 1435 2683 marg:
1458 2647 1563 2675 Cesar.
1618 2654 1662 2681 27.
1685 2646 1751 2673 DE:

439 2691 483 2714 est
504 2687 605 2719 deest:
627 2686 668 2713 D:
689 2685 718 2713 in
740 2693 830 2713 anno.
905 2684 950 2712 28.
971 2684 1041 2712 DE:
1065 2684 1198 2719 pacifica.
1266 2682 1312 2711 30.
1333 2684 1377 2711 A:
1399 2682 1464 2710 eius
1485 2681 1578 2709 deest.
1646 2680 1685 2708 31.
1707 2683 1751 2708 A:

440 2721 465 2748 11
481 2721 580 2753 deest:
602 2720 719 2748 Codd.:
741 2720 828 2747 Rom.
844 2719 954 2748 XXIV.
971 2718 1109 2747 Cori-exi.
1127 2718 1173 2746 Cf.
1190 2718 1227 2746 11.
1242 2717 1312 2753 Reg.
1328 2716 1438 2752 XXIV,
1479 2737 1484 2742 .
1557 2714 1600 2743 32.
1617 2715 1662 2743 A:
1684 2715 1751 2743 Hic.

439 2754 482 2783 33.
503 2757 547 2783 A:
571 2755 653 2783 Ciria
675 2755 731 2782 sub
752 2754 869 2782 Cirnio.
984 2753 1030 2788 34.
1053 2753 1121 2781 DE:
1144 2753 1245 2781 media
1265 2752 1303 2791 in.
1316 2751 1428 2779 medio.
1456 2724 1544 2785 {ugk
1565 2754 1642 2778 text:
1664 2750 1712 2777 soi·
1732 2750 1753 2777 it

441 2799 504 2817 was
525 2789 641 2826 myddil
663 2789 698 2816 of
714 2789 762 2816 liis
782 2789 908 2824 empire.
981 2787 1022 2816 35.
1044 2788 1117 2816 AD:
1138 2788 1361 2822 exemplariter.

512 2861 566 2894 33.
593 2862 759 2904 Vulgate:
796 2861 899 2894 Haec
936 2859 1130 2902 descriptio
1156 2859 1282 2902 prima
1309 2859 1419 2901 sacta
1454 2861 1504 2890 est
1535 2866 1558 2888 α
1585 2855 1753 2899 praeside

441 2908 576 2951 Syriae
603 2908 751 2952 Cyrino.
