1986 3380
226 276 559 333 sssamoxxxan]
696 287 904 320 SECUNDA
934 286 1060 317 PARs

1745 285 1823 321 '277

228 398 323 435 mihi
358 398 462 446 quod
498 396 629 432 omnis
652 397 893 442 dampnatus
926 400 1082 428 tenetur
1105 391 1250 427 servire
1283 389 1409 426 active
1443 402 1534 425 con·
1553 398 1825 424 b1=11l1t=vc21unot

228 457 335 493 tinue
359 458 442 492 Deo
475 467 565 496 suo;
600 462 636 490 et
661 452 753 501 quia
776 453 825 489 ad
860 452 933 487 hoc
958 447 1296 498 impossibilitavit
1320 460 1358 483 sc
1393 446 1537 496 ipsum,

228 516 318 552 ideo
351 511 701 550 irremediabiliter
725 520 781 547 est
805 511 1059 557 dampnatus.
1096 506 1287 552 Quamvis
1312 505 1415 541 enim
1449 505 1538 541 talis

229 576 470 621 dampnatus
502 578 636 619 posset
660 571 744 605 Deo
777 567 923 604 servire
949 565 1164 605 meritorie,
1200 564 1293 612 quia
1326 572 1417 600 ante
1451 576 1540 611 pec—

195 637 362 669 5catum
396 642 511 666 suum
552 626 776 667 insolubile,
817 633 1123 673 verumptamen
1162 636 1242 658 non
1281 630 1412 670 potest
1452 634 1541 657 cum

228 690 312 726 istis
347 687 510 736 paribus
542 685 597 722 sic
626 684 784 727 servire,
818 696 890 720 nec
914 686 1018 719 Deus
1053 681 1169 729 exigit
1199 681 1307 728 quod
1341 692 1431 716 cum
1461 678 1544 715 istis

230 746 393 796 paribus
434 744 507 781 sibi
546 743 680 780 taliter
718 742 924 779 serviatur.
972 742 1086 778 Unde
1125 751 1215 787 sepe
1262 738 1300 774 in
1340 736 1544 785 evangelio

231 806 393 854 quando
427 805 617 839 demones
639 802 851 838 voluerunt
875 799 1094 835 Dominum
1119 796 1315 842 confiteri,
1340 794 1547 844 prohibuit

233 873 270 900 et
302 875 383 899 non
416 861 570 897 sinebat
609 872 675 896 eos
716 858 839 907 loqui.
887 857 975 894 Alia
1016 866 1150 893 autem
1192 854 1413 891 dubitanda
1453 865 1547 889 con-

180 938 217 959 10
233 919 442 958 cernencia
474 917 703 955 insolubilia
737 918 954 954 demonum
979 915 1179 962 tangendo
1204 925 1332 961 pauca
1365 911 1546 959 relinquo

232 979 319 1017 aliis
352 977 649 1027 pertractanda.

667 1135 859 1176 SERMO
896 1135 1121 1175 XXXVIH.

297 1258 495 1295 Circuibat
515 1257 626 1293 Jesus
658 1255 830 1291 civitates
853 1262 887 1291 et
911 1254 1083 1299 castella,
1108 1254 1247 1289 docens
1269 1252 1305 1287 in
1328 1251 1552 1302 synagogis

234 1330 378 1355 eorum.
413 1314 580 1352 Matthei
613 1315 698 1352 IX0.
736 1314 800 1350 35.

182 1379 218 1411 15
295 1377 381 1411 Hoc
421 1372 671 1421 evangelium
712 1373 779 1408 dat
825 1372 996 1407 formam
1040 1368 1304 1417 multiplicem
1345 1368 1552 1416 quomodo

236 1446 375 1471 omnes
416 1431 564 1469 Christi
604 1429 790 1478 discipuli
828 1438 909 1465 tam
951 1429 1180 1464 sacerdotes
1222 1439 1342 1475 quam
1383 1424 1552 1473 dyaconi

237 1494 382 1528 debent
427 1489 636 1538 predicare
681 1487 901 1525 instancius
946 1488 1111 1523 verbum
1158 1485 1243 1521 Dei.
1299 1486 1399 1521 Cum
1447 1482 1552 1519 enim

237 1549 369 1587 omnis
409 1547 558 1585 Christi
604 1546 716 1583 accio
755 1546 804 1582 sit
843 1554 981 1581 nostra
1020 1543 1237 1579 instruccio
1278 1552 1314 1578 et
1355 1542 1437 1590 ipse
1477 1542 1552 1577 cir-

237 1609 362 1645 cuibat
383 1605 622 1655 generaliter
645 1617 775 1641 omnes
803 1604 975 1640 civitates
1003 1610 1038 1638 et
1067 1602 1223 1638 castella
1247 1602 1381 1641 Judee,
1417 1600 1555 1635 docens

180 1680 221 1703 20
238 1668 273 1703 in
312 1665 535 1717 qwzagogis
578 1676 709 1700 eorum
750 1670 784 1698 et
824 1662 1035 1711 predicans
1080 1661 1203 1710 legem
1250 1671 1402 1702 noram,
1446 1667 1555 1706 patet

239 1726 348 1774 quod
382 1735 522 1759 omnes
555 1723 785 1759 sacerdotes
824 1720 884 1756 vel
925 1719 1082 1755 diaconi
1126 1719 1273 1754 habent
1312 1725 1553 1764 potestatem
1588 1762 1589 1765 Ἰ

240 1781 491 1821 consimilem
525 1779 659 1817 taliter
691 1778 940 1828 predicandi.

297 1843 345 1877 Et
385 1852 428 1876 ex
472 1839 547 1876 ista
585 1847 699 1886 parte
739 1836 932 1884 evangelii
978 1834 1200 1872 excluditur
1244 1834 1385 1882 triplex
1431 1845 1555 1875 error,

240 1899 393 1949 primus
426 1910 505 1946 quo
529 1896 764 1933 Antichristi
798 1894 983 1942 discipuli
1007 1902 1169 1941 captant
1193 1892 1267 1928 sibi
1291 1893 1379 1929 loca
1413 1890 1557 1927 fertilia

184 1960 353 1994 25lucro
387 1969 459 1993 suo
493 1954 791 2000 convenienda,
817 1954 979 2002 quando
1012 1951 1052 1987 in
1085 1951 1183 1987 locis
1224 1950 1311 1986 aliis
1344 1950 1432 1998 plus
1466 1962 1557 1996 pro—

243 2018 413 2053 dessent.
461 2013 642 2052 Christus
688 2012 793 2049 enim
842 2010 1080 2059 generaliter
1124 2009 1298 2045 visitavit
1341 2009 1429 2044 loca
1474 2016 1557 2043 tam

243 2074 398 2111 maiora
431 2085 551 2121 quam
586 2071 757 2116 minora,
792 2083 882 2106 cum
916 2070 1020 2118 apud
1052 2081 1135 2104 eum
1170 2067 1348 2116 nonfuit
1382 2065 1557 2114 accepcio

238 2144 499 2183 personarum
533 2139 569 2167 et
602 2142 694 2178 sepe
727 2129 1022 2176 cooperabatur
1060 2125 1115 2162 sic
1154 2125 1286 2173 agenti
1327 2137 1370 2161 ex
1402 2123 1558 2160 indiffe-

244 2190 378 2227 rencia
411 2188 630 2237 graciosius
663 2187 703 2223 in
736 2186 883 2223 minori
916 2185 1067 2233 populo
1102 2197 1222 2232 quam
1258 2182 1414 2220 maiori.
1468 2183 1557 2218 Una

186 2255 228 2287 30
245 2258 378 2286 autem
425 2259 596 2296 persone
640 2244 823 2282 hortacio
868 2244 947 2280 sive
993 2241 1200 2280 conversio
1254 2250 1311 2278 est
1356 2239 1556 2276 infinitum

245 2306 466 2355 preciosior
505 2317 626 2354 quam
666 2304 781 2340 labor
820 2301 1042 2350 corporalis
1082 2300 1248 2349 quilibet
1292 2297 1556 2347 predicantis:

246 2375 283 2402 et
316 2365 347 2401 si
380 2364 486 2400 istud
518 2376 600 2399 non
633 2362 827 2411 sequitur,
861 2360 1029 2408 simplex
1051 2358 1227 2395 intencio
1252 2354 1558 2404 evangelizantis

246 2432 303 2460 est
343 2421 572 2459 meritorior
610 2433 730 2470 quam
770 2418 998 2468 predicacio
1038 2416 1214 2465 aptantis
1253 2415 1327 2452 sibi
1368 2426 1557 2462 magnum

247 2481 456 2531 populum,
491 2479 582 2516 licet
616 2479 740 2515 multe
773 2477 906 2514 anime
939 2476 1017 2513 sint
1050 2486 1252 2512 converse.

317 2648 342 2668 2.
363 2640 432 2669 DE:
455 2637 684 2674 possibilitavit.
764 2636 790 2663 S.
813 2636 858 2662 A:
880 2635 995 2662 volunt.
1076 2642 1104 2665 ().
1125 2633 1165 2660 Ετ
1187 2641 1239 2659 eos
1260 2640 1303 2658 ea.
1379 2639 1412 2658 11.
1435 2630 1474 2657 E:
1498 2637 1563 2664 per-

249 2675 406 2703 tractanda
427 2679 482 2702 etc.
591 2671 630 2700 13.
651 2673 680 2700 A
699 2671 729 2699 in
751 2678 864 2705 marg:
888 2670 997 2697 Set-mo
1019 2668 1044 2696 X
1064 2664 1131 2702 (Is-ic)
1152 2666 1328 2697 XXXVIII:
1350 2666 1375 2692 D
1397 2665 1426 2692 in
1449 2672 1562 2698 marga

248 2712 292 2738 De
312 2709 479 2745 apostolis;
500 2708 540 2736 ib.
555 2708 600 2735 A:
623 2715 788 2746 synagoga.
852 2713 893 2738 14.
915 2705 958 2732 A:
980 2704 1036 2731 lxo
1050 2708 1083 2742 ’et
1102 2703 1144 2730 X⁰
1164 2702 1242 2737 (sic).
1305 2700 1348 2728 23.
1365 2700 1388 2727 E
1403 2700 1432 2727 in
1449 2706 1562 2733 marg:

247 2746 375 2781 Triplex
395 2752 482 2772 error
501 2742 749 2778 predicanc1um;
769 2741 798 2768 A
818 2740 847 2767 iu
869 2747 980 2774 marg:
1008 2739 1130 2766 Primus
1150 2745 1245 2764 error.
1303 2743 1348 2769 24.
1366 2735 1389 2762 E
1403 2735 1432 2762 in
1449 2739 1563 2795 marffi:

248 2779 501 2816 Evangelizantes
520 2778 588 2805 loca
606 2776 717 2804 fertilia
738 2780 906 2811 captantes.
974 2772 1021 2801 28.
1042 2774 1087 2801 A:
1107 2776 1292 2807 cooperatus
1313 2771 1362 2798 sit.
1431 2767 1472 2796 33.
1494 2768 1519 2795 D
1535 2777 1540 2784 <
1557 2776 1563 2795 :

249 2814 416 2843 meritoria.

326 2921 375 2953 13.
408 2920 460 2953 Cf.
487 2918 648 2962 Wyclif's
676 2919 858 2957 Sermons,
889 2918 942 2948 ed.
969 2916 1012 2958 by
1040 2914 1188 2955 Arnold,
1216 2914 1238 2953 Ι,
1265 2922 1342 2955 pag.
1375 2920 1566 2954 197—-201,

1605 429 1775 459 1‘1111‘11'111051·

1600 467 1778 501 obligation.

1638 1372 1771 1400 Christ&

1611 1416 1698 1435 exam
1725 1408 1751 1446 le
1771 1407 1800 1433 in

1615 1451 1705 1478 pre-ac
1718 1450 1792 1476 ung.

1596 1839 1697 1866 Three
1718 1846 1822 1865 errors

1596 1874 1629 1901 ot*
1648 1873 1827 1908 preachcrs:

1597 1917 1616 1936 1.
1639 1909 1769 1943 Settling
1790 1908 1819 1934 in

1608 1943 1811 1971 conum-table

1655 1979 1769 2013 places,
