1986 3380
196 307 330 334 smnio
346 297 483 354 xrmr]
670 309 880 342 SECUNDA
909 309 1033 341 PARS.

195 416 495 464 simplicitatem
529 416 589 453 sui
622 416 753 465 operis
794 425 927 454 tacent
965 416 1214 464 evangelium
1248 417 1309 453 vel
1341 419 1506 455 verbum

198 474 357 510 Domini
409 483 446 510 et
491 476 540 511 ad
584 475 740 512 fabulas
786 483 1085 512 convertuntur.
1132 476 1295 511 Certum
1344 475 1505 524 quidem

195 532 350 569 videtur
383 534 490 581 quod
524 532 685 580 reprobi
718 534 988 570 adulterantes
1020 534 1185 569 verbum
1221 533 1382 569 Domini
1417 546 1506 570 cum

195 590 424 627 intencione
462 590 691 626 huiusmodi
731 591 819 639 plus
861 599 1086 639 peccarent.
1134 592 1211 628 Sed
1250 600 1361 639 patet
1401 594 1507 640 quod

163 652 252 684 5est
287 648 575 696 multiplicacio
608 648 648 684 in
680 658 860 696 peccato,
895 662 983 685 cum
1016 649 1122 685 fraus
1156 650 1203 685 de
1235 649 1386 686 frivolis
1419 650 1508 686 loco

197 706 390 753 evangelii
424 706 465 741 in
497 706 636 754 primis
677 706 957 753 committitur,
998 708 1172 744 secundo
1213 707 1354 756 rapina
1387 708 1508 744 colla-

197 763 322 800 cionis
356 765 403 800 de
435 764 664 800 substancia
697 777 921 812 pauperum
956 774 1164 813 tamquam
1199 765 1377 802 debitum
1412 765 1509 802 fina-

195 822 285 858 liter
318 822 514 858 intentum
548 822 773 858 annectitur
812 831 848 858 et
881 822 1006 859 tercio
1039 823 1094 859 sic
1126 832 1286 872 raptum
1320 825 1370 860 ad
1404 823 1508 860 deci-

195 880 387 928 piendum
423 879 632 916 ecclesiam
666 879 816 916 frivolis
850 881 985 917 multis
1018 881 1281 918 consumitur.

141 951 180 974 10
255 938 440 974 Secundo
473 937 700 986 specialiter
733 940 968 975 detestanda
1001 948 1058 975 est
1092 939 1287 987 spoliacio
1322 939 1508 988 Romipe-

195 1004 326 1032 tarum
362 995 441 1044 qui,
477 1004 690 1044 postquam
725 997 954 1044 symoniace
980 998 1084 1034 hunc
1109 999 1303 1034 mundum
1326 997 1509 1034 visitave-

196 1053 274 1089 rint
313 1054 373 1090 vel
406 1053 681 1091 visitacionem
723 1055 805 1091 eius
845 1055 1132 1103 pretenderint,
1172 1055 1362 1092 simulant
1408 1055 1510 1092 indi-

196 1111 378 1159 genciam
403 1124 514 1148 suam
541 1125 586 1149 ac
609 1112 863 1149 sanctitatem
880 1125 901 1149 a
917 1112 1090 1161 simplici
1106 1114 1270 1162 populo,
1288 1114 1511 1150 clamorose

196 1178 233 1206 et
265 1170 394 1206 valide
429 1169 722 1216 mendicantes3
758 1180 795 1207 et
828 1184 1009 1208 rumores
1043 1173 1256 1208 mendaces
1280 1185 1326 1209 ac
1359 1172 1510 1208 fraudis

143 1233 179 1265 15
196 1227 419 1264 sanctitatis
454 1228 598 1265 ficticie
632 1238 723 1265 sunt
756 1228 831 1265 illis
865 1229 997 1266 media
1032 1231 1080 1266 ad
1114 1230 1247 1266 taliter
1280 1230 1510 1267 mendican-

197 1287 304 1329 dum,
345 1295 381 1322 et
419 1294 555 1323 tamen
594 1300 684 1323 cum
724 1287 951 1324 sufficerent
990 1300 1033 1324 ex
1070 1288 1290 1325 valitudine
1330 1287 1511 1337 corporis

197 1353 233 1380 et
266 1343 356 1380 ocio
389 1357 411 1381 a
444 1345 581 1381 labore
622 1345 746 1393 magis
780 1345 985 1382 fructifero
1025 1347 1223 1392 laborare,
1265 1355 1419 1383 certum
1455 1355 1511 1383 est

197 1403 305 1451 quod
338 1402 446 1439 racio
470 1411 610 1440 contra
634 1403 979 1441 mendicacionem
1002 1405 1176 1441 validam
1210 1417 1276 1441 eos
1304 1406 1510 1453 dampnat.

254 1460 441 1497 Tercium
469 1474 591 1509 genus
616 1461 937 1499 mendicancium
964 1462 1189 1499 validorum
1214 1472 1271 1499 est
1296 1463 1511 1499 multitudo

140 1533 182 1555 20
199 1519 483 1555 simulancium
523 1532 563 1556 se
596 1520 852 1568 peregrinare
893 1522 942 1557 ad
982 1521 1071 1558 loca
1104 1530 1242 1558 sancta
1276 1530 1313 1558 et
1346 1530 1511 1570 propter

199 1577 332 1613 fictam
369 1590 530 1614 causam
564 1577 699 1626 inopie
723 1580 772 1615 ad
795 1587 878 1615 tam
911 1587 1094 1616 sanctum
1126 1579 1245 1616 finem
1270 1579 1512 1616 relevamine

197 1635 483 1683 temporalium
517 1648 557 1672 se
590 1649 722 1684 egere3
762 1638 830 1673 sed
871 1650 960 1673 cum
995 1639 1100 1673 Deus
1133 1637 1182 1673 sit
1214 1637 1434 1674 immensus
1476 1646 1512 1674 et

196 1693 345 1742 ubique
378 1693 590 1730 exaudiens
623 1706 761 1743 preces
795 1695 1007 1731 humilium
1046 1708 1119 1732 nec
1157 1696 1269 1732 locus
1303 1704 1360 1732 est
1392 1695 1512 1744 perti-

197 1764 295 1788 nens
328 1751 403 1788 nisi
437 1753 484 1788 de
509 1761 659 1801 quanto
689 1753 821 1801 ipsum
855 1753 1083 1790 inhabitans
1108 1762 1165 1790 est
1190 1755 1368 1801 devotus,
1402 1762 1512 1802 patet

141 1812 179 1845 25
198 1811 306 1858 quod
339 1811 560 1847 hortandus
593 1811 695 1848 foret
728 1811 960 1860 peregrinus
995 1812 1238 1858 huiusmodi,
1285 1821 1328 1848 ut
1360 1812 1511 1849 incolat

197 1868 306 1904 illam
324 1877 549 1905 contratam
566 1868 606 1905 in
622 1882 700 1918 qua
714 1869 840 1918 possit
862 1871 909 1906 de
932 1871 1071 1907 labore
1095 1870 1261 1918 proprio
1283 1870 1512 1907 meritorius

197 1926 398 1972 habitare;
433 1928 541 1975 quod
573 1927 605 1964 si
636 1928 762 1976 fingat
792 1930 901 1977 quod
929 1937 1066 1965 votum
1092 1929 1142 1965 ad
1165 1928 1263 1965 illud
1284 1929 1510 1975 necessitat‚

195 1985 361 2021 tollatur
388 1985 469 2021 voti
499 1985 674 2022 stulticia
698 1995 734 2023 et
758 1988 978 2023 secundum
1002 1987 1129 2035 legem
1156 1986 1304 2023 Christi
1328 1987 1513 2024 exercitet

197 2042 268 2079 Dei
302 2044 467 2079 donum.
512 2043 765 2081 Meritorium
800 2044 962 2093 quidem
997 2053 1054 2081 est
1088 2046 1134 2081 de
1167 2045 1305 2082 labore
1345 2044 1512 2094 proprio

139 2103 182 2135 30
196 2101 326 2138 vivere
350 2109 391 2137 ut
415 2101 554 2147 fidelis,
581 2110 618 2138 et
641 2103 830 2151 aufugere
853 2102 1084 2140 huiusmodi
1108 2103 1287 2152 duplices
1311 2103 1510 2140 discoliaS.

1543 953 1566 972 2.
1588 946 1730 980 Pilgrims
1750 950 1780 973 to

1610 980 1716 1008 Rome.

1544 1468 1568 1496 3.
1587 1469 1692 1497 Those
1713 1469 1783 1496 who

1544 1505 1597 1531 ask
1619 1513 1730 1540 money
1750 1508 1781 1531 to

1614 1548 1651 1574 go
1672 1548 1710 1566 on

1570 1574 1758 1609 pilgrimage.

257 2160 455 2205 Quartum
489 2173 612 2208 genus
647 2160 970 2197 mendicancium
1003 2161 1228 2198 validorum
1270 2170 1327 2198 est
1359 2161 1512 2198 robusti
1526 2176 1555 2202 4-
1579 2167 1638 2195 Old
1661 2167 1801 2195 soldiers.

197 2217 433 2254 circuientes
477 2231 548 2267 per
591 2218 743 2267 patrias
782 2219 975 2267 fingentes
1014 2231 1055 2256 se
1093 2220 1279 2256 laborare
1319 2219 1360 2256 in
1399 2220 1513 2256 bellis

197 2276 431 2324 approbatis
471 2289 542 2325 per
586 2289 707 2325 regna
749 2285 786 2313 et
825 2277 1097 2314 incarceratos
1136 2277 1254 2314 fuisse
1299 2277 1514 2317 casualiter

195 2335 257 2371 vel
280 2333 320 2370 in
343 2334 452 2371 aliud
475 2334 739 2372 infortunium
763 2335 971 2382 incidisse3
1005 2344 1041 2372 et
1065 2335 1155 2372 ideo
1178 2348 1339 2373 necesse
1363 2337 1511 2373 habent

268 2468 296 2501 6,
333 2490 338 2496 .
354 2468 423 2496 DE:
445 2469 650 2496 colleccionis.
726 2478 765 2496 10.
782 2470 826 2497 A:
849 2470 991 2498 Secunda
1012 2470 1201 2505 specialiter;
1223 2471 1262 2498 ib.
1277 2471 1333 2498 AD
1351 2471 1380 2497 in
1397 2479 1511 2506 marg:

198 2477 392 2536 Secumfum
413 2503 453 2530 ib.
468 2505 513 2531 A:
536 2512 549 2530 s
575 2504 708 2531 ecialiter
728 2504 829 2537 ἀρθεὶς
850 2504 890 2543 lb·
907 2504 976 2532 DE:
999 2505 1147 2540 spoliacio
1163 2505 1256 2533 deest.
1324 2514 1358 2534 11.
1373 2505 1443 2533 DE:
1466 2515 1515 2542 sy-

198 2538 337 2565 moniace
358 2538 458 2570 deest;
485 2538 525 2566 ib.
590 2539 620 2565 in
641 2547 756 2574 marg:
777 2538 937 2574 Romipete
958 2539 1139 2567 detestandi.
1248 2548 1289 2574 14.
1310 2541 1355 2568 A:
1378 2541 1514 2568 minores

199 2573 372 2600 mendaces.
437 2582 475 2608 17.
496 2573 570 2601 AD:
592 2573 707 2601 laboris
727 2578 855 2601 certum.
922 2582 963 2609 ιφ.
985 2574 1039 2601 DE
1060 2574 1089 2601 in
1111 2583 1224 2610 marga
1245 2574 1277 2607 3:
1297 2576 1327 2603 A
1347 2576 1377 2603 in
1398 2584 1512 2611 marg:

198 2607 342 2635 Tel-cium
364 2616 476 2643 genus;
498 2608 522 2635 E
541 2608 571 2636 in
593 2616 707 2644 marg.:
729 2608 895 2644 Peregrini.
969 2617 1008 2636 21.
1026 2609 1094 2636 DE:
1116 2614 1235 2637 tantum
1257 2611 1389 2642 factum:
1410 2610 1451 2637 ib.
1467 2612 1512 2638 A:

198 2646 227 2669 et
247 2643 442 2669 relevamine.
498 2642 539 2671 25.
555 2643 624 2671 DE:
646 2643 817 2670 hortandus
837 2647 893 2670 est.
949 2642 995 2671 30.
1013 2644 1081 2672 DE:
1103 2645 1223 2679 fideles;
1244 2645 1284 2672 ib.
1300 2645 1346 2672 A:
1368 2645 1512 2673 discolas.

198 2675 236 2704 31.
257 2677 342 2704 ΑΗΕ
362 2677 391 2704 in
413 2686 528 2713 marg:
549 2687 578 2712 4.
651 2677 694 2706 32.
716 2678 756 2706 E:
778 2678 945 2705 laborasse.

273 2760 324 2781 10.
352 2750 387 2782 In
415 2749 514 2781 Piers
539 2750 724 2782 Plowrnan
750 2751 804 2791 (Β.
825 2750 882 2791 IV,
906 2748 982 2792 128)
1009 2761 1076 2783 one
1103 2751 1144 2783 of
1166 2750 1227 2783 the
1253 2751 1451 2784 conditions
1477 2751 1518 2783 of

198 2796 371 2827 Reason’s
400 2796 526 2839 Utopia
553 2797 581 2828 is
607 2815 652 2819 —

339 2842 437 2883 „And
465 2843 530 2874 alle
556 2842 850 2875 Rome-renueris
877 2842 933 2874 for
958 2843 1118 2876 robberis
1145 2844 1185 2876 of
1207 2843 1380 2887 byzonde,

338 2889 427 2920 Bere
454 2899 499 2920 no
527 2888 633 2921 silver
660 2900 746 2921 over
771 2889 864 2921 see.''

201 2934 253 2966 Cf.
281 2935 382 2967 E.W.
410 2934 452 2967 of
474 2935 619 2978 Wyclif,
645 2936 699 2968 ed.
728 2935 907 2977 Matihew,
934 2946 1013 2979 pag.
1039 2935 1156 2981 494s5‚
