1986 3380
193 293 328 323 SERMO
351 282 400 342 L]
665 297 882 330 SECUNDA
908 294 1035 329 PARS.

196 405 379 453 recepcio
413 404 636 441 dotacionis
673 405 819 441 multos
853 403 1036 440 habilitat
1061 404 1109 438 ad
1135 401 1396 450 spiritualiter
1421 416 1511 449 pro-

196 465 448 500 dessendum.
483 465 611 511 Capto
646 476 738 511 ergo
774 463 927 510 prelato
963 474 1081 509 quem
1116 460 1241 508 magis
1275 473 1394 509 quam
1430 460 1511 507 ipst¹

196 521 424 558 habilitaret
470 521 610 557 ceteris
657 521 819 568 paribus
864 533 944 556 non
991 521 1165 564 dotatus,
1204 518 1360 554 videtur
1405 519 1511 566 quod

197 580 283 628 ipso
316 581 534 628 prudenter
557 579 821 615 distribuente
846 580 951 615 bona
974 590 1198 626 pauperum
1223 589 1267 612 ex
1301 576 1513 612 dotacione

163 638 370 687 §amplius
403 645 669 685 promeretur.
718 639 799 673 Nec
839 645 895 673 est
928 634 1142 673 verisimile
1179 634 1274 683 quin
1306 633 1355 670 sit
1389 632 1513 682 possi-

197 696 274 732 bile
308 696 506 744 prelatum
541 707 585 731 ex
618 694 687 731 tali
721 694 934 731 dotacione
958 695 1046 742 plus
1080 691 1283 730 habilitari
1316 693 1366 728 ad
1400 691 1513 739 spiri-

196 754 358 791 tualiter
374 761 410 789 et
426 752 599 800 amplius
616 754 944 801 promerendum,
962 752 1055 801 quia
1065 751 1179 788 aliter
1195 752 1514 798 dampnaremur

195 811 323 849 sancti
368 810 513 859 singuli
561 811 629 859 qui
675 810 931 847 dotacionem
978 809 1209 847 huiusmodi
1262 816 1512 856 receperunt,

195 871 256 907 vel
301 869 417 907 aliter
463 868 526 905 hic
570 868 858 913 satisfacerent,
911 870 1019 916 quod
1058 881 1139 904 non
1178 868 1280 904 foret
1324 865 1514 915 possibile

143 940 182 962 ιο
196 928 273 965 nisi
307 928 486 965 ablatum
529 926 806 971 restituerent3
846 935 883 963 et
917 939 1007 963 curn
1045 927 1121 962 hoc
1155 926 1273 962 debet
1306 937 1390 962 esse
1424 936 1514 972 cog-

196 986 326 1023 nitum
373 985 561 1022 omnibus
608 985 755 1022 nostris
801 985 949 1021 curatis
995 984 1158 1026 dotatis,
1204 983 1362 1021 videtur
1406 983 1514 1031 quod

196 1057 270 1081 nec
310 1043 568 1080 dotacionem
609 1043 848 1092 ampliorem
891 1042 1115 1092 reciperent
1153 1054 1227 1078 nec
1264 1041 1305 1077 in
1350 1041 1516 1089 antiqua

198 1102 412 1140 dotacione
452 1110 609 1138 tantum
656 1101 854 1150 profectui
902 1114 973 1138 suo
1020 1099 1224 1138 contraria
1263 1099 1418 1136 diucius
1457 1111 1516 1135 re-

198 1169 419 1197 manerent.
465 1160 607 1196 Nullus
643 1160 747 1196 enim
789 1172 945 1196 memor
983 1159 1122 1196 salutis
1155 1158 1289 1195 anime
1321 1165 1443 1194 staret
1476 1156 1516 1193 in

144 1221 302 1256 15statu
347 1230 466 1268 quem
512 1217 630 1255 sciret
677 1218 1015 1266 dampnacionem
1059 1230 1172 1254 suam
1212 1216 1401 1253 inducere
1440 1215 1515 1251 nisi

197 1276 424 1314 satisfaccio
449 1276 720 1322 intervenerit,
755 1276 1020 1325 relinquendo
1044 1284 1192 1312 statum
1218 1275 1257 1310 in
1284 1288 1364 1323 quo
1397 1273 1516 1310 sciret

196 1348 237 1372 se
284 1335 409 1384 magis
454 1335 652 1383 proficere
699 1344 735 1371 et
781 1343 1009 1383 acceptaret
1049 1342 1195 1370 statum
1242 1341 1398 1370 tantum
1440 1330 1515 1379 legi

198 1393 269 1430 Dei
304 1393 553 1430 contrarium
587 1406 705 1441 quem
740 1394 857 1429 debet
891 1393 1054 1429 credere
1087 1392 1142 1428 sic
1175 1393 1327 1428 obesse.

257 1454 298 1488 In
331 1452 407 1488 isto
439 1451 598 1488 videtur
632 1451 729 1487 mihi
770 1452 1081 1499 supponendum
1115 1463 1137 1486 a
1172 1448 1372 1486 catholico
1406 1449 1514 1497 quod

141 1523 182 1544 20
199 1511 375 1558 prelatus
408 1510 492 1546 sine
527 1509 740 1546 dotacione
774 1509 1003 1546 huiusmodi
1038 1509 1126 1556 plus
1160 1509 1380 1556 prodesset,
1422 1505 1515 1555 quia

198 1568 313 1605 aliter
353 1570 428 1604 hoc
467 1580 616 1615 negans
650 1568 907 1604 blasfemaret
948 1567 987 1604 in
1021 1566 1215 1615 Spiritum
1251 1568 1443 1603 Sanctum
1479 1573 1515 1600 et

198 1626 489 1663 scandalizaret
523 1626 742 1674 apostolos.
798 1628 898 1662 Nam
933 1627 1020 1662 Act.
1054 1626 1139 1671 VIs',
1175 1635 1196 1660 2
1231 1623 1375 1672 legitur
1408 1623 1515 1672 quod

197 1693 289 1734 post
323 1683 556 1721 missionem
581 1683 753 1732 Spiritus
777 1683 914 1720 Sancti
948 1696 991 1720 ex
1015 1684 1156 1720 eodem
1181 1682 1333 1731 Spiritu
1366 1681 1421 1718 sic
1443 1680 1516 1717 fuit

198 1744 247 1780 ab
277 1743 471 1792 apostolis
505 1742 741 1778 diffinitum:
775 1742 862 1778 Non
895 1749 951 1778 est
982 1754 1116 1790 equum
1150 1754 1218 1777 nos
1251 1740 1518 1789 derelinquere

143 1802 357 1839 25verbum
392 1801 470 1837 Dei
500 1809 534 1838 et
567 1801 791 1837 ministrare
828 1800 979 1847 mensis,
1020 1799 1110 1836 ideo
1151 1812 1224 1847 pro
1263 1798 1341 1835 isto
1381 1796 1516 1835 officio

199 1872 243 1897 ex
266 1862 408 1897 eodem
432 1859 576 1908 spiritu
599 1859 802 1907 elegerunt
825 1867 979 1907 septem
1005 1859 1221 1906 dyaconos.
1256 1860 1338 1894 Nec
1360 1855 1517 1893 videtur

200 1918 392 1969 possibile
416 1918 526 1966 quod
557 1917 736 1965 prelatus
769 1918 988 1966 prudenter
1021 1917 1162 1953 subeat
1196 1928 1267 1964 per
1299 1927 1339 1951 se
1362 1914 1424 1952 vel
1446 1927 1517 1963 per

201 1978 325 2015 alium
349 1989 487 2014 curam
509 1975 744 2024 particionis
767 1974 990 2023 corporalis
1012 1973 1229 2011 elemosine
1251 1973 1328 2010 nisi
1351 1973 1392 2010 in
1409 1974 1517 2009 bono

201 2034 402 2085 spirituali
441 2035 549 2083 quod
589 2035 706 2070 debet
739 2034 885 2070 habere
918 2032 1036 2069 fuerit
1069 2031 1243 2081 amplius
1278 2031 1516 2068 minoratus.

144 2093 184 2126 30
200 2094 328 2131 Aliter
362 2091 468 2130 enirn
503 2091 684 2129 Christus
718 2091 786 2141 qui
818 2091 988 2128 servavit
1020 2099 1170 2128 statum
1195 2089 1367 2127 maxime
1400 2088 1518 2126 meri-

201 2153 351 2190 torium
403 2150 610 2196 viacionis‚
665 2158 859 2187 servasset
911 2148 1202 2198 perfectissime
1254 2148 1330 2185 ista
1382 2147 1517 2184 simul.

202 2211 313 2248 Sicut
346 2222 439 2258 ergo
473 2208 587 2246 civile
616 2207 840 2245 dominium
865 2207 972 2256 capit
995 2216 1206 2256 peccatum
1230 2208 1281 2243 ad
1304 2205 1516 2243 minimum

200 2269 367 2315 veniale,
402 2267 457 2304 sic
489 2267 647 2304 videtur
681 2268 729 2303 de
751 2266 827 2303 ista
860 2265 1074 2303 dotacione
1097 2264 1275 2302 ecclesie.
1309 2267 1391 2301 Nec
1425 2277 1518 2301 con-

201 2329 323 2364 tendo
359 2326 456 2376 quin
487 2338 508 2362 a
543 2325 660 2373 culpa
692 2324 768 2362 ista
801 2324 974 2361 finaliter
1005 2324 1296 2369 liberabuntur,
1330 2324 1399 2360 sed
1434 2322 1517 2359 scio

144 2385 185 2419 35
202 2387 311 2435 quod
357 2385 459 2421 foret
492 2383 670 2420 securius
714 2382 952 2432 tempestive
996 2381 1252 2419 dotacionem
1292 2380 1410 2418 istam
1457 2392 1518 2418 ex-

203 2453 349 2481 cutere.
384 2445 433 2479 Et
465 2442 522 2479 sie
554 2442 711 2479 videtur
735 2440 871 2478 multis
905 2442 1013 2490 quod
1047 2439 1208 2477 dotacio
1239 2440 1397 2476 nullum
1431 2451 1519 2488 pre-

201 2503 327 2540 latum
359 2501 421 2539 vel
453 2500 613 2537 fidelem
653 2499 839 2536 habilitat
876 2499 953 2536 nisi
991 2499 1093 2536 forte
1132 2511 1204 2547 per
1242 2497 1428 2535 accidens
1461 2497 1520 2533 in-

185 2561 352 2604 ‚directe
366 2560 426 2597 vel
443 2557 752 2596 occasionaliter
774 2566 817 2594 ut
832 2566 1057 2606 peccatum.
1083 2556 1148 2594 Sic
1172 2555 1278 2594 enim
1295 2555 1520 2593 habilitavit

203 2621 367 2656 Petrum
391 2630 474 2654 esse
497 2616 753 2665 capitaneum
779 2615 988 2653 militantis
1012 2615 1178 2652 ecclesie
1200 2623 1291 2664 post
1314 2613 1518 2652 Christum

143 2678 314 2726 40quod
353 2685 510 2713 tantum
548 2675 589 2712 in
627 2674 836 2723 presencia
876 2673 1025 2711 Christi
1069 2682 1317 2723 peccaverat.
1372 2674 1420 2709 Et
1464 2672 1520 2709 ita

273 2844 295 2864 1.
315 2835 357 2863 D:
380 2843 446 2875 rece
471 2839 535 2870 t01·;
564 2835 604 2863 ib.
625 2834 670 2863 A:
692 2834 914 2873 habilita1etur.
1030 2840 1052 2873 ιΖ
1072 2840 1098 2860 2.
1119 2831 1187 2860 DE:
1209 2831 1246 2859 ad
1268 2830 1521 2870 spiritu-aliter<-

204 2878 295 2906 quem
316 2879 416 2906 magis
458 2874 530 2897 eest.
587 2870 611 2898 5.
628 2870 696 2897 DE:
718 2878 811 2905 quare
833 2872 880 2896 Slt.
915 2903 919 2907 Ι
938 2876 980 2904 19.
1001 2867 1026 2895 E
1045 2875 1075 2896 in
1097 2866 1290 2916 margizqRes
1317 2874 1417 2893 onsm.
1438 2865 1521 2904 Nota

203 2906 296 2968 {³33³}
315 2905 464 2976 ῃὲῧὶὲέ.
475 2904 722 2968 &arama
744 2904 769 2932 Β
778 2908 972 2973 ὲῗὲἓῗιὲἶῗ
985 2902 1085 2974 ἐξῐέ
1106 2900 1518 2964 ¹⁰3¹s¹T³1¹2g2512511i³1¹33⁵t⁰¹¹³

1572 1455 1704 1482 Prelates
1725 1454 1764 1482 do

1555 1498 1640 1517 more
1661 1490 1739 1517 “ood
1761 1489 1786 1516 if

1566 1510 1770 1552 unendpowed.
