1986 3380
204 235 339 265 SERMO
361 226 439 284 Lxx]
680 241 892 274 SECUNDA
918 241 1044 273 PARS.
1726 249 1805 283 447

203 345 276 382 sibi
310 346 384 394 ipsi
419 346 656 393 contrarius,
697 348 764 383 sed
798 348 904 395 quod
943 359 1024 383 non
1064 346 1211 383 intrent
1245 357 1335 384 ante
1369 349 1517 385 Christi

203 404 542 441 resurreccionem
595 413 631 441 et
674 406 890 441 Judeorum
946 404 1154 453 capacium
1202 406 1517 448 exortacionem;

203 471 240 498 et
262 462 317 498 sic
343 462 611 499 modificande
633 471 724 499 sunt
741 463 981 511 negaciones
1006 472 1043 499 et
1062 463 1266 511 generales
1291 463 1519 501 locuciones

203 521 422 556 secundum
457 522 564 568 quod
606 520 789 569 congruit
823 521 1022 557 sentencie
1061 533 1284 569 processus.
1338 522 1518 558 Christus

170 583 185 614 5
203 591 296 625 ergo
320 580 482 626 quando
507 578 686 626 precepit
709 579 902 626 apostolis
927 579 981 615 ire
1007 578 1045 615 in
1070 580 1265 615 mundum
1290 580 1515 616 universum

203 635 374 672 excludit
408 635 674 683 precisionem
714 639 761 672 ad
803 636 1091 674 limitacionem
1132 637 1259 685 gentis
1294 637 1449 674 iudaice
1482 647 1518 674 et

202 693 387 729 limitavit
433 694 734 741 generalitatem
781 696 914 742 quoad
963 695 1147 742 gentilem
1190 696 1385 744 populum
1426 708 1517 732 con-

201 752 451 796 vertendum,
502 751 557 787 sic
602 754 709 800 quod
755 752 981 801 ubicunque
1027 765 1094 790 eos
1138 752 1302 801 spiritus
1347 753 1513 800 duxerit,

202 808 320 845 liceat
353 808 407 844 eis
441 818 477 845 et
511 810 652 846 debeat
686 809 907 846 instancius
940 811 1161 858 predicare.

147 882 185 903 10
259 866 336 902 Alii
370 875 503 903 autem
538 867 604 915 qui
639 867 823 904 subtilius
857 868 1112 905 considerant
1145 869 1261 905 istam
1306 869 1516 906 materiam
1559 876 1718 903 §lm-emer
1739 877 1786 904 thc-

201 924 364 972 capiunt
408 933 616 973 tamquam
665 927 848 962 naturale
895 926 1137 975 principium
1178 928 1285 976 quod
1325 927 1516 976 quicquid
1542 911 1806 979 1]}‡g¹¹{}¹15},1{⁸1'[.'5¹‡v

201 995 320 1019 causa
351 984 525 1019 secunda
555 983 691 1020 fecerit
720 984 866 1020 virtute
896 985 955 1020 vel
985 984 1185 1021 iuvamine
1215 997 1333 1021 cause
1356 985 1515 1033 prioris,
1532 980 1610 1007 meis
1631 979 1804 1016 pre-achina.

199 1040 274 1076 ista
309 1053 428 1077 causa
462 1041 572 1088 prior
606 1041 840 1078 secundarie
873 1042 966 1078 facit
998 1042 1116 1079 idem.
1151 1045 1336 1080 Secundo
1369 1056 1516 1091 suppo-

197 1107 297 1134 nunt
337 1100 457 1146 quod,
498 1099 599 1135 sicut
640 1113 720 1136 non
760 1108 817 1136 est
856 1100 990 1148 aliqua
1030 1113 1201 1148 persona
1241 1101 1379 1137 mundi
1421 1101 1518 1150 quin

145 1161 181 1193 15
199 1156 432 1192 melioretur
466 1169 535 1204 per
575 1157 762 1194 meritum
798 1158 957 1203 Christi,
999 1158 1053 1194 sic
1092 1171 1172 1195 non
1212 1167 1268 1195 est
1307 1159 1385 1196 alia
1425 1172 1516 1208 pars

197 1223 302 1251 terre
350 1214 579 1251 habitabilis
625 1215 720 1264 quin
764 1216 825 1252 vel
869 1215 918 1252 sit
964 1216 1106 1252 melior
1146 1217 1205 1253 vel
1247 1216 1376 1253 minus
1411 1218 1517 1254 mala

197 1285 268 1320 per
307 1272 694 1320 evangelizacionem
742 1275 1020 1322 apostolorum
1062 1275 1127 1323 qui
1169 1275 1316 1311 Christi
1360 1275 1516 1312 fuerant

198 1330 414 1367 adiutores.
446 1331 532 1367 Istis
562 1331 779 1380 suppositis
804 1332 941 1368 dicunt
968 1334 1074 1381 quod
1099 1333 1271 1380 apostoli
1295 1335 1515 1369 secundum

198 1388 372 1437 aliquem
421 1390 584 1425 modum
631 1391 786 1426 essendi
827 1390 986 1426 fuerunt
1025 1390 1065 1426 in
1103 1399 1188 1427 tota
1227 1390 1436 1427 habitabili
1479 1400 1515 1428 et

141 1462 182 1484 20
198 1446 375 1495 qualibet
413 1446 495 1483 eius
536 1456 660 1495 parte.
711 1447 774 1484 Sic
815 1448 919 1484 enim
961 1447 1106 1484 dicitur
1140 1461 1200 1484 res
1243 1461 1326 1485 esse
1358 1449 1425 1485 ubi
1460 1458 1517 1485 est

197 1504 451 1552 operacionis
505 1505 696 1550 efficacia,
750 1514 786 1542 et
836 1506 891 1542 sic
943 1506 1157 1554 dupliciter
1207 1507 1361 1543 tollitur
1405 1507 1517 1555 prior

197 1562 405 1599 instancia.
457 1565 505 1598 Et
544 1563 599 1599 sic
644 1563 827 1611 intelligit
866 1564 964 1600 illud
1000 1564 1147 1600 Psalmi
1180 1566 1336 1610 XV1110‚
1380 1565 1421 1601 5:
1475 1566 1516 1601 In

197 1633 344 1656 omnem
392 1628 540 1656 terram
593 1621 712 1657 exivit
755 1634 871 1657 sonus
921 1634 1052 1658 eorum
1100 1629 1134 1658 et
1177 1622 1213 1658 in
1244 1623 1367 1672 finem
1414 1624 1517 1660 orbis

197 1686 301 1715 terre
316 1679 432 1714 verba
448 1691 594 1715 eorum.
620 1681 720 1715 Nam
746 1692 867 1716 sonus
891 1689 927 1716 et
945 1681 1065 1716 verba
1089 1679 1128 1715 in
1144 1693 1220 1729 que
1244 1690 1516 1729 proruperunt

141 1741 179 1774 25
197 1736 332 1773 fideles
356 1736 514 1773 fuerunt
537 1738 657 1774 verba
680 1737 915 1785 apostolica,
952 1746 987 1774 et
1020 1738 1248 1786 ubicunque
1270 1751 1340 1787 per
1373 1752 1514 1775 sonum

197 1794 470 1842 evangelicum
514 1794 586 1831 fuit
630 1795 862 1832 melioracio
898 1796 1022 1844 partis
1058 1805 1162 1832 terre
1202 1805 1238 1832 et
1272 1796 1339 1833 illa
1376 1796 1513 1833 melio-

197 1852 306 1889 racio
336 1848 340 1906 Ι
368 1865 494 1901 usque
527 1854 576 1889 ad
612 1862 790 1889 centrum
828 1853 966 1890 mundi
1001 1854 1237 1890 extenditur.

256 1912 400 1956 Quoad
437 1912 657 1947 secundum
697 1912 900 1948 obiectum
940 1911 1206 1960 sophisticum
1249 1912 1344 1948 dicit
1377 1914 1515 1949 beatus
1538 1918 1637 1954 Every
1659 1923 1796 1946 creature

198 1968 412 2016 Gregorius
436 1970 544 2018 quod
577 1970 689 2005 homo
723 1970 834 2006 hahet
867 1970 1059 2006 racionem
1093 1970 1290 2007 cuiuslibet
1323 1978 1514 2017 creature,
1588 1962 1746 2016 mfflssffisd

141 2031 182 2063 30
197 2038 280 2062 cum
326 2026 437 2063 hahet
480 2040 560 2064 esse
601 2040 685 2063 cum
732 2028 936 2077 lapidibus,
980 2028 1121 2065 sentire
1165 2041 1249 2064 cum
1294 2029 1434 2075 bestiis,
1481 2036 1516 2065 et

197 2084 415 2135 intelligere
473 2098 557 2121 cum
614 2087 777 2136 angelis.
843 2088 891 2122 Et
941 2085 996 2122 sic
1047 2087 1292 2122 mandantur
1342 2086 1514 2134 apostoli

196 2142 406 2190 predicare
436 2144 546 2180 omni
586 2144 795 2180 hominum
829 2143 964 2192 generi
997 2145 1105 2193 quod
1139 2152 1196 2181 est
1228 2156 1351 2192 genus
1386 2144 1516 2181 euius-

195 2199 292 2237 libet
331 2209 525 2248 creature,
567 2210 604 2238 et
642 2202 697 2238 ita
735 2202 808 2238 fuit
842 2201 1076 2238 distribucio
1115 2215 1196 2238 non
1236 2215 1309 2250 pro
1349 2202 1515 2250 singulis

194 2270 385 2306 generum
436 2261 505 2296 sed
551 2272 624 2308 pro
675 2259 884 2308 generibus
941 2259 1204 2308 singulorum.
1258 2259 1335 2296 Alii
1381 2269 1514 2297 autem

138 2320 179 2354 35
195 2317 403 2365 supposita
435 2317 511 2355 ista
543 2317 745 2354 sentencia
779 2317 962 2354 subtilius
995 2317 1250 2355 considerant
1278 2318 1353 2355 ista
1380 2319 1514 2355 verba.

254 2376 355 2411 Cum
409 2375 514 2412 enim
566 2377 687 2412 homo
739 2375 788 2412 sit
834 2377 1003 2412 duarum
1048 2385 1284 2412 naturarum
1329 2385 1513 2426 utraque,

196 2432 346 2470 scilicet
390 2442 472 2470 tam
524 2446 670 2482 corpus
714 2447 835 2482 quam
882 2433 1030 2480 anima,
1081 2434 1121 2470 in
1165 2433 1252 2482 ipso
1297 2433 1515 2471 includitur

196 2503 317 2539 genus
358 2491 569 2528 cuiuslibet
611 2500 811 2538 creature;
856 2505 946 2528 cum
983 2491 1088 2529 enim
1128 2493 1348 2529 secundum
1381 2494 1514 2541 Augu-

194 2548 342 2586 stinum
368 2549 499 2586 omnis
523 2558 707 2586 creatura
730 2549 779 2586 sit
800 2549 1030 2587 substancia
1055 2559 1091 2587 et
1108 2563 1188 2587 non
1213 2559 1271 2587 est
1285 2550 1514 2588 substancia

134 2620 179 2651 40
195 2606 270 2643 nisi
310 2607 529 2644 materialis
560 2608 622 2644 vel
660 2607 952 2654 immaterialis,
993 2617 1102 2656 patet
1142 2608 1361 2645 conclusio.
1410 2611 1511 2646 Nam

107 1835 182 1866 ΡοΙ.

102 1881 183 1913 233“

266 2737 292 2765 7.
314 2730 359 2757 A:
381 2730 591 2765 gentilitatem.
666 2728 708 2757 32.
730 2730 814 2765 quod
835 2730 933 2758 twice.

269 2821 322 2856 29.
358 2814 391 2845 S.
425 2813 599 2855 Gregorii.
634 2814 669 2845 In
704 2814 766 2845 Ev.
801 2814 859 2846 lib.
893 2815 919 2846 ΙΙ
954 2815 1058 2847 Hom.
1093 2815 1217 2847 XXIX.
1252 2815 1346 2858 Opp.
1374 2823 1457 2848 tom.
1490 2816 1511 2856 1,

203 2859 300 2903 1569,
327 2859 422 2903 1570.
453 2860 486 2891 S.
513 2861 602 2902 Aug.
631 2860 721 2903 Opp.
751 2861 806 2901 111,
839 2871 865 2902 1,
891 2861 959 2903 434
974 2859 1025 2904 (?).
