1986 3380
142 307 192 343 80

205 603 340 630 Relation

173 640 305 665 between
328 638 376 665 the

159 673 237 700 Vine
258 674 315 700 and
338 673 387 700 the

195 709 353 735 branehes.

171 1594 305 1629 l‘rnning
326 1592 374 1619 the

196 1631 356 1658 branches.

728 317 952 350 JOHANNIS
975 316 1157 348 WYCLIF
1176 317 1431 350 SERMONUM
1506 304 1657 362 [SERMO
1678 315 1745 343 XII-

428 425 623 462 divinitati
640 425 906 462 abiectissime
922 424 1154 463 tribulatus:
1179 434 1215 461 et
1232 425 1286 462 sic
1309 425 1490 474 quamvis
1517 426 1743 462 humanitas

428 483 573 520 Christi
614 483 815 520 videretur
854 483 1017 527 inutilis,
1059 483 1158 530 gerit
1199 493 1334 520 tamen
1373 484 1545 519 fructum
1587 496 1742 520 summe

427 541 642 578 vivificum.

486 600 677 645 Quamvis
701 609 834 636 autem
860 607 944 634 tota
967 597 1143 634 Trinitas
1167 599 1468 635 antonomatice
1492 599 1540 635 sit
1566 599 1741 647 agricola

428 657 542 693 huius
574 658 699 699 vinee,
734 667 868 693 tamen
893 655 1074 693 Christus
1109 669 1219 693 more
1252 669 1323 693 suo
1357 657 1614 694 attribuendo
1638 657 1776 706 patri5

427 717 619 753 honorem
656 715 750 751 dicit
784 728 873 751 eum
909 727 991 750 esse
1025 714 1106 750 eius
1130 714 1348 763 agricolam
1373 717 1592 751 secundum
1618 728 1742 764 quan-

427 775 518 810 dam
553 774 804 822 prioritatem
854 772 1030 820 originis.
1078 772 1265 810 Palmites
1311 782 1443 809 autem
1491 773 1606 809 huius
1653 773 1742 809 vitis

427 841 516 868 sunt
549 831 685 868 omnia
720 832 900 867 membra
933 829 1094 875 Christi,
1136 840 1173 867 et
1211 830 1250 867 in
1289 830 1365 867 ista
1402 831 1480 867 vite
1519 840 1610 867 sunt
1643 844 1742 867 nun-

427 890 609 938 cupative
625 889 810 938 palmites
827 901 902 938 que
917 888 1063 924 suntin
1080 888 1247 925 ecclesia
1269 891 1489 925 secundum
1515 898 1739 937 presentem

427 947 645 992 iusticiam3
680 957 716 984 et
749 947 850 983 sicut
884 947 1037 995 palmes
1071 946 1248 983 eiusdem
1283 956 1425 984 nature
1460 957 1516 983 est
1550 960 1638 984 cum
1663 947 1741 983 vite
1763 961 1800 981 10

427 1005 553 1053 ipsam
588 1005 869 1054 principiante‚
911 1004 966 1041 sic
1007 1005 1235 1041 humanitas
1269 1005 1415 1042 Christi
1462 1014 1518 1041 est
1564 1005 1740 1042 eiusdem

426 1064 571 1111 speciei
618 1076 706 1100 cum
755 1062 985 1100 hominibus
1030 1076 1130 1111 quos
1180 1063 1443 1111 spiritualiter
1494 1063 1619 1111 gignit
1672 1076 1742 1111 per

425 1122 614 1169 graciam.
651 1122 788 1158 Dictus
813 1130 945 1158 autem
972 1121 1149 1169 agricola
1173 1120 1289 1157 huius
1312 1121 1425 1157 vinee
1448 1121 1738 1169 plenitudinem

425 1180 557 1227 gracie
590 1189 627 1216 et
659 1180 837 1216 veritatis
870 1179 1070 1215 infuderat
1102 1178 1166 1215 isti
1200 1179 1269 1215 viti
1309 1187 1346 1215 et
1385 1191 1455 1227 per
1494 1179 1621 1227 ipsam
1662 1179 1742 1215 suis

426 1238 671 1286 palmitibus,
708 1251 798 1274 cum
832 1250 852 1274 a
887 1237 1019 1286 prima
1043 1237 1305 1273 humanitatis
1329 1237 1593 1285 generacione
1617 1250 1742 1285 usque
1764 1240 1799 1272 15

425 1298 475 1332 ad
508 1296 612 1333 diem
647 1296 785 1332 iudicii
818 1296 924 1332 dicta
956 1295 1045 1331 vitis
1079 1294 1306 1331 fructificat.
1342 1296 1419 1332 Sed
1452 1294 1492 1330 in
1534 1295 1620 1343 ipsa
1652 1303 1742 1331 sunt

426 1354 526 1390 rami
570 1355 631 1391 vel
682 1363 816 1402 partes
862 1353 1052 1401 duplices,
1100 1353 1193 1401 quia
1237 1354 1409 1401 quedam
1462 1353 1616 1389 steriles
1659 1365 1741 1389 non

425 1412 711 1449 fructificantes
752 1425 822 1461 per
862 1411 1145 1460 agricultorem
1191 1410 1492 1448 racionabiliter
1536 1410 1741 1448 excidendi

425 1479 461 1506 et
494 1472 667 1519 quedam
701 1470 893 1506 fructiferi
934 1482 1005 1517 per
1038 1469 1168 1518 ipsurn
1208 1470 1378 1506 humore
1425 1469 1557 1517 gracie
1602 1482 1742 1518 expur-

423 1529 558 1576 gandi,
591 1539 633 1565 ut
666 1530 715 1565 ad
750 1537 1009 1576 augmentum
1045 1527 1210 1564 ecclesie
1243 1527 1369 1575 magis
1403 1527 1655 1564 fructificent.
1759 1541 1800 1562 20

482 1587 598 1624 Circa
641 1587 761 1623 vitem
808 1586 924 1623 istam
960 1585 1122 1622 Domini
1165 1598 1247 1622 non
1291 1594 1451 1633 oportet
1496 1586 1598 1622 hanc
1638 1584 1741 1633 agri-

425 1646 622 1682 culturam
644 1645 845 1693 duplicem
866 1656 1059 1690 exemere,
1077 1656 1167 1680 cum
1192 1643 1241 1679 sit
1265 1656 1437 1691 persona
1453 1642 1740 1691 impeccabilis,

423 1704 491 1740 sed
524 1712 608 1740 tota
642 1703 884 1751 agricultura
926 1711 983 1738 est
1022 1701 1061 1737 in
1100 1701 1334 1750 palmitibus
1375 1714 1545 1749 quarum
1587 1700 1741 1749 aliquas

423 1762 660 1798 adherentes
693 1774 762 1810 per
796 1761 915 1797 fidem
956 1769 993 1796 et
1033 1760 1211 1808 graciam
1253 1761 1473 1796 secundum
1514 1768 1739 1807 presentem

423 1819 622 1856 iusticiam
657 1821 724 1856 sed
757 1832 838 1856 non
873 1819 1092 1854 secundum
1128 1817 1336 1854 caritatem
1379 1817 1539 1854 finalem
1580 1825 1740 1865 oportet
1757 1819 1796 1852 25

423 1878 656 1914 abscindere
689 1878 908 1914 secundum
951 1875 1335 1924 condempnacionis
1381 1875 1625 1912 sentenciam
1671 1887 1741 1923 per

423 1936 716 1983 predestinatos
761 1936 998 1972 adherentes
1050 1934 1209 1971 Christo
1250 1933 1422 1970 finaliter
1471 1942 1635 1982 oportet
1669 1945 1739 1981 per

422 1993 708 2030 tribulaciones
740 1993 870 2030 varias
910 1991 1120 2041 expurgari
1165 1993 1383 2028 resecando
1428 1991 1644 2040 superflua,
1690 2002 1739 2027 ne

424 2052 569 2089 humor
602 2051 832 2089 devocionis
865 2050 1034 2087 nimium
1064 2050 1327 2098 dispergatur,
1362 2049 1456 2098 quia
1488 2058 1530 2085 ut
1553 2057 1662 2097 patet
1696 2061 1739 2085 ex

424 2123 541 2146 cursu
574 2109 739 2147 ecclesie
771 2118 866 2146 tunc
898 2122 979 2145 non
1012 2108 1300 2145 fructificarent
1341 2109 1409 2144 sed
1448 2107 1738 2144 sterilescerent
1756 2110 1798 2142 30

423 2177 465 2204 ut
497 2169 701 2214 labrusce3
742 2176 778 2204 et
811 2167 850 2203 in
883 2167 958 2204 ista
990 2166 1067 2204 vite
1100 2168 1168 2203 sed
1200 2179 1282 2203 non
1315 2167 1363 2202 de
1395 2166 1463 2202 illa
1495 2174 1585 2201 sunt
1619 2177 1737 2213 spon-

423 2226 626 2273 giositates
651 2235 688 2263 et
713 2226 838 2262 multa
861 2225 1065 2273 superflua
1082 2225 1250 2260 multum
1274 2232 1542 2260 monstruosa.
1570 2224 1736 2271 Gregem

424 2293 555 2321 autem
582 2285 859 2333 apostolorum
885 2283 980 2319 dicit
1004 2282 1185 2320 Christus
1210 2295 1253 2319 ex
1283 2281 1585 2318 ministracione
1607 2279 1739 2329 gracie

424 2355 507 2379 esse
541 2344 749 2389 mundum,
790 2341 883 2390 quia
922 2340 1036 2378 aliter
1074 2353 1155 2377 non
1189 2349 1269 2377 tam
1305 2339 1371 2376 diu
1405 2352 1472 2376 eos
1512 2340 1740 2376 hortaretur

424 2400 552 2436 verbis
585 2400 811 2449 superfluis.
846 2399 1030 2436 Scarioth
1064 2407 1198 2435 autem
1233 2397 1299 2447 qui
1331 2406 1425 2434 tunc
1459 2399 1507 2434 ab
1538 2397 1592 2434 eis
1616 2395 1795 2432 defuit35

424 2458 642 2506 prefigurat
674 2458 869 2507 prescitos
902 2459 952 2495 ad
984 2465 1143 2506 tempus
1175 2456 1215 2493 in
1246 2456 1325 2493 vite
1357 2455 1509 2492 insitos.
1544 2455 1620 2492 Sed
1645 2453 1739 2502 quia

424 2516 727 2564 perseverancia
761 2525 817 2553 est
850 2515 1075 2552 necessaria
1107 2514 1340 2563 palmitibus
1364 2513 1479 2550 huius
1511 2511 1613 2558 vitis,
1648 2511 1737 2548 ideo

425 2574 621 2611 hortative
655 2576 820 2611 mandat
852 2582 894 2610 ut
927 2573 1099 2623 apostoli
1133 2572 1173 2609 in
1211 2572 1298 2621 ipso
1332 2578 1533 2608 maneant.
1573 2572 1627 2606 Ex
1659 2581 1738 2618 quo

494 2716 519 2736 2.
541 2707 610 2736 DE:
632 2707 761 2736 videtur.
858 2716 888 2742 4.
909 2706 934 2734 E
954 2707 982 2735 in
1005 2715 1118 2743 marg:
1141 2705 1295 2742 Agricola.
1395 2705 1419 2733 5.
1441 2704 1465 2732 E
1485 2705 1514 2733 in
1537 2712 1650 2740 marga:
1673 2703 1738 2731 Pal-

427 2744 525 2771 mites.
607 2743 634 2769 «3.
657 2743 724 2770 DE:
746 2751 814 2770 enm
837 2751 912 2769 esse.
1008 2743 1036 2773 (ἰ,
1058 2750 1083 2777 7.
1106 2741 1174 2769 DE:
1196 2740 1328 2776 quadam
1352 2739 1520 2775 prioritate.
1612 2748 1637 2775 7.
1660 2739 1684 2766 l)
1706 2739 1735 2778 {¹¹

427 2787 538 2812 marg:
561 2777 703 2805 l’ahnites
725 2777 838 2805 Christi
861 2781 931 2804 sunt
953 2777 1089 2804 membra
1111 2775 1237 2803 Christi.
1300 2775 1327 2801 8.
1349 2775 1393 2802 A:
1416 2775 1444 2802 in
1467 2775 1561 2802 deest.
1619 2783 1647 2805 ο.
1664 2775 1691 2801 Α
1708 2781 1736 2800 in

427 2821 538 2852 marg:
560 2812 694 2840 Ecclesia
716 2813 838 2851 duplex.
915 2812 988 2838 11.A
1012 2811 1040 2838 in
1063 2819 1176 2846 marg:
1199 2809 1383 2837 Humanitas
1399 2808 1512 2836 Christi
1535 2814 1578 2836 est
1600 2809 1736 2836 eiusdem

427 2848 537 2883 speciei
559 2855 628 2874 cum
651 2847 839 2874 hominibus.
993 2854 1030 2881 ¹7·
1053 2846 1120 2873 mi:
1142 2844 1280 2880 quidam.
1436 2852 1475 2880 ις).
1500 2844 1540 2872 h:
1564 2845 1736 2871 humorem.

428 2890 468 2917 ις),
490 2890 536 2910 20.
559 2882 627 2910 nli:
648 2890 684 2909 ex
697 2881 857 2917 uirgande.
931 2888 976 2908 20.
997 2879 1066 2908 DE:
1087 2879 1186 2915 gracie
1208 2879 1315 2906 mauis.
1389 2878 1426 2906 31.
1448 2879 1521 2906 Ab:
1544 2879 1619 2906 vita·
1641 2879 1680 2905 ib.
1696 2877 1736 2905 lc:

427 2917 456 2944 in
478 2917 544 2944 alia.
618 2915 659 2944 32.
698 2916 749 2944 HC:
771 2916 899 2943 nimium
922 2919 1130 2943 monstruosa.
1202 2913 1244 2941 33.
1259 2899 1300 2941 Ῡίτ
1321 2913 1392 2941 dicit
1415 2913 1515 2948 dcest;
1536 2918 1562 2940 et
1585 2900 1737 2941 Christus.

428 2951 473 2979 36.
496 2953 538 2979 A:
560 2951 757 2987 pre-figurant.

1977 133 1986 180 ΑΛ.
1978 59 1986 109 41·—
1974 0 1986 45 -ΠΙ
