1986 3380
215 298 289 333 32³:
804 303 1018 334 ionixwis*
1041 301 1220 333 iwerir
1242 298 1497 331 suumomni
1534 282 1685 341 [struo
1708 294 1813 321 xtw.

505 412 572 448 Dei
608 412 679 449 sui.
715 411 778 459 qui
816 410 1055 447 consentiret
1088 408 1169 444 eius
1203 407 1431 443 adversario
1465 407 1522 442 vel
1559 414 1735 452 peccato.
1770 406 1816 439 lit

503 471 646 518 loquor
662 471 709 505 de
733 481 941 505 consensu.
968 465 1447 503 utdicittaciturnitatem
1475 465 1530 500 x'el
1556 461 1814 498 omissionem

503 528 744 576 culpabilem
781 527 817 562 in
853 539 970 562 causa
1006 524 1172 560 iusticie.

277 596 423 635 Culpam<
561 589 640 622 Nec
693 594 799 621 caret
851 584 994 631 aliquis
1043 585 1164 618 homo
1220 590 1416 629 potestate
1462 579 1555 628 quin
1602 588 1733 627 posset
1781 578 1816 613 in

291 632 410 658 ‘'¹¹²¹'oe
504 657 623 682 causa
655 642 880 679 huiusmodi
913 641 1101 678 adiuvare
1132 641 1190 676 tel
1220 651 1299 675 non
1331 640 1550 675 reclamare
1581 646 1617 673 et
1642 636 1850 684 compati5

503 704 563 739 vel
595 701 756 740 mereri:
789 710 824 736 et
854 700 907 735 sic
938 699 1053 735 istam
1086 711 1223 747 pacem
1263 695 1547 733 taciturnitatis
1578 694 1817 743 culpabilem

503 773 584 797 non
630 759 733 796 venit
780 757 962 795 Christus
1009 757 1166 793 mittere
1210 757 1276 791 sed
1325 756 1372 791 ad
1421 752 1733 802 repugnanciam
1782 752 1819 787 in

505 831 625 855 causa
671 816 825 852 iusticie
871 815 1054 852 excitare.
1108 814 1183 859 Qui
1230 813 1332 850 enim
1381 825 1459 849 non
1506 819 1655 859 pugnat
1693 810 1817 847 eciam

507 890 594 913 cum
643 888 682 912 se
729 875 816 922 ipso
857 874 896 909 in
937 886 1028 910 casu
1070 886 1150 921 quo
1188 872 1305 908 fuerit
1345 869 1596 907 adversarius
1637 868 1707 905 Dei
1748 868 1820 909 sui,

505 948 584 970 non
635 933 762 979 diligit
805 934 929 968 Deum
983 944 1100 979 super
1151 929 1301 967 omnia.
1353 930 1418 965 sed
1468 928 1568 964 iacet
1614 927 1651 962 in
1704 928 1880 963 sorde10

506 991 684 1029 criminis
717 1001 922 1038 tamquam
960 1002 1116 1037 porcus.

253 1065 329 1092 llmx·
353 1066 454 1092 (jin-isi
573 1050 675 1085 Venit
697 1049 875 1084 (Ilm-istus·
896 1061 1083 1097 separare
1105 1047 1293 1082 hominem
1318 1046 1507 1080 adversus
1524 1051 1677 1092 patrem
1694 1055 1825 1086 suum,-

259 1106 447 1169 {⁹5212ii1ilst¹¹ii¹i¹:
508 1110 613 1156 quod
651 1116 781 1155 potest
817 1106 981 1153 intelligi
1017 1107 1064 1142 de
1099 1114 1212 1153 patre
1247 1102 1395 1140 carnali
1431 1101 1591 1143 iniusto,
1631 1101 1678 1137 de
1711 1109 1824 1148 patre

265 1170 439 1197 iamt-rand
508 1165 703 1214 spirituali
740 1164 987 1200 Antichristo
1022 1172 1057 1200 et
1092 1165 1139 1199 de
1173 1163 1260 1210 ipso
1295 1161 1480 1208 dyabolo.
1529 1162 1678 1195 ()mnes
1718 1157 1820 1194 enim

289 1206 416 1231 ¹¹¹⁰¹¹¹⁹¹³
509 1224 569 1260 isti
611 1225 830 1259 secundum
866 1222 1067 1258 racionem
1103 1234 1180 1269 qua
1215 1229 1304 1255 sunt
1340 1221 1422 1254 Deo
1456 1216 1644 1254 contrarii
1679 1225 1770 1252 sunt
1803 1228 1823 1252 a
1845 1214 1880 1247 ¹5

510 1282 693 1318 fidelibus
733 1280 970 1317 adversandi
1012 1293 1053 1315 ex
1086 1279 1230 1316 x‘irtute
1264 1277 1381 1325 primi
1417 1275 1595 1312 mandati
1630 1273 1822 1322 decalogi.

511 1341 558 1376 Et
593 1341 732 1376 eodem
771 1340 892 1374 modo
926 1338 1184 1374 senciendum
1219 1345 1275 1372 est
1310 1337 1357 1371 de
1392 1334 1472 1371 lilia
1497 1332 1661 1370 ecclesie
1687 1332 1824 1380 malig-

510 1398 697 1435 nancium
738 1406 774 1433 et
817 1396 954 1433 matris
996 1395 1179 1433 carnalis.
1222 1396 1313 1430 dum
1358 1392 1473 1429 fuerit
1513 1404 1582 1439 per
1615 1399 1823 1439 peccatum

512 1456 715 1493 contraria
750 1457 832 1491 Deo
867 1454 951 1490 suo.

568 1517 614 1550 Et
644 1514 698 1550 sic
728 1512 1028 1560 intelligendum
1060 1520 1117 1547 est
1150 1511 1196 1546 de
1227 1521 1466 1558 quacunque
1497 1505 1826 1544 confederacione
1843 1516 1885 1538 20

511 1573 659 1610 carnali
694 1573 753 1608 vel
786 1570 902 1619 legali
937 1571 1095 1618 qualem
1131 1567 1314 1616 intelligit
1348 1567 1449 1603 inter
1482 1578 1626 1602 nurum
1661 1576 1737 1613 que
1771 1572 1827 1600 est

510 1644 623 1667 soror
655 1629 787 1666 mariti
817 1638 853 1665 et
883 1642 1043 1665 socrum
1075 1641 1151 1676 que
1189 1636 1245 1663 est
1274 1639 1388 1661 soror
1419 1624 1563 1661 uxoris.
1594 1626 1694 1659 Nam
1727 1621 1827 1658 sicut

510 1690 549 1725 in
572 1687 903 1725 confederacione
926 1685 1077 1723 carnali
1101 1694 1178 1722 stat
1194 1685 1289 1721 istos
1311 1693 1389 1720 tres
1411 1682 1563 1719 amicos
1585 1679 1828 1717 domesticos

511 1760 593 1784 esse
627 1746 798 1794 amplius
832 1744 1030 1787 inimicos,
1065 1743 1158 1792 quia
1192 1741 1359 1779 consilio
1393 1739 1539 1777 Christi
1575 1738 1700 1786 magis
1734 1750 1827 1775 con-

510 1805 668 1850 trarios,
701 1804 756 1840 sic
789 1812 845 1840 est
875 1804 921 1840 de
951 1802 1076 1838 tribus
1107 1801 1286 1837 hostibus
1309 1798 1584 1847 spiritualibus
1607 1796 1828 1844 regularius
1845 1795 1884 1827 25

511 1863 577 1912 qui
613 1862 791 1899 moribus
825 1870 862 1898 et
896 1861 970 1909 legi
1006 1859 1166 1897 Domini
1202 1858 1374 1907 amplius
1408 1858 1683 1893 adversantur.
1724 1856 1825 1891 Nam

512 1919 845 1968 concupiscencia
883 1918 1026 1958 carnis,
1069 1915 1401 1965 concupiscencia
1442 1914 1653 1951 oculorum
1695 1921 1732 1949 et
1765 1925 1827 1948 su-

512 1979 649 2028 perbia
682 1978 760 2015 vite
792 1986 883 2013 sunt
917 1976 1067 2013 homini
1103 1984 1291 2024 superato
1327 1982 1490 2022 peccato
1523 1971 1643 2009 nimis
1674 1969 1826 2008 inimici

512 2035 721 2073 domestici
766 2040 823 2074 (ut
863 2038 892 2071 1³¹
930 2034 1122 2071 johannis
1162 2034 1243 2079 110).
1297 2031 1373 2077 Qui
1419 2044 1511 2079 ergo
1556 2030 1827 2078 preponderat

498 2090 603 2131 'suos
649 2093 891 2130 domesticos
937 2094 1040 2128 ultra
1085 2091 1231 2129 Christi
1278 2089 1444 2127 consilia
1483 2088 1713 2124 inimicatur
1753 2085 1826 2122 toti
1843 2085 1885 2118 30

514 2154 677 2197 mundo,
719 2151 811 2200 quia
852 2153 949 2197 Deo,
991 2149 1106 2186 dictis
1146 2149 1286 2186 amicis
1315 2145 1319 2201 i
1348 2147 1576 2184 carnalibus
1615 2158 1660 2182 ac
1700 2144 1824 2181 eciam
1844 2133 1926 2194 F⁰¹2=

512 2211 585 2247 sibi
619 2210 708 2259 ipsi.
1845 2188 1902 2210 ²²¹

234 2285 308 2312 hose
329 2284 486 2314 oscum-ist
572 2270 686 2306 Unde
719 2267 900 2304 Christus
939 2267 1122 2315 explanat
1156 2267 1230 2302 hoc
1270 2262 1552 2313 particularius
1586 2263 1633 2298 de
1672 2272 1828 2297 amore:

231 2320 491 2382 {¹{1‘³¹‡3¹f31¹1e{}¹{g{‚³j⁵
525 2327 611 2371 Qui,
657 2325 798 2374 inquit,
844 2332 948 2361 ωηατ
986 2331 1141 2374 patrem
1180 2331 1244 2359 aut
1288 2330 1449 2358 matrem
1491 2322 1582 2370 plus
1620 2331 1732 2369 quam
1772 2331 1831 2355 me

519 2398 591 2421 non
630 2392 683 2421 est
717 2396 775 2420 me
807 2384 959 2433 dignus.
1006 2383 1106 2419 Cum
1141 2381 1243 2418 enim
1280 2379 1460 2417 Christus
1492 2378 1541 2415 sit
1573 2377 1691 2414 simul
1725 2378 1829 2413 Deus
1845 2378 1884 2412 35

518 2452 554 2480 et
579 2444 713 2484 homo,
739 2441 889 2490 duplici
914 2440 1074 2478 racione
1098 2439 1415 2476 consedet-andus
1439 2436 1599 2473 cuilibet
1635 2443 1828 2480 creature,

516 2510 626 2550 patet
641 2501 749 2549 quod
772 2500 859 2548 plus
883 2511 1022 2536 amans
1046 2506 1200 2546 patrem
1227 2506 1263 2533 et
1287 2504 1456 2532 matrem
1480 2507 1598 2544 quam
1625 2492 1827 2531 Christum

515 2560 734 2596 secundum
764 2566 950 2594 naturam
981 2558 1199 2593 humanam
1223 2555 1283 2591 vel
1307 2553 1480 2590 divinam
1505 2565 1587 2589 non
1610 2560 1667 2588 est
1689 2550 1830 2599 dignus

586 2689 606 2709 1.
629 2681 652 2709 E
672 2681 701 2709 in
723 2688 789 2708 mar
814 2690 837 2707 ,ε
859 2679 1050 2708 Consensus.
1131 2687 1161 2712 4.
1184 2678 1225 2705 D:
1248 2676 1299 2713 qui
1321 2680 1436 2712 posset.
1518 2675 1542 2703 5.
1563 2675 1607 2703 A:
1629 2674 1710 2702 enim
1732 2671 1829 2709 possit

517 2717 690 2744 reclamare.
748 2722 786 2742 12.
832 2714 872 2742 E:
886 2713 979 2741 Venit
993 2722 1075 2749 ergo.
1134 2711 1171 2740 13.
1187 2711 1255 2740 DE:
1277 2716 1362 2748 patre
1382 2710 1553 2746 corporali;
1574 2709 1614 2738 ib.
1630 2708 1655 2736 D
1671 2708 1701 2736 in
1717 2715 1829 2743 marg.:

516 2753 603 2779 Pater
624 2750 793 2785 multiplex.
928 2756 967 2776 21.
988 2749 1032 2776 A:
1054 2747 1154 2784 qualis
1174 2746 1353 2781 intelligitur
1372 2745 1450 2773 inter
1470 2745 1569 2773 virum
1591 2743 1643 2780 qui
1663 2747 1708 2771 est
1727 2742 1829 2770 frater.

517 2794 559 2814 22.
582 2786 621 2813 13:
644 2793 720 2812 uxor
741 2783 859 2817 mariti3
889 2783 928 2811 ib.
951 2783 990 2811 13:
1013 2787 1108 2810 mater
1129 2781 1243 2810 uxoris,
1327 2788 1369 2815 27.
1391 2781 1434 2808 A:
1457 2779 1558 2807 carnis
1577 2777 1831 2814 concupiscencia

518 2821 612 2848 deest.
671 2818 715 2847 28.
732 2819 804 2846 Ali:
827 2817 943 2845 inimici
959 2817 1053 2845 deest.
1076 2817 1098 2844 lc
1119 2816 1214 2844 addit.
1270 2823 1317 2851 29.
1333 2816 1375 2843 A:
1397 2814 1557 2842 domestici
1581 2816 1669 2849 patet.
1725 2810 1770 2839 30.
1787 2812 1831 2839 A:

519 2855 687 2883 inimicam.
738 2853 777 2881 31.
794 2853 861 2880 mi:
878 2852 1102 2888 corporalibus.
1154 2850 1200 2885 34.
1216 2850 1282 2878 nli:
1299 2855 1346 2877 aut
1364 2853 1491 2886 patrem.
1543 2847 1582 2876 35.
1596 2849 1638 2875 A:
1654 2846 1732 2874 Cum
1749 2854 1831 2881 ergo,

594 2936 641 2957 η.
671 2925 833 2958 natinaei
866 2925 905 2964 x,
934 2924 985 2956 55.
1084 2925 1136 2963 5..
1167 2924 1211 2955 ib.
1242 2923 1293 2958 37.
