1986 3380
187 300 323 329 SERMO
342 291 397 349 v.]
660 306 868 339 SECUNDA
898 307 1023 339 PARS.

180 410 276 447 talia
316 420 352 447 et
385 420 549 459 propter
581 412 906 460 equivocacionis
940 414 1178 451 distanciam
1212 429 1294 452 non
1327 418 1493 457 habere:

181 470 288 516 quod
312 470 511 505 Mattheus
545 470 692 518 detegit
724 483 794 518 per
833 472 907 508 hoc
942 474 1048 520 quod
1082 472 1177 508 dicit
1210 475 1311 522 quod
1344 475 1495 511 videtur

180 526 332 562 habere.
368 526 536 563 Habicio
567 527 671 563 enim
703 536 760 564 est
792 529 887 565 satis
911 529 1104 577 equivoca
1128 539 1165 566 et
1189 532 1318 567 solum
1343 545 1494 569 nuncu-

180 583 326 630 pativa,
367 585 435 620 sed
481 585 660 633 sequitur
699 598 879 622 severum
919 586 1113 624 iudicium
1152 601 1271 636 super
1310 590 1493 626 inimicos

148 641 328 677 5Christi
363 642 617 679 domesticos.
650 644 788 679 Verum
822 651 962 691 tamen,
995 645 1137 694 inquit,
1173 647 1345 684 inimicos
1378 661 1493 691 meos,

179 699 254 735 hoc
284 707 353 743 est,
385 699 472 736 illos
500 701 564 749 qui
590 701 795 737 noluerunt
824 715 882 738 me
910 715 1080 753 regnare
1102 716 1220 753 super
1241 717 1294 750 se,
1316 706 1495 742 adducite

178 756 250 792 huc
272 764 307 792 et
330 757 530 806 interficite
558 766 645 794 ante
673 771 742 795 me.
778 760 878 795 Cum
912 769 1046 797 autem
1080 773 1215 798 servus
1247 775 1419 811 nequam
1456 773 1491 800 et

176 826 316 850 omnes
351 815 559 863 dampnati
594 815 672 852 sint
710 816 907 854 interfecti
946 827 1076 855 morte
1115 821 1291 856 secunda
1330 829 1367 857 et
1401 834 1490 857 cum

176 872 248 907 hos
264 871 448 908 inimicos
464 872 656 921 capitales
673 874 819 910 Christi
843 884 1003 923 oportet
1025 877 1199 914 severius
1222 877 1262 914 in
1284 879 1492 926 presencia

125 944 160 965 ιο
176 929 257 965 eius
289 930 473 975 interfici,
508 943 599 967 curn
623 931 700 967 sint
724 932 951 980 proditores
975 933 1058 971 eius
1083 935 1172 983 plus
1194 936 1350 983 perfidi,
1376 946 1412 973 et
1436 937 1490 973 sic

176 987 301 1035 magis
341 989 539 1025 horrende
578 989 809 1035 damnandi,
850 991 952 1027 sicut
990 992 1218 1040 proditores
1259 1006 1490 1042 regnorum,

174 1054 265 1082 sunt
288 1045 437 1092 traditi,
463 1047 656 1095 suspensi,
682 1047 899 1096 decapitati
922 1058 959 1086 et
982 1050 1197 1087 crudeliter
1219 1051 1489 1089 dimembrati.

175 1103 251 1151 Ipsi
285 1112 418 1140 autem
453 1104 685 1153 conspirant
718 1118 809 1142 cum
842 1107 959 1143 sectis
992 1108 1072 1144 suis
1095 1108 1318 1156 proditorie
1349 1120 1489 1147 contra

174 1161 378 1198 Christum
418 1170 455 1198 et
493 1162 561 1199 ubi
600 1164 823 1200 debuerunt
862 1173 1069 1214 tamquam
1110 1167 1313 1214 primiceri
1353 1181 1488 1216 regere

121 1224 156 1256 15
174 1232 288 1255 suum
315 1219 544 1266 exercitum,
568 1220 688 1258 nimis
710 1222 808 1258 false
832 1233 1117 1260 consenserant
1140 1225 1180 1261 in
1203 1226 1485 1263 seduccionem

173 1290 335 1313 suarum
374 1277 508 1314 ovium
540 1278 801 1316 Antichristo.
847 1282 902 1316 Ex
941 1281 1015 1318 hiis
1055 1282 1170 1319 dictis
1208 1283 1249 1319 in
1282 1284 1390 1320 finali
1430 1285 1487 1321 iu-

173 1335 278 1371 dicio
317 1337 503 1384 precedet
542 1349 634 1373 suos
674 1338 713 1373 in
746 1339 931 1375 celestem
964 1341 1183 1376 Jerusalem
1218 1344 1485 1379 ascendendo.

230 1393 346 1430 Circa
397 1394 472 1430 hoc
523 1395 771 1442 evangelium
822 1396 1040 1443 dubitatur,
1088 1411 1176 1434 cum
1229 1412 1348 1436 causa
1393 1401 1486 1437 facit

172 1460 387 1498 martyrem
413 1460 449 1487 et
472 1461 633 1489 sanctus
647 1454 825 1490 Thomas
851 1454 949 1490 obiit
971 1468 1044 1503 pro
1066 1456 1295 1493 defensione
1320 1459 1485 1495 ecclesie

114 1525 155 1547 20
172 1508 396 1545 dotacionis
420 1510 491 1556 ¹(ut
523 1510 792 1547 communiter
824 1513 1132 1560 proclamatur),
1163 1517 1368 1562 quomodo
1401 1525 1483 1553 tam

169 1566 343 1613 gloriose
371 1576 508 1615 posset
535 1567 707 1604 interfici
736 1569 803 1617 qui
832 1570 1085 1607 ordinacioni
1109 1572 1257 1608 Christi
1283 1573 1323 1609 in
1353 1575 1483 1622 capite

169 1624 229 1660 sui
259 1625 452 1661 exercitus
480 1625 554 1662 fuit
583 1634 697 1662 tanto
728 1628 964 1664 contrarius.
1000 1630 1077 1665 Sed
1100 1630 1336 1667 Antichristi
1366 1632 1483 1669 disci-

169 1682 251 1730 puli
291 1683 417 1719 multa
455 1683 518 1720 hic
557 1694 739 1721 asserunt
777 1693 814 1721 et
851 1698 933 1722 non
971 1688 1156 1734 probant.
1198 1689 1337 1725 Nullus
1376 1690 1479 1726 enim

167 1740 342 1777 sedecim
375 1741 637 1778 articulorum
668 1755 742 1791 pro
772 1743 915 1792 quibus
946 1744 1008 1781 hic
1041 1753 1202 1782 sanctus
1235 1747 1335 1783 obiit
1367 1758 1482 1785 sonat

111 1797 207 1838 25in
240 1798 494 1836 dotacionem
528 1812 730 1837 cesaream
764 1802 1013 1849 prelatorum
1045 1804 1107 1840 vel
1139 1814 1335 1852 repugnat
1374 1807 1482 1843 abla-

167 1856 273 1893 cioni
300 1857 408 1894 fatue
431 1859 686 1895 donatorum.
722 1860 813 1896 Ideo
846 1860 948 1896 sicut
976 1861 1151 1909 pharisei
1185 1871 1221 1898 et
1253 1866 1482 1901 sacerdotes

165 1915 262 1962 legis
301 1915 444 1952 veteris
487 1915 646 1953 sinistre
691 1916 942 1966 interpretati
990 1928 1081 1955 sunt
1119 1920 1224 1957 facta
1257 1921 1403 1958 Christi
1445 1931 1482 1958 et

166 1972 273 2009 dicta
318 1973 401 2010 eius
446 1974 629 2023 nequiter
674 1984 944 2024 reportarunt,
989 1977 1046 2013 sic
1085 1978 1236 2014 faciunt
1275 1980 1394 2016 hodie
1433 1982 1481 2017 de

164 2030 254 2067 vitis
291 2040 523 2068 sanctorum
565 2032 632 2081 qui
671 2035 865 2070 mundum
904 2035 1076 2083 sapiunt.
1119 2039 1220 2072 Nam
1259 2039 1478 2074 secundum

109 2095 150 2127 30
166 2089 355 2137 Cypriani
382 2089 657 2127 testimonium
687 2092 792 2128 solus
820 2092 999 2129 Christus
1026 2101 1082 2130 est
1107 2095 1335 2141 audiendus,
1369 2097 1479 2133 cuius

166 2147 422 2184 conversacio
451 2156 509 2184 est
537 2150 653 2197 plene
676 2149 859 2186 fidelibus
884 2151 1134 2199 exemplaris,
1159 2152 1249 2189 ideo
1273 2157 1479 2202 arguendo

165 2217 235 2252 per
269 2206 402 2242 locum
437 2218 459 2242 a
487 2206 607 2243 simili
636 2206 710 2243 iste
738 2217 900 2245 sanctus
930 2209 986 2246 sic
1014 2209 1121 2256 fecit,
1152 2223 1246 2259 ergo
1277 2221 1334 2248 est
1363 2213 1478 2249 nobis

166 2262 350 2299 similiter
386 2263 627 2311 faciendum,
672 2274 832 2314 oportet
876 2279 1019 2315 capere
1058 2270 1165 2317 quod
1205 2269 1245 2305 in
1284 2271 1359 2307 hoc
1397 2284 1477 2307 non

166 2321 345 2368 peccavit
394 2323 462 2357 sed
513 2324 621 2371 quod
670 2323 820 2360 factum
868 2324 968 2361 illud
1013 2327 1118 2363 Deus
1168 2326 1207 2363 in
1252 2330 1476 2377 exemplum

108 2384 147 2417 35
165 2379 336 2426 posteris
360 2379 584 2429 dereliquit,
609 2382 715 2429 quod
740 2381 834 2430 quia
855 2382 896 2418 in
919 2383 1080 2420 Christo
1104 2386 1295 2422 debemus
1326 2399 1368 2423 ex
1401 2387 1477 2423 fide

163 2449 404 2485 supponere,
444 2437 484 2474 in
521 2438 610 2487 ipso
648 2440 734 2476 solo
771 2453 853 2477 non
886 2450 1046 2489 oportet
1077 2441 1208 2491 ipsum
1242 2444 1476 2492 exprimere.

231 2568 251 2587 1.
272 2560 313 2588 E:
334 2560 493 2589 distancie.
558 2561 584 2590 3.
606 2563 635 2590 A
655 2562 684 2590 in
706 2571 819 2599 marg:
840 2564 971 2592 Habicio
993 2565 1116 2601 duplex.
1183 2566 1207 2594 5.
1229 2568 1273 2594 A:
1296 2567 1423 2595 Christo
1443 2584 1476 2587 —

161 2593 304 2622 inimicos
319 2595 413 2623 deest.
463 2595 492 2623 6.
504 2597 548 2624 A:
564 2597 622 2624 hoc
636 2602 681 2624 est
695 2598 795 2631 deest;
811 2599 851 2626 ib.
866 2599 934 2627 DE:
952 2601 1076 2630 nolunt:
1091 2601 1131 2628 ib.
1144 2602 1188 2628 A:
1206 2602 1341 2630 adduite.
1392 2612 1418 2638 7.
1433 2603 1474 2630 ΙΝ

163 2628 321 2664 Quantum
342 2635 461 2664 autem;
481 2631 522 2659 E:
543 2632 686 2666 quamvis
707 2637 826 2668 autem;
847 2634 887 2661 ib.
904 2634 928 2661 Ι)
950 2635 980 2661 in
1003 2644 1116 2670 marg:
1137 2636 1310 2664 Interlicere
1330 2638 1403 2673 quid
1419 2643 1473 2664 est.

161 2663 189 2690 8.
206 2664 250 2691 A:
268 2669 356 2699 sunt;
377 2665 417 2692 ib.
434 2665 503 2692 DE:
521 2667 656 2694 secunda
671 2667 765 2694 deest.
805 2676 843 2696 12.
860 2669 902 2696 li:
925 2670 1113 2704 suntt1-acti;
1135 2671 1175 2698 ib.
1192 2672 1236 2698 A:
1259 2672 1474 2700 demembrati.

163 2705 205 2732 14.
219 2700 264 2726 A:
286 2699 432 2734 primicii.
496 2708 534 2735 17.
550 2701 620 2729 DE:
642 2702 788 2737 precedit.
852 2704 891 2731 [δ’.
907 2705 935 2731 Α
951 2704 980 2731 in
998 2713 1112 2740 marg..-
1134 2706 1311 2734 Secundum
1327 2707 1474 2738 dubium:

160 2732 185 2760 E
203 2733 234 2760 in
256 2742 370 2769 marg:
391 2734 545 2769 Dubium3
567 2736 591 2762 Ι)
612 2736 642 2763 in
664 2745 779 2772 marg:
802 2737 932 2773 Questio
953 2739 1026 2775 quid
1047 2739 1120 2767 facit
1141 2744 1317 2776 martyrem.
1374 2749 1418 2769 22.
1435 2743 1473 2769 A:

161 2771 252 2795 tante.
324 2776 372 2802 24.
393 2769 438 2797 A:
485 2777 517 2796 ro
537 2778 608 2805 quo.
688 2770 735 2799 30.
755 2773 799 2800 A:
820 2773 992 2801 audiendus
1013 2774 1113 2805 deest:
1135 2775 1174 2802 ib.
1198 2775 1236 2803 E:
1257 2776 1322 2803 eius
1342 2784 1422 2804 corr.
1444 2777 1472 2803 in

162 2809 274 2838 marg.:
296 2803 394 2831 cuius.
469 2812 498 2839 o⁷
513 2803 612 2833 31.'D.·
633 2805 698 2833 eius
713 2808 922 2835 conversacio.
985 2808 1027 2836 33.
1045 2810 1112 2837 DE:
1135 2809 1163 2836 iu
1181 2810 1238 2837 hoc
1253 2811 1353 2840 deest:
1375 2812 1416 2839 ib.
1434 2812 1472 2838 li:

162 2844 222 2863 non
244 2838 337 2865 deest.
408 2837 455 2874 34.
479 2839 546 2867 DE:
568 2841 650 2876 quod
673 2841 767 2869 deest.
846 2841 889 2870 35.
910 2843 950 2870 E:
974 2844 1104 2879 poteris3
1127 2844 1166 2871 ib.
1183 2845 1250 2872 iffi:
1274 2846 1356 2880 quod
1378 2847 1472 2873 deest.

232 2919 287 2952 30.
312 2922 402 2954 Vide
427 2932 544 2966 supra,
569 2924 691 2956 Sermo
717 2925 773 2965 ΙΙΙ,
798 2936 876 2968 pag.
901 2927 953 2960 15.

1316 2987 1333 3019 3

1736 307 1781 343 33

1519 1408 1606 1436 saint
1627 1410 1766 1438 Thomas

1513 1444 1578 1471 said
1601 1447 1723 1481 untruly
1745 1452 1774 1473 to

1525 1479 1600 1506 have
1620 1480 1687 1508 died
1710 1482 1758 1508 1‘01·

1508 1514 1557 1540 the
1577 1515 1773 1543 endowment

1517 1549 1551 1575 of
1568 1550 1617 1576 Ille
1638 1550 1772 1578 011111·εὴ.
