1986 3380
160 312 206 347 [ι’]
745 309 968 341 JOHANNIS
986 308 1167 340 WYcist‘
1186 309 1440 341 SERMONUM
1503 293 1657 351 [SERMO
1680 305 1758 333 xm.

446 429 568 464 opera
600 416 762 464 proprie
792 416 876 463 ipsa
907 415 1010 452 facta
1032 415 1127 451 dicit
1150 415 1347 452 subtiliter
1371 417 1477 463 quod
1504 427 1581 450 non
1607 415 1759 452 maiora

446 487 565 522 quam
608 488 680 522 ego
721 474 823 510 facio
863 473 946 521 ipse
985 472 1115 518 faciet,
1156 475 1223 510 sed
1264 474 1418 510 maiora
1454 475 1593 508 horum
1630 472 1758 509 saciet.

447 535 493 568 Et
533 545 652 569 causa
699 531 1042 579 magnificacionis
1081 544 1248 579 operum
1290 531 1577 579 discipulorum
1613 530 1758 567 Christi

447 591 517 626 suit
554 590 744 627 transitus
783 602 876 625 suus
915 591 963 625 ad
1004 598 1173 637 patrem,
1213 599 1256 625 ut
1294 589 1343 625 sit
1384 597 1663 637 argumentum
1705 589 1760 624 in-

445 648 629 685 vincibile
663 658 802 685 contra
836 656 1001 684 cunctos
1034 647 1295 693 adversarios,
1330 660 1418 684 cum
1445 647 1625 682 Christus
1655 648 1794 683 tran-5

446 708 597 743 seundo
631 708 679 743 ad
713 716 868 755 patrem
903 707 953 741 ab
986 705 1178 753 apostolis
1212 705 1283 741 fuit
1316 714 1470 741 tantum
1498 705 1762 752 corporaliter

447 765 501 801 eis
534 766 690 808 absens,
731 774 767 800 et
800 764 840 800 in
874 776 945 800 sua
977 763 1164 800 absencia
1197 775 1243 800 ac
1277 763 1359 799 eius
1393 762 1554 799 nomine
1588 763 1759 811 apostoli

447 824 622 859 fecerunt
656 832 768 859 tanta
800 822 1008 866 miracula,
1039 822 1147 870 quod
1171 821 1351 857 Christus
1385 821 1435 857 sit
1468 820 1656 857 divinitus
1690 822 1761 857 hec

445 893 630 928 operans⁷
681 893 771 917 cum
822 880 861 916 in
911 879 1021 915 omni
1073 887 1184 916 motu
1234 881 1453 916 secundum
1498 878 1761 927 philosophos

447 951 609 975 movens
653 948 690 975 et
735 947 890 974 motum
936 938 1106 974 debeant
1150 949 1233 974 esse
1278 937 1415 979 simul:
1462 945 1622 984 oportet
1667 949 1820 984 ergoto

446 998 554 1045 quod
583 997 706 1033 virtus
730 995 877 1033 Christi
907 995 1045 1032 relicta
1073 995 1112 1032 in
1136 995 1250 1032 terris
1279 995 1334 1031 sic
1364 1008 1535 1043 operans
1564 994 1612 1031 sit
1641 1007 1761 1043 supra

446 1063 572 1091 totam
611 1067 724 1091 suam
765 1053 1070 1099 humanitatem,
1117 1062 1154 1090 et
1198 1065 1268 1101 per
1312 1065 1560 1101 consequens
1601 1061 1761 1101 oportet

448 1113 574 1161 ipsam
615 1125 698 1149 esse
737 1112 926 1148 deitatem
967 1120 1003 1148 et
1042 1111 1097 1148 sic
1137 1110 1355 1159 ypostasim
1395 1113 1486 1147 Jesu
1518 1111 1679 1147 Christi.
1715 1112 1762 1146 Et

447 1170 485 1206 in
515 1170 871 1207 confirmacionem
902 1169 1070 1206 istorum
1101 1169 1280 1205 omnium
1311 1168 1537 1205 ultimatam
1564 1168 1763 1216 promittit

445 1228 614 1273 Veritas,
650 1237 692 1264 ut
737 1228 986 1277 quodcunque
1022 1227 1189 1277 apostoli
1224 1227 1285 1264 vel
1325 1228 1506 1263 membra
1539 1226 1685 1263 Christi
1726 1227 1761 1262 in
1783 1232 1818 1264 15

447 1287 596 1323 nomine
639 1299 707 1323 suo
745 1294 901 1336 patrem
942 1286 1132 1335 pecierint
1171 1285 1206 1321 in
1245 1292 1431 1330 eternum,
1471 1285 1541 1321 hoc
1584 1284 1763 1320 Christus

436 1344 573 1394 saciet.
840 1382 842 1384 ,

192 1408 345 1452 Ενῇρεηςς
365 1410 394 1436 ot
504 1403 558 1438 Ex
587 1415 667 1450 quo
696 1410 904 1450 tamquam
935 1401 1012 1438 fide
1043 1401 1252 1450 supposito
1276 1401 1456 1450 sequitur
1480 1400 1763 1438 inevitabiliter

217 1443 377 1506 (ξ’ὲᾏΐῇζᾎξ
446 1461 555 1509 quod
594 1460 775 1497 Christus
822 1459 872 1496 sit
910 1461 1034 1505 Deus3
1081 1472 1174 1496 nam
1213 1459 1245 1496 si
1284 1459 1386 1496 foret
1427 1471 1525 1507 pure
1564 1467 1760 1504 creatura,

447 1526 580 1567 posset
613 1517 792 1555 desinere
823 1518 885 1555 vel
922 1530 1102 1566 peccare,
1137 1527 1174 1554 et
1213 1527 1308 1554 tunc
1339 1529 1420 1554 non
1452 1526 1657 1565 oporteret
1690 1529 1761 1553 nec
1778 1532 1820 1554 20

447 1577 548 1613 foret
577 1576 766 1625 possibile
795 1577 901 1625 quod
930 1584 1044 1624 pater
1067 1584 1103 1612 et
1126 1575 1210 1625 ipse
1233 1575 1471 1624 perficerent
1494 1576 1762 1623 quodcunque

447 1634 534 1684 quis
571 1634 612 1671 in
649 1633 813 1671 nomine
850 1646 922 1670 suo
961 1633 1140 1682 pecierit,
1175 1633 1268 1682 quia
1302 1634 1377 1670 hoc
1410 1635 1504 1669 dato
1537 1641 1650 1681 pater
1681 1645 1762 1669 non

448 1701 582 1742 posset
628 1692 847 1729 iustificare
891 1691 1068 1729 animam
1114 1692 1198 1728 sine
1243 1691 1351 1740 ipso;
1397 1703 1469 1727 nec
1514 1699 1604 1727 sunt
1642 1691 1762 1727 verba

447 1750 681 1800 pompatica
720 1749 800 1788 sive
839 1750 951 1796 falsa,
991 1751 1059 1787 sed
1097 1759 1139 1786 ut
1170 1762 1261 1787 vere
1293 1758 1407 1798 pater
1439 1748 1684 1797 glorificetur
1722 1747 1762 1784 in

448 1809 530 1845 filio
569 1817 607 1845 et
645 1810 695 1846 ad
735 1808 1023 1845 declarandum
1057 1808 1260 1845 Christum
1295 1807 1471 1844 eiusdem
1506 1819 1589 1843 esse
1621 1815 1762 1843 nature
1779 1813 1817 1845 25

448 1879 538 1904 curn
583 1876 710 1915 patre,
750 1866 931 1903 Christus
977 1865 1158 1914 adiungit
1204 1865 1376 1903 finaliter
1413 1864 1622 1902 veritatem
1668 1877 1762 1901 con-

446 1924 646 1962 nexionis:
686 1925 730 1960 Si
773 1924 875 1974 quid,
914 1924 1056 1973 inquit,
1097 1924 1295 1974 pecieritis
1338 1930 1494 1973 patrem
1532 1923 1567 1959 in
1614 1922 1763 1959 nomine

448 1995 530 2020 meo
567 1983 638 2019 hoc
659 1982 824 2032 faciam.
866 1983 955 2028 Quo
993 1982 1202 2031 supposito
1243 1990 1353 2031 patet
1392 1982 1440 2017 de
1479 1980 1638 2018 Christo
1677 1979 1762 2017 sine

448 2040 559 2078 omni
591 2040 925 2089 tergiversacione
958 2039 1138 2089 possibili
1172 2041 1281 2088 quod
1313 2039 1362 2077 sit
1394 2040 1512 2076 Deus.

192 2120 272 2148 This
291 2120 398 2154 ἔφερε]
506 2101 555 2135 Et
605 2098 805 2148 exposicio
855 2098 971 2135 huius
1021 2097 1214 2147 evangelii
1265 2097 1401 2134 rnultis
1451 2096 1601 2133 indicat
1653 2097 1761 2145 quod
1778 2102 1820 2135 30

160 2155 402 2220 Trifii'titcguiiiia
449 2158 580 2206 ipsum
614 2157 654 2193 in
687 2156 749 2193 die
780 2156 989 2194 Trinitatis
1021 2156 1291 2205 pertinencius
1330 2155 1379 2192 sit
1418 2156 1644 2204 legendum.
1684 2154 1762 2190 Sed

265 2199 304 2227 y.
405 2198 432 2226 y.
449 2228 539 2253 cum
574 2215 823 2263 evangelium
856 2223 894 2251 et
925 2214 1152 2264 specialiter
1173 2213 1364 2251 Johannis
1397 2213 1446 2249 sit
1478 2212 1619 2259 fertile,
1653 2219 1762 2261 patet

450 2274 558 2323 quod
591 2273 670 2310 sive
703 2273 779 2309 hoc
812 2273 1061 2322 evangelium
1094 2272 1175 2310 sive
1208 2272 1307 2309 illud
1345 2273 1393 2309 de
1431 2272 1664 2320 Nycodemo
1701 2270 1763 2307 vel
1778 2299 1839 2331 ΡΟ]

450 2344 556 2369 nunc
587 2332 649 2369 vel
679 2340 775 2368 tunc
807 2331 883 2379 legi
915 2330 1064 2380 poterit
1095 2330 1354 2379 pertinenter.
1388 2332 1490 2367 Nam
1514 2329 1553 2366 in
1585 2328 1732 2365 talibus
1756 2324 1760 2381 Ι
1782 2322 1860 2389 ,94ἶι

451 2389 621 2426 occultis
665 2389 882 2426 involucris
934 2390 1154 2426 secundum
1205 2387 1473 2437 Augustinum
1526 2391 1817 2436 quecunque35

450 2447 596 2485 veritas
628 2456 687 2485 est
718 2447 860 2494 celata,
906 2456 948 2484 ut
992 2446 1033 2484 in
1070 2446 1138 2483 illo
1184 2445 1389 2495 evangelio
1422 2443 1642 2494 Nycodemi
1673 2444 1761 2481 Joh.

451 2507 536 2552 1110,
571 2505 614 2542 8:
654 2505 824 2556 Spiritus
855 2505 919 2542 ubi
948 2505 1030 2542 vult
1060 2505 1185 2555 spirat
1216 2511 1251 2541 et
1280 2516 1408 2541 vocem
1441 2503 1520 2540 eius
1547 2501 1659 2539 audis
1686 2510 1760 2538 etc.

450 2563 627 2613 quelibet
657 2563 803 2601 veritas
836 2564 885 2600 de
917 2575 1016 2600 sono
1038 2563 1100 2600 vel
1122 2561 1266 2611 spiritu
1288 2573 1485 2610 corporeo
1509 2569 1566 2597 est
1588 2559 1760 2605 inclusa;

520 2768 546 2794 8.
563 2768 589 2795 A
605 2767 634 2794 in
652 2775 766 2802 marg:
788 2766 819 2793 In
841 2765 926 2792 omni
949 2770 1032 2793 motu
1050 2773 1177 2792 movens
1193 2770 1221 2792 et
1237 2769 1354 2792 motum
1371 2769 1441 2791 sunt
1456 2764 1558 2792 simul.
1633 2772 1672 2792 ιο.
1692 2763 1761 2792 ΗΕτ

451 2811 523 2837 ergo
544 2802 637 2829 deest.
748 2809 779 2828 ιι.
802 2800 870 2827 DE:
892 2805 1015 2831 contra:
1037 2800 1060 2827 Ε
1081 2799 1212 2827 correxit
1233 2799 1261 2826 in
1284 2807 1396 2838 margf
1420 2807 1522 2840 supra.
1634 2797 1670 2826 13.
1693 2798 1760 2826 1³13:

451 2837 652 2865 divinitatem.
797 2843 836 2869 ¹4-
858 2836 902 2862 A:
925 2835 1039 2862 Christi
1061 2834 1351 2867 confirmacionem;
1382 2834 1421 2861 ib.
1443 2834 1482 2861 12:
1504 2833 1644 2861 omnium
1666 2833 1760 2861 deest.

452 2872 490 2899 18.
512 2872 536 2899 Ε
557 2871 585 2898 in
608 2878 720 2905 marg.:
743 2869 926 2903 conclus-im
957 2869 996 2896 ib.
1019 2869 1086 2897 DE:
1109 2868 1281 2932 supposita.
1313 2902 1318 2907 ·
1389 2875 1438 2907 27..
1455 2868 1523 2896 DE:
1546 2868 1644 2903 inquit
1664 2868 1758 2896 deest.

449 2905 495 2941 34.
517 2907 562 2934 A:
582 2905 805 2937 indifferentem
825 2904 866 2931 ib.
882 2905 925 2932 A:
947 2904 977 2931 iu
998 2903 1091 2932 deest.
1177 2903 1201 2932 5.
1222 2903 1290 2932 DE:
1311 2903 1467 2931 involutis.
1536 2902 1582 2931 36.
1603 2904 1647 2931 A:
1668 2910 1758 2930 evan-

449 2941 534 2980 gelii3
564 2940 604 2968 ib.
624 2941 654 2969 A
673 2941 702 2969 in
724 2947 837 2976 marg.:
858 2939 1065 2976 Augustinus.
