1986 3380
210 294 344 323 SERMO
366 283 416 341 L]
674 296 889 330 SECUNDA
916 296 1043 328 PARS.

268 405 383 441 Circa
418 405 492 441 hoc
517 403 764 451 evangelium
791 402 1008 447 dubitatur,
1044 410 1176 438 utrum
1207 414 1345 438 omnes
1378 402 1518 449 prelati

209 464 268 498 vel
316 462 441 499 curati
484 475 555 510 pro
596 461 749 498 cunctis
787 461 867 497 suis
912 460 1079 496 subditis
1124 461 1437 508 respondebunt,
1485 469 1520 495 et

209 520 367 556 videtur
399 522 506 568 quod
547 520 614 563 sic,
656 520 749 568 quia
792 520 1026 555 mandatum
1061 518 1157 554 fides
1197 527 1233 554 et
1266 518 1326 554 lex
1359 517 1519 553 Domini

210 580 373 615 mandat
416 587 457 614 ut
499 577 665 626 quilibet
705 577 842 625 diligat
883 585 918 613 et
956 589 1026 625 per
1065 588 1312 624 consequens
1349 584 1392 611 ut
1430 588 1521 623 pro-

176 642 191 673 5
211 636 317 672 ficiat
350 635 533 684 proximo
567 648 657 675 suo:
693 644 729 671 et
762 648 832 683 per
865 635 969 671 idem
1007 643 1063 671 est
1087 633 1245 670 debitor
1278 633 1520 681 cuicunque;

209 707 302 741 ergo
336 694 463 729 multo
498 693 622 741 magis
656 693 833 741 prelatus
865 693 926 729 vel
966 701 1126 729 curatus
1159 701 1216 729 est
1256 691 1413 728 debitor
1446 691 1522 727 illis

208 751 347 788 ovibus
386 751 530 800 quibus
571 764 614 787 ex
653 750 802 798 duplici
842 751 1001 787 vinculo
1041 750 1246 799 alligatur3
1286 762 1358 786 nec
1393 748 1522 785 minus

208 809 407 857 obligatur
441 809 496 845 eis
530 817 695 858 propter
728 810 803 845 hoc
837 811 943 857 quod
979 808 1180 857 copiosius
1219 808 1259 844 in
1291 807 1523 855 temporali-

208 869 280 903 bus
319 876 361 903 ut
401 867 566 903 decimis
607 875 643 903 et
682 866 961 903 oblacionibus
1010 876 1117 903 taxat
1157 866 1258 903 illos.
1312 865 1376 903 Sic
1416 865 1522 902 enirn

152 941 191 962 10
208 925 424 974 Apostolus
458 926 509 961 ad
542 927 746 962 Romanos
778 927 826 970 10,
852 937 939 973 cap.
966 938 1012 970 14
1041 924 1273 961 confitetur:
1313 924 1450 960 Grecis
1479 936 1524 959 ac

206 984 412 1030 Bai-baris,
455 983 689 1032 sapientibus
733 990 768 1019 et
811 983 1085 1032 insipientibus,
1133 984 1282 1019 debitor
1325 995 1421 1019 sum.
1476 984 1523 1018 Et

207 1041 471 1078 confirmatur
505 1054 548 1078 ex
573 1041 704 1078 verbis
728 1040 890 1077 Domini
915 1042 964 1078 ad
987 1041 1238 1078 Ezechielem
1261 1041 1521 1089 prophetam:

207 1100 261 1147 Si,
294 1099 435 1149 inquit,
471 1100 617 1136 dicente
643 1112 701 1136 me
723 1100 775 1135 ad
797 1100 975 1148 impium:
1008 1100 1138 1136 Nlorte
1171 1099 1352 1135 morieris
1384 1106 1420 1135 et
1451 1111 1523 1134 non

206 1158 501 1194 annunciaveris
538 1158 583 1203 ei,
623 1158 703 1208 ipse
745 1158 781 1193 in
820 1158 1015 1206 iniquitate
1047 1170 1115 1194 sua
1149 1157 1350 1204 morietur,
1390 1169 1522 1193 verum

154 1221 332 1253 15tamen
364 1217 531 1252 animam
571 1229 678 1252 suam
714 1217 759 1252 de
798 1228 911 1251 manu
944 1223 1007 1251 tua
1042 1216 1251 1265 requiram.
1301 1217 1413 1251 Patet
1452 1216 1523 1251 hec

206 1274 409 1311 sentencia
441 1273 659 1310 Ezechielis
693 1276 763 1310 1110
797 1282 834 1310 et
871 1275 1013 1310 XVHIO
1048 1274 1246 1322 capitulis.
1282 1272 1523 1310 Confirmari

207 1342 340 1369 autem
374 1341 506 1381 potest
537 1344 608 1381 per
641 1332 845 1369 racionem
879 1340 915 1368 et
938 1332 1072 1368 locum
1106 1345 1128 1368 a
1162 1331 1317 1368 maiori.
1352 1331 1393 1368 Si
1417 1331 1521 1367 enim

207 1400 345 1439 pastor
376 1391 437 1427 vel
471 1390 559 1439 quis
591 1390 765 1427 serviens
798 1400 957 1426 terreno
991 1390 1156 1427 domino
1190 1390 1230 1426 in
1263 1390 1420 1426 defectu
1451 1402 1522 1426 suo

207 1450 348 1497 perdat
393 1461 505 1485 ovem
552 1449 612 1485 vel
656 1458 856 1485 terrenam
903 1448 1173 1485 substanciam
1225 1461 1298 1496 pro
1343 1460 1420 1496 qua
1467 1447 1523 1483 illi

149 1522 191 1544 20
208 1507 374 1543 domino
407 1507 620 1555 obligatur,
656 1508 861 1555 perdendo
895 1507 1004 1543 illam
1039 1506 1325 1551 substanciam,
1366 1514 1523 1542 tenetur

208 1567 303 1601 dare
356 1565 599 1613 equivalens.
660 1578 754 1613 ergo
814 1565 941 1601 multo
1002 1565 1128 1613 magis
1181 1565 1270 1612 plus
1322 1563 1522 1612 obligatus

207 1623 405 1672 superiori
439 1623 603 1659 domino
643 1624 731 1671 plus
770 1622 989 1660 invincibili
1030 1623 1204 1660 racione.
1260 1623 1338 1659 Sed
1377 1622 1433 1659 sic
1467 1631 1523 1659 est

208 1683 256 1718 de
294 1681 458 1730 prelatis
498 1681 663 1718 ecclesie
703 1683 837 1730 quoad
877 1680 1058 1718 subditos
1098 1690 1134 1718 et
1169 1681 1386 1726 Christum,
1429 1693 1522 1728 ergo

208 1739 426 1776 conclusio.
479 1742 560 1776 Nec
605 1741 735 1776 solum
781 1748 955 1776 rectores
996 1741 1063 1776 sed
1110 1739 1288 1788 episcopi
1333 1738 1523 1787 precipue

149 1802 190 1835 25
207 1798 340 1835 taliter
373 1797 614 1845 obligantur.
668 1799 783 1834 Unde
816 1806 949 1835 errant
991 1797 1059 1846 qui
1092 1798 1259 1834 credunt
1300 1798 1407 1846 quod
1441 1796 1522 1845 epi-

207 1869 351 1905 scopus
381 1857 480 1893 dans
514 1869 652 1893 curam
691 1856 915 1893 rectoribus
947 1864 990 1892 ut
1024 1857 1295 1904 respondeant
1328 1868 1401 1903 pro
1435 1855 1522 1903 ipso

206 1915 246 1951 in
280 1914 343 1951 die
376 1914 514 1951 iudicii
547 1927 588 1951 se
620 1914 751 1963 ipsum
785 1914 921 1951 eximit
954 1916 1003 1951 ab
1038 1915 1112 1951 hac
1146 1927 1255 1960 cura,
1288 1922 1383 1950 tunc
1416 1913 1521 1950 enim

207 1972 405 2010 desineret
444 1985 527 2009 esse
570 1972 782 2021 episcopus
822 1972 913 2009 talis
952 1972 1050 2018 loci;
1090 1972 1182 2009 ideo
1221 1972 1337 2008 multi
1376 1971 1522 2020 prelati

207 2032 427 2068 secundum
462 2032 608 2079 gradus
642 2031 821 2079 dispares
854 2043 974 2080 super
1007 2032 1148 2068 eodem
1189 2031 1342 2079 populo
1381 2038 1524 2078 gerunt

148 2092 191 2126 30
206 2102 320 2127 onus.

116 2141 192 2204 Folg
265 2150 308 2184 ln
340 2147 416 2184 isto
450 2146 572 2184 dubio
606 2146 777 2184 fideliter
805 2145 810 2199 Ι
839 2148 956 2184 debet
996 2147 1104 2184 credi
1139 2148 1247 2195 quod
1279 2159 1360 2183 non
1392 2146 1522 2183 solum

112 2197 178 2229 ²²4
208 2205 336 2243 curati
369 2207 589 2242 secundum
630 2206 735 2253 leges
768 2206 965 2242 humanas
1003 2206 1071 2242 sed
1110 2204 1339 2254 quicunque
1371 2204 1524 2241 viantes

206 2265 426 2301 secundum
472 2265 618 2312 gradus
666 2263 845 2312 dispares
891 2265 939 2300 de
983 2263 1287 2312 quibuscunque
1331 2262 1524 2312 proximis

206 2331 443 2367 onerantur;
482 2334 575 2359 nam
615 2321 730 2358 aliter
762 2322 892 2358 forent
930 2320 971 2358 in
1014 2321 1192 2370 capitulo
1231 2323 1354 2370 Caym
1396 2322 1523 2357 Gene-

148 2384 190 2418 35
206 2381 258 2417 sis
284 2382 368 2427 IV0‚
396 2393 417 2428 9
453 2380 639 2417 dicentis:
673 2380 873 2430 Numquid
894 2387 1021 2417 custos
1042 2380 1195 2429 fratris
1218 2380 1293 2416 mei
1313 2392 1386 2431 ego
1408 2380 1524 2415 sum?

206 2440 321 2476 Unde
372 2438 600 2487 quicunque
658 2438 862 2475 meritorie
913 2438 1089 2475 viventes
1141 2446 1309 2487 prosunt
1361 2437 1524 2474 cuilibet

207 2496 441 2543 christiano,
475 2498 523 2533 de
556 2496 717 2534 vinculo
740 2504 873 2533 autem
898 2495 1161 2545 obligacionis
1183 2497 1245 2533 vel
1267 2508 1360 2533 cure
1383 2497 1523 2532 huma-

206 2555 312 2592 nitus
344 2554 602 2604 superaddite
635 2567 705 2603 per
737 2555 843 2603 leges
867 2554 1032 2592 ecclesie
1053 2554 1189 2592 nescio
1223 2555 1390 2592 fundare
1414 2554 1523 2603 quod

277 2710 297 2729 1.
313 2701 339 2729 D
360 2701 391 2729 in
411 2709 527 2736 marg:
548 2701 730 2736 Dubitatur3
751 2700 776 2728 E
795 2700 826 2728 in
847 2709 961 2736 marg:
985 2701 1124 2737 Questio.
1181 2701 1209 2729 6.
1224 2699 1293 2728 DE:
1316 2699 1412 2727 multo
1428 2699 1522 2727 deest.

207 2743 234 2772 7,
249 2735 276 2764 8.
292 2736 360 2764 DE:
382 2744 437 2764 nec
458 2736 561 2764 minus
581 2736 735 2771 obligatur
755 2735 848 2763 deest.
905 2744 947 2769 14.
967 2736 1012 2763 A:
1033 2735 1100 2772 ipse
1119 2736 1213 2763 deest.
1271 2734 1312 2763 18.
1327 2735 1373 2762 A:
1395 2734 1522 2762 domino

207 2771 301 2798 deest.
357 2779 403 2799 20.
418 2771 464 2799 A:
486 2775 606 2799 terreno
627 2770 766 2799 domino.
822 2769 866 2798 23.
881 2770 906 2798 E
919 2770 951 2798 in
966 2779 1080 2806 marg:
1100 2770 1183 2799 Nota
1197 2770 1234 2798 de
1248 2770 1373 2806 prelatis
1386 2769 1522 2797 ecclesie.

207 2813 251 2841 27.
265 2807 312 2833 A:
333 2806 425 2834 exuit.
481 2806 527 2834 28.
547 2807 592 2834 A:
614 2805 718 2841 episco
744 2814 790 2833 os.
847 2804 885 2833 31.
906 2805 932 2832 D
952 2805 985 2832 in
1006 2814 1120 2841 marg:
1141 2805 1324 2841 Responsio.
1381 2803 1428 2839 34.
1448 2804 1473 2831 E
1492 2804 1523 2832 in

207 2848 321 2876 marg:
342 2840 412 2868 Non
434 2840 535 2868 solum
556 2840 652 2868 curati
673 2849 704 2868 se
747 2840 849 2868 omnis
870 2848 976 2868 curare
997 2840 1086 2868 debet
1105 2840 1143 2868 de
1163 2840 1325 2876 proximis.

286 2925 335 2957 13.
364 2924 490 2957 Ezech.
517 2925 572 2965 111,
596 2923 646 2958 18.

1731 286 1805 322 365

1571 409 1598 435 A
1620 409 1730 443 pre-late
1753 409 1776 436 is

1545 444 1734 504 r'qsponsiblc
1757 444 1804 470 sor

1537 487 1551 503 ει

1607 478 1642 505 iis
1664 478 1807 513 subjects.

1581 2150 1642 2180 We
1662 2159 1713 2179 are
1733 2151 1770 2179 all

1549 2186 1743 2222 responsible
1764 2187 1813 2214 for

1540 2229 1596 2249 our
1614 2221 1812 2256 neighbours.
