1986 3380
186 318 266 350 4¹0

193 427 328 461 Burning
350 426 441 464 ¹³3¹&

203 471 252 490 arc
274 463 375 489 work-s
397 463 424 487 oi

254 498 381 533 charit-v.

248 837 394 876 Spiritual

239 880 424 905 marriages:

200 915 219 934 1.
243 907 348 934 Christ
370 906 442 933 with

241 942 294 968 ilis
317 941 401 968 ilesli.

199 984 223 1003 2.
246 976 349 1003 Clu-ist
371 976 442 1003 with

217 1011 271 1038 llis
293 1011 426 1039 Cliurch.

201 1068 227 1097 3.
248 1068 334 1096 Final
357 1074 443 1104 entry

203 1104 237 1131 of
255 1104 302 1131 the
324 1104 441 1131 blessed

215 1139 279 1166 imo
301 1139 424 1166 heaven.

246 1416 333 1444 With
356 1416 404 1443 ilic

190 1452 360 1479 individua]
384 1451 463 1478 solil.

773 313 994 345 ‚IOHANNIS
1016 311 1195 343 WYCMF
1215 310 1472 341 SERMONUM
1540 296 1690 353 [sl-:mio
1711 306 1790 334 LVI-

533 422 643 456 Patet
688 428 821 456 autem
869 432 911 455 ex
957 418 1071 454 dictis
1119 418 1225 465 quod
1272 417 1432 453 lucerne
1477 418 1661 453 ardentes
1700 426 1790 453 sunt

473 490 596 526 opera
630 477 808 514 caritatis
842 478 927 513 luce
954 475 1084 511 divine
1118 474 1318 523 sapiencie
1353 474 1581 511 informata.
1618 476 1789 520 Quando

475 549 570 584 ergo
593 535 723 585 parati
749 548 885 571 sumus
911 535 959 570 ad
980 533 1205 570 faciendum
1224 533 1318 569 talia
1342 545 1478 581 opera,
1500 541 1594 568 tunc
1610 533 1791 569 lucernas

474 595 659 631 ardentes
699 603 879 630 tenemus
918 592 957 627 in
999 591 1183 627 manibus
1223 600 1259 628 et
1294 599 1475 627 movetur
1508 592 1630 627 homo
1663 590 1790 627 racio-

477 652 665 689 nabiliter
707 653 753 688 ad
796 652 898 687 hanc
937 649 1074 695 vitam,
1117 662 1186 697 per
1228 650 1303 686 hoc
1337 650 1443 697 quod
1479 649 1670 685 debemus
1709 661 1791 685 esse

474 711 618 747 similes
663 710 876 746 hominibus
914 708 1205 756 expectantibus
1245 708 1439 743 dommum
1478 719 1603 753 suum,
1642 708 1793 756 quando

475 776 697 805 revertatur
728 781 748 803 a
783 767 939 816 nupciis.

531 829 630 863 Tres
677 835 808 862 autem
856 833 947 860 sunt
986 823 1131 872 nupcie
1172 822 1343 860 maxime
1381 822 1623 871 spirituales,
1666 823 1794 872 prime

476 886 637 934 quando
671 883 817 920 Christi
853 882 980 919 deitas
1013 881 1235 930 ypostatice
1275 881 1528 929 coniungitur
1568 894 1637 918 sue
1669 882 1792 928 carni,

476 944 649 980 secunde
688 943 850 990 quando
894 953 1065 989 persona
1110 939 1218 976 verbi
1266 940 1477 988 copulatur
1516 952 1584 976 sue
1630 940 1794 977 ecclesie

476 1011 685 1049 tamquam
719 1012 882 1048 sponse3
917 1007 953 1035 et
986 1007 1156 1047 utraque
1196 997 1362 1034 istarum
1397 997 1469 1033 fuit
1491 999 1794 1046 quodammodo

476 1069 682 1108 tamquam
714 1058 752 1093 in
782 1057 961 1093 thalamo
991 1056 1031 1092 in
1059 1065 1173 1092 utero
1205 1055 1368 1103 virginis
1392 1055 1530 1093 Marie.
1564 1057 1642 1093 Sed
1674 1056 1795 1093 tercie

476 1117 619 1166 nupcie
659 1116 750 1153 licet
790 1115 867 1152 sint
908 1115 1045 1151 finales
1080 1123 1116 1151 et
1150 1115 1350 1162 complete
1384 1123 1474 1162 post
1504 1114 1608 1151 diem
1643 1114 1794 1160 iudicii,

477 1176 570 1224 quia
603 1174 790 1211 introitus
829 1173 1064 1210 universalis
1103 1172 1270 1209 ecclesie
1303 1172 1342 1209 in
1374 1173 1521 1209 lectum
1555 1181 1794 1221 perpetuum

477 1233 611 1282 sponsi
645 1232 718 1278 sui,
753 1240 845 1268 sunt
879 1231 1070 1268 colleccio
1099 1232 1295 1267 bonorum
1332 1230 1372 1266 in
1405 1230 1536 1278 patria
1558 1231 1795 1267 successiva.

535 1291 800 1328 Particulares
824 1298 957 1326 autem
982 1289 1126 1338 nupcie
1150 1298 1254 1334 sunt,
1276 1290 1601 1337 quandocunque
1617 1288 1797 1325 Christus

478 1349 597 1387 alicui
650 1348 783 1386 anime
834 1360 905 1396 per
954 1347 1130 1396 graciam
1181 1346 1338 1384 noviter
1386 1347 1610 1395 copulatur.
1663 1349 1797 1384 Potest

479 1417 612 1445 autem
659 1407 737 1443 dici
782 1405 963 1443 Christus
1016 1407 1154 1442 sedere
1205 1405 1241 1441 in
1286 1405 1445 1455 nupciis,
1491 1406 1652 1454 quando
1704 1418 1794 1442 cum

477 1466 612 1515 aliqua
644 1474 757 1514 parte
791 1464 957 1501 ecclesie
981 1464 1161 1514 quiecius
1194 1464 1420 1512 copulatur,
1455 1472 1492 1499 et
1525 1472 1619 1500 tunc
1652 1463 1800 1500 reverti

479 1538 500 1562 a
538 1523 709 1573 nupciis,
750 1524 911 1572 quando
957 1524 1005 1559 ab
1047 1535 1126 1559 una
1171 1530 1285 1571 parte
1325 1522 1375 1558 ad
1416 1521 1535 1557 aliam
1575 1523 1794 1558 secundum

480 1582 745 1619 mobilitatem
800 1580 929 1630 prime
974 1579 1175 1629 sapiencie
1220 1579 1440 1628 graciosius
1484 1578 1672 1616 variatur.
1733 1579 1797 1616 Sic

477 1641 581 1678 enim
599 1640 810 1678 revertitur
826 1638 1006 1676 Christus
1022 1651 1043 1676 a
1059 1638 1192 1675 terciis
1207 1637 1378 1686 nupciis,
1404 1639 1565 1687 quando
1590 1650 1611 1674 a
1635 1638 1797 1686 copula-

478 1699 592 1736 cione
632 1712 722 1735 cum
769 1697 920 1734 civibus
960 1696 1171 1734 celestibus
1210 1695 1391 1744 graciose
1423 1695 1556 1732 visitat
1588 1695 1796 1741 viatorem,

479 1767 514 1794 et
559 1757 614 1794 ita
658 1756 759 1793 sicut
803 1755 1007 1792 descendit
1046 1755 1085 1791 in
1124 1763 1283 1791 uterum
1316 1753 1478 1801 virginis
1512 1766 1582 1802 per
1615 1753 1799 1790 incarna-

479 1815 648 1861 cionem,
689 1814 745 1851 sic
777 1826 956 1851 reversus
996 1822 1053 1850 est
1086 1825 1107 1850 a
1139 1812 1296 1861 nupciis
1330 1812 1580 1860 angelorum,
1615 1824 1704 1848 cuin
1738 1824 1796 1848 se-

479 1875 653 1911 cundum
709 1871 885 1920 aliquam
939 1871 1142 1908 racionem
1189 1870 1403 1919 positivam
1449 1879 1517 1907 aut
1561 1869 1797 1918 privativam

479 1931 596 1969 desiit
628 1940 722 1967 tunc
761 1942 845 1967 esse
885 1943 975 1967 cum
1015 1929 1178 1977 angelis,
1219 1937 1255 1965 et
1294 1929 1342 1965 de
1379 1936 1491 1965 tanto
1530 1940 1710 1965 reversus
1743 1936 1799 1964 est

480 1991 528 2027 ab
562 1989 640 2026 illis
672 1987 841 2036 nupciis,
876 1997 913 2024 et
938 1987 992 2024 ita
1026 1988 1351 2036 quandocunque
1385 1986 1508 2023 trahit
1539 1985 1714 2023 viantem
1749 1987 1798 2022 ad

480 2047 784 2093 beatitudinem,
826 2046 1038 2083 revertitur
1076 2046 1125 2082 ad
1160 2045 1543 2093 teri-amndeserens
1577 2045 1796 2081 secundum

1809 650 1824 682 5

1815 950 1852 972 10

1815 1230 1852 1262 15

1815 1531 1855 1553 20

1815 1812 1855 1844 25

480 2107 601 2143 talem
653 2104 858 2141 racionem
903 2104 1058 2153 priores
1103 2103 1283 2152 nupcias,
1338 2112 1375 2140 et
1419 2115 1490 2151 per
1535 2114 1796 2151 consequens,
1814 2104 1856 2137 30

481 2165 804 2213 quandocunque
836 2162 1132 2211 predestinatus
1168 2161 1351 2207 moritur,
1376 2160 1558 2198 Christus
1581 2162 1631 2197 ad
1653 2160 1796 2197 vallem

480 2222 739 2259 lacrimarum
774 2220 996 2258 revertitur.
1029 2221 1347 2268 Verumptamen
1379 2219 1480 2256 sicut
1506 2218 1686 2256 Christus
1718 2231 1798 2255 non

481 2280 686 2318 descendit
720 2278 986 2328 corporaliter
1017 2278 1078 2315 vel
1111 2279 1346 2314 movebatur
1377 2277 1541 2326 proprie
1582 2278 1632 2313 ad
1664 2277 1798 2313 locum

482 2337 788 2384 incarnacionis,
822 2337 879 2374 sic
903 2337 1065 2385 quando
1090 2335 1301 2372 revertitur
1325 2348 1347 2372 a
1369 2335 1526 2384 nupciis
1550 2335 1798 2383 angelorum,

482 2409 554 2434 nec
578 2396 667 2432 illos
692 2395 837 2432 deserit
866 2407 939 2432 nec
962 2393 1126 2443 proprie
1150 2395 1199 2430 ad
1223 2402 1371 2430 terram
1397 2402 1581 2430 movetur
1603 2392 1798 2438 localiter,
1816 2394 1856 2428 35

482 2456 550 2492 sed
589 2453 685 2491 satis
726 2462 783 2490 est
816 2454 923 2502 quod
964 2461 1046 2490 tam
1088 2451 1127 2488 in
1166 2452 1252 2489 celo
1293 2464 1413 2500 quam
1454 2450 1493 2487 in
1534 2459 1640 2487 terra
1674 2449 1798 2487 variet

484 2512 686 2550 racionem
720 2524 788 2548 sue
823 2510 1045 2548 existencie.
1079 2511 1128 2546 Et
1151 2518 1260 2558 patet
1283 2522 1403 2558 quam
1438 2508 1578 2546 attenti
1610 2509 1800 2546 debemus

553 2647 580 2674 8.
601 2647 646 2675 A:
672 2646 752 2675 Tres
773 2646 872 2682 enim3
902 2647 943 2674 ib.
966 2646 990 2674 D
1012 2646 1042 2674 in
1064 2654 1180 2681 marg:
1201 2644 1321 2681 Nupcie
1341 2644 1478 2680 triplices
1499 2644 1695 2675 swiritualem
1725 2643 1748 2670 E
1768 2643 1797 2670 in

485 2690 598 2716 marga
619 2681 773 2717 Triplices
795 2681 916 2716 nupcie.
939 2689 958 2708 1.
1085 2681 1113 2713 8.
1135 2689 1164 2717 9.
1184 2681 1228 2708 A:
1251 2679 1352 2716 primo
1373 2679 1472 2715 quod;
1504 2653 1545 2707 ii).
1568 2678 1682 2706 Christi
1705 2678 1797 2705 deest.

484 2719 510 2743 8.
534 2717 572 2744 E:
595 2716 709 2744 scilicet
731 2716 838 2752 prime.
902 2724 930 2755 9.
952 2717 996 2743 A:
1018 2715 1180 2750 diviuita53
1202 2715 1242 2742 ib.
1264 2714 1304 2742 E:
1326 2714 1460 2750 corpori.
1519 2722 1560 2741 10.
1581 2714 1625 2741 A:
1647 2712 1798 2743 secunda:

485 2752 524 2779 1⁴3:
547 2751 694 2779 secundo.
751 2750 874 2779 13.1)13:
895 2755 954 2778 sint
976 2751 1070 2778 deest.
1128 2758 1169 2784 η.
1186 2750 1230 2778 A:
1253 2753 1433 2785 perpetuum
1455 2749 1550 2776 deest.
1607 2747 1644 2776 15.
1666 2747 1708 2775 D:
1730 2751 1799 2774 sunt

485 2787 643 2820 omninum
665 2786 704 2813 ib.
720 2786 829 2814 coda:
850 2793 919 2813 cum
941 2785 1103 2818 colleccim
1125 2785 1164 2812 ib.
1182 2784 1223 2812 D:
1246 2792 1435 2811 successura.
1510 2783 1552 2811 16.
1573 2782 1642 2810 DE:
1663 2781 1798 2818 quando.

488 2830 525 2856 ¹7-
545 2821 611 2848 uh:
635 2821 754 2848 noviter
774 2820 870 2848 deest.
933 2820 1045 2847 18—20.
1068 2820 1104 2847 1⁴3:
1131 2827 1201 2847 cum
1222 2819 1322 2854 aliqua
1343 2834 1375 2838 -—
1395 2817 1520 2853 quando
1540 2817 1634 2845 deest.
1692 2825 1732 2852 ¹9·
1754 2816 1798 2843 A:

487 2856 645 2883 attencius,
719 2855 765 2884 30.
787 2856 831 2882 A:
855 2854 1011 2882 racionem
1033 2855 1134 2888 deest:
1162 2854 1202 2882 ib.
1224 2854 1266 2881 A:
1290 2853 1436 2888 priorem.
1509 2851 1550 2880 35.
1572 2853 1616 2879 A:
1639 2859 1697 2878 non
1720 2851 1798 2878 iilos.

559 2938 590 2971 ὁ.
620 2940 734 2970 Lucae
760 2938 833 2976 XII,
862 2936 914 2970 36.
