1986 3380
174 303 192 328 Ι.)

203 292 223 328 00

230 305 254 336 4..

188 1111 213 1139 3.
235 1112 359 1146 Raising
380 1112 428 1139 tlte

265 1148 353 1178 dead,

245 1182 263 1209 i.
286 1192 310 1209 e.
335 1183 371 1218 by

203 1218 367 1253 menching
388 1222 418 1244 to

185 1252 272 1279 those
293 1253 364 1280 who
385 1260 434 1279 are

204 1287 280 1315 dead
303 1287 330 1315 iu
353 1288 409 1315 sin.

712 299 932 331 JonANNJs
953 298 1135 331 wYcrir
1155 298 1414 330 >ramosum
1441 284 1590 339 [srmw
1608 295 1772 323 xxxvm.

464 409 555 444 fetet
600 406 778 444 anhelitu
819 416 855 442 et
900 405 1045 442 emittit
1087 418 1223 440 xocem
1265 404 1477 441 femineam
1526 417 1688 442 raucam
1736 415 1771 442 et

462 475 635 506 acutam,
669 465 723 501 sic
750 474 806 501 est
831 466 878 500 de
903 463 1163 511 spiritualiter
1188 464 1346 510 leproso
1370 464 1429 499 vel
1452 465 1645 511 superbo:
1679 477 1771 500 narn

461 536 583 572 opera
628 537 698 560 sua
743 522 944 558 sensibilia
989 523 1047 557 vel
1094 520 1363 568 superficialia
1409 521 1513 559 facit,
1561 529 1601 557 ut
1648 521 1773 569 magis

464 584 633 618 mundus
657 590 868 630 appareat:
893 592 968 628 que
992 588 1047 615 est
1074 591 1217 625 magna
1241 578 1480 615 difformitas
1501 581 1607 627 apud
1632 581 1772 620 Deum,

461 653 502 676 er
556 652 624 688 per
675 651 936 686 consequens,
991 638 1108 673 habet
1166 637 1311 673 famam
1365 637 1551 673 fetentem
1610 637 1806 674 ecclesie&

463 697 741 746 triumphanti.
778 699 876 732 Nam
904 697 1012 731 Exod
1037 696 1105 733 V0.
1133 704 1175 730 21
1209 694 1304 731 dicit
1330 696 1448 732 Israel
1479 705 1618 732 sancto
1648 695 1773 744 Moysi

461 766 497 792 et
520 758 653 793 Aaron
677 757 809 804 fetere
830 754 984 802 fecistis
1017 754 1174 788 odorem
1199 761 1373 788 nostrum
1398 766 1529 789 comm
1555 754 1770 790 Pharaone.

462 814 525 851 Sic
561 823 615 850 est
651 815 697 849 de
730 811 912 860 superbis
947 810 1189 859 quibuslibet
1219 812 1351 859 quoad
1378 813 1518 849 Deum,
1553 811 1645 859 quia
1671 814 1774 848 Luce

462 875 510 912 1⁰.
554 873 594 908 51
649 870 853 907 scribitur:
900 870 1093 918 Dispersi!
1139 871 1324 918 superbos
1369 878 1490 905 mente
1533 870 1662 905 cordis
1704 871 1773 906 sui.

462 933 508 966 Et
542 939 736 978 quantum
771 930 819 964 ad
853 940 992 964 vocem
1028 927 1201 975 superbi.
1238 937 1347 975 patet
1381 928 1489 976 quod
1522 937 1577 963 est
1611 927 1774 975 pusilla·
1795 940 1833 961 ιο

460 988 578 1024 nimis
603 987 826 1035 indignans,
861 995 901 1022 ut
926 985 1071 1022 femina
1095 986 1155 1021 vel
1190 994 1322 1021 mutus
1352 995 1418 1022 aut
1444 998 1586 1022 raucus
1610 995 1775 1034 propter

460 1047 646 1083 timorem
681 1044 966 1093 temporalium
1001 1057 1077 1092 que
1110 1044 1282 1081 affectat.

520 1106 596 1140 Sed
631 1103 723 1152 quia
757 1102 881 1139 virtus
916 1102 1097 1138 consistit
1131 1102 1236 1138 circa
1270 1101 1446 1142 difficile,
1481 1101 1570 1138 ideo
1593 1101 1774 1138 Christus

463 1161 632 1211 precipit
649 1160 935 1208 evangelizanti
961 1160 1179 1196 terminum
1196 1159 1440 1203 ultimatum,
1459 1161 1553 1196 dum
1570 1169 1774 1196 mortuum

463 1219 724 1268 spiritualiter
769 1232 838 1267 per
878 1228 1088 1267 peccatum
1129 1218 1299 1266 precipit
1340 1231 1381 1255 ex
1421 1217 1649 1267 frequencia
1688 1221 1830 1267 pre-15

463 1277 682 1315 dicacionis
722 1286 758 1313 et
797 1276 1011 1313 sanctitate
1043 1276 1120 1312 vite
1161 1289 1249 1312 cum
1285 1276 1356 1312 Dei
1396 1276 1529 1323 gracia
1568 1276 1774 1313 suscitare.

461 1339 508 1372 Et
543 1337 675 1385 quoad
710 1336 881 1371 formam
917 1348 961 1371 ac
995 1333 1266 1371 intencionem
1292 1335 1654 1383 evangelizancium
1679 1334 1775 1383 ipsis

462 1394 632 1443 precipit
654 1394 783 1444 gratis
807 1395 922 1437 dare;
955 1402 991 1429 et
1015 1392 1090 1429 ista
1113 1392 1284 1429 simonia
1308 1393 1347 1429 in
1372 1392 1525 1429 clericis
1550 1402 1585 1430 et
1610 1393 1773 1441 prelatis

462 1452 528 1501 qui
553 1461 689 1489 emunt
720 1460 786 1488 aut
819 1453 997 1487 vendunt
1029 1460 1294 1497 sacramenta,
1328 1450 1712 1499 evangelizacionem
1739 1461 1775 1488 et

461 1510 537 1548 alia
584 1509 777 1546 beneficia
823 1509 1093 1546 ecclesiastica
1145 1508 1270 1546 inficit
1315 1519 1442 1545 toturn
1500 1511 1691 1546 mundum
1738 1519 1774 1546 et
1791 1521 1832 1544 20

462 1568 555 1605 facit
594 1569 701 1616 quod
746 1567 803 1603 illi
843 1567 909 1616 qui
955 1567 1138 1603 videntur
1184 1580 1268 1604 esse
1308 1567 1449 1615 prelati
1488 1567 1653 1604 ecclesie
1693 1580 1773 1604 non

461 1628 608 1663 habent
642 1634 884 1674 potestatem
919 1625 1148 1662 huiusmodi
1175 1627 1335 1674 qualern
1370 1626 1536 1673 fingunt.
1571 1627 1646 1662 Sed
1673 1625 1773 1662 sicut

463 1684 715 1722 menciuntur
760 1697 800 1720 se
845 1696 1001 1720 servare
1052 1683 1314 1731 spiritualiter
1367 1685 1436 1720 has
1488 1683 1666 1721 virtutes.
1720 1683 1774 1720 sic

463 1742 716 1779 menciuntur
755 1744 802 1779 de
844 1754 993 1790 pompa
1033 1741 1234 1778 dominice
1273 1740 1496 1790 potestatis.
1541 1744 1630 1778 Non
1668 1741 1773 1778 enim

462 1803 654 1838 haberent
693 1800 804 1837 illam
843 1799 919 1837 nisi
960 1812 1047 1836 eam
1088 1812 1109 1836 a
1149 1801 1232 1836 Deo
1273 1799 1509 1848 reciperent.
1556 1801 1623 1836 sed
1672 1802 1774 1836 Deus
1791 1803 1830 1834 25

462 1858 692 1896 eternaliter
736 1857 978 1894 omnisciens
1023 1857 1232 1905 previdens
1278 1857 1314 1894 in
1362 1857 1416 1894 eis
1458 1857 1772 1906 disposicionem

462 1916 694 1954 continuam
736 1929 817 1952 non
855 1917 923 1953 dat
956 1915 1010 1952 eis
1045 1924 1285 1964 potestatem
1322 1915 1551 1952 huiusmodi
1585 1929 1705 1964 quam
1741 1915 1772 1952 si

462 1977 653 2012 haberent
692 1987 897 2023 nunquam
944 1973 1066 2022 gratis
1105 1975 1165 2010 vel
1216 1973 1298 2010 sine
1343 1974 1508 2010 crimine
1553 1983 1772 2010 uterentur.

461 2032 643 2071 Christus
677 2032 780 2069 enim
816 2045 1020 2081 nunquam
1047 2032 1318 2068 communicat
1352 2033 1459 2069 dona
1492 2032 1690 2069 naturalia
1713 2033 1774 2069 vel

461 2090 783 2139 supernaturalia
817 2099 998 2127 creature
1022 2089 1097 2126 nisi
1132 2091 1181 2126 ad
1205 2090 1429 2138 profectum
1464 2089 1648 2135 ecclesie;
1683 2089 1772 2126 ideo
1791 2093 1831 2124 30

462 2148 695 2197 sompnians
729 2150 836 2197 quod
870 2147 960 2185 talis
993 2149 1188 2196 reprobus
1222 2149 1342 2185 habet
1376 2157 1616 2196 potestatem
1651 2161 1771 2197 quam

463 2207 573 2255 fingit
597 2208 758 2243 doceret
783 2207 901 2243 hodie
925 2206 1142 2243 efficaciter
1166 2218 1209 2243 ex
1232 2219 1362 2252 sensu,
1388 2205 1550 2243 racione
1573 2205 1770 2254 probabili

460 2267 519 2302 vel
544 2265 756 2313 scriptura.
791 2265 882 2302 Scio
908 2264 1067 2313 quidem
1093 2265 1200 2313 quod
1224 2266 1329 2301 Deus
1352 2273 1487 2312 posset
1511 2266 1605 2301 dare
1638 2277 1773 2312 repro-

461 2323 519 2360 bis
553 2333 589 2360 et
623 2324 671 2360 de
710 2323 816 2360 facto
855 2322 963 2359 dedit
1003 2322 1232 2359 huiusmodi
1273 2323 1399 2359 multa
1437 2323 1555 2368 bona,
1595 2324 1663 2359 sed
1701 2335 1774 2358 nec

461 2383 653 2418 debemus
687 2383 850 2418 credere
872 2394 945 2417 nec
970 2393 1197 2429 supponere
1231 2382 1278 2417 de
1302 2382 1396 2417 dato
1421 2381 1576 2428 prelato
1600 2381 1773 2428 reprobo
1789 2381 1829 2414 35

460 2441 566 2489 quod
601 2439 656 2476 sic
689 2438 780 2476 fecit
803 2438 879 2475 nisi
913 2438 1048 2487 aliquo
1072 2438 1194 2475 trium
1229 2440 1442 2476 modorum
1477 2447 1514 2475 et
1546 2437 1774 2486 specialiter

461 2511 504 2534 ex
537 2510 658 2545 opere
699 2499 904 2534 doceatur.
951 2498 1028 2533 Sed
1070 2496 1242 2534 finaliter
1276 2496 1458 2534 Christus
1491 2497 1772 2544 prophetando

460 2555 630 2604 predicit
646 2554 841 2603 apostolis
865 2555 950 2607 suis
967 2554 1191 2604 periculum
1210 2567 1252 2591 ex
1276 2554 1518 2591 comitancia
1541 2554 1772 2603 iniquorum

461 2623 497 2650 et
543 2613 784 2650 medicinam
831 2626 909 2662 qua
948 2625 971 2650 a
1008 2612 1187 2661 periculo
1226 2613 1294 2649 tali
1337 2622 1521 2649 caverent
1563 2622 1599 2649 et
1640 2613 1773 2649 hostes

461 2684 553 2708 suos
577 2671 749 2708 finaliter
773 2681 1027 2719 superarent:
1058 2671 1170 2717 Ecce,
1197 2670 1338 2719 inquit,
1363 2683 1435 2720 ego
1459 2671 1566 2706 mitto
1590 2683 1656 2706 vos
1677 2670 1773 2707 sicut
1785 2682 1830 2713 40

529 2803 557 2826 4.
580 2794 619 2821 li:
641 2793 767 2821 mundo.
850 2801 876 2827 7.
899 2793 939 2820 1›:
962 2794 1088 2821 seientes
1109 2793 1218 2821 facitis.
1299 2802 1327 2828 ς).
1349 2793 1392 2820 A:
1415 2793 1563 2828 despexit.
1639 2793 1680 2821 16.
1703 2792 1770 2820 DE:

461 2828 629 2856 sanctitatis
650 2827 721 2855 vita.
795 2836 834 2864 ¹7·
857 2828 897 2855 12:
918 2828 961 2855 Ex
983 2828 1082 2864 quoad
1106 2828 1238 2856 formam
1260 2832 1297 2855 ct.
1373 2828 1412 2855 ιδ’.
1434 2827 1458 2855 li
1478 2827 1506 2855 in
1529 2836 1643 2863 marg:
1666 2826 1771 2855 Gratis

459 2863 541 2890 dare.
633 2871 675 2899 19.
696 2862 764 2890 liii:
787 2871 861 2890 evan
875 2862 1070 2890 veiizacionis.
1161 2863 1204 2891 25.
1226 2862 1294 2889 1³13:
1316 2867 1502 2897 receperant.
1592 2861 1639 2890 26.
1659 2862 1704 2890 A:
1725 2861 1771 2889 in-

459 2897 712 2933 disposicionem.
804 2905 850 2933 29.
888 2897 940 2924 112:
962 2905 1020 2932 quc
1041 2897 1089 2924 dm
1111 2897 1201 2924 dona.
1293 2904 1341 2932 29,
1361 2895 1407 2925 30.
1428 2896 1498 2925 DE:
1519 2897 1564 2924 vel
1586 2896 1769 2932 spiritualia.

459 2931 506 2966 34.
527 2932 596 2960 DE:
617 2932 675 2961 Sed
697 2940 768 2959 non.
