1986 3380
193 297 329 326 samio
351 287 446 343 xix]
670 300 884 332 SECUNDA
913 301 1037 332 PARs.

196 406 407 442 humilium
439 404 665 441 considerat
689 413 726 441 et
749 418 822 453 pro
852 406 1032 453 exemplo
1063 406 1227 442 ecclesie
1261 405 1513 455 singulariter

195 466 392 512 exemplat
416 464 621 512 quomodo
650 471 775 499 status
806 462 1004 499 inferioris
1026 463 1238 500 infirmitas
1268 464 1513 501 considerari

196 523 324 565 debet⁷
366 523 688 570 quandocunque
734 521 939 558 humilitas
986 522 1060 558 hoc
1105 522 1291 570 requirit;
1339 532 1375 559 et
1421 536 1510 559 cum

196 589 308 627 pater
341 579 389 615 sit
424 579 583 616 Christo
623 578 662 615 in
695 579 901 616 divinitate
941 579 1052 627 prior
1091 579 1256 628 origine,
1292 582 1408 617 docet
1450 581 1509 618 cui

164 641 176 671 ὀ
196 637 450 685 singulariter
474 639 590 673 debet
613 637 776 673 attribui
802 637 1036 673 distribucio
1060 637 1150 674 talis
1176 646 1320 674 status:
1356 640 1512 682 Sedere,

196 695 336 743 inquit,
371 696 422 731 acl
454 696 636 731 dextram
678 708 800 731 meam
836 695 896 731 vel
926 696 1122 732 sinistram
1163 696 1422 745 consequitur
1462 698 1509 733 ad

195 767 318 801 opera
357 753 500 801 quibus
540 762 724 801 paratum
764 762 821 789 est
855 753 1083 789 eternaliter
1122 767 1143 790 a
1182 763 1294 802 patre
1333 767 1435 800 meo,
1471 764 1511 790 ut

197 824 238 847 ex
283 824 353 847 sua
406 811 541 858 gracia
587 820 623 846 et
668 813 972 860 quodammodo
1018 812 1230 856 occasione
1275 812 1333 848 sui
1381 813 1510 849 meriti

196 869 328 906 taliter
358 877 596 905 statuantur.
632 870 722 905 Ideo
746 878 831 905 tota
861 869 1090 905 sollicitudo
1113 870 1255 906 viantis
1288 871 1404 907 debet
1428 884 1511 907 esse

141 927 301 963 1oci1·ca
348 926 479 963 media
526 926 779 963 ministrandi
819 929 902 964 Deo
948 928 1210 964 conformiter
1248 929 1323 976 legi
1364 942 1432 965 sue
1474 938 1509 965 et

195 987 311 1021 debet
345 998 423 1020 non
458 985 641 1020 dubitare
675 984 770 1033 quin
804 998 846 1021 ex
881 986 956 1022 lide
990 986 1187 1033 premium
1223 996 1509 1035 consequetur:

194 1053 230 1079 et
270 1042 324 1079 sic
364 1043 539 1078 defectus
580 1043 670 1079 fidei
705 1045 837 1091 quoad
877 1056 1016 1080 omnes
1056 1057 1210 1080 errores
1251 1045 1414 1081 ecclesie
1454 1054 1510 1081 est

194 1101 231 1137 in
266 1114 398 1137 causa.
441 1100 479 1136 Si
516 1100 619 1137 enim
661 1102 899 1138 haberemus
932 1110 1084 1138 tantam
1121 1102 1238 1139 Iidem
1280 1116 1509 1140 remunera—

193 1158 318 1195 cionis
363 1168 398 1195 et
445 1158 743 1206 redarguci‹‘›nis
790 1159 930 1202 linalis,
976 1159 1076 1196 sicut
1122 1160 1371 1207 habebimus,
1417 1174 1506 1197 cum

141 1216 309 1253 15fuerit
348 1217 462 1252 nobis
502 1230 676 1264 presens‘,
717 1217 804 1266 quis
843 1231 923 1254 non
963 1227 1223 1265 postponeret
1257 1218 1329 1255 ista
1369 1219 1509 1256 frivola

193 1284 229 1311 et
259 1275 452 1311 niteretur
482 1276 685 1323 complere
718 1276 787 1311 Dei
820 1275 1063 1312 ministeria?
1098 1279 1184 1312 Non
1217 1277 1381 1313 dubium
1413 1278 1509 1326 quin

193 1333 294 1369 sicut
334 1333 407 1369 ista
445 1333 590 1369 veritas
636 1334 805 1369 multum
853 1347 873 1369 a
918 1334 1033 1369 nobis
1079 1334 1198 1371 distat
1243 1335 1280 1370 in
1327 1345 1508 1384 tempore

193 1391 247 1427 sic
287 1391 324 1426 in
361 1391 448 1427 fine.
491 1392 627 1439 palpet
662 1404 754 1439 ergo
793 1391 1085 1428 conscienciam
1126 1406 1237 1429 suam
1278 1393 1333 1430 sic
1373 1407 1508 1431 errans

194 1449 233 1485 in
263 1458 367 1484 statu
398 1449 562 1485 ecclesie
592 1458 628 1485 et
659 1450 855 1486 examinet
886 1450 914 1486 si
948 1463 1026 1486 non
1057 1450 1105 1486 sit
1135 1451 1283 1487 inlideli
1316 1452 1507 1497 deterior;

137 1521 177 1543 20
196 1506 341 1543 resistit
380 1507 484 1543 enim
526 1507 564 1542 in
603 1520 723 1555 opere
764 1507 952 1556 precipue
984 1508 1186 1551 Trinitath
1235 1519 1271 1546 et
1311 1511 1386 1546 hoc
1426 1524 1507 1546 non

194 1566 323 1601 solum
363 1567 413 1601 ad
452 1566 593 1601 horam
639 1579 719 1602 non
760 1566 916 1602 rediens
955 1568 1004 1603 ad
1042 1567 1188 1603 Christi
1228 1568 1506 1605 obedienciam

194 1623 233 1659 in
272 1624 553 1671 prosequendo
598 1623 812 1660 efficaciter
851 1637 1013 1660 causam
1060 1638 1187 1667 suam,
1228 1627 1296 1661 sed
1336 1626 1508 1663 finaliter

193 1690 229 1718 et
269 1682 481 1729 complete,
521 1694 567 1717 ac
605 1681 636 1717 si
677 1694 766 1718 cum
809 1682 970 1718 diabolo
1011 1692 1112 1719 esset
1149 1693 1344 1731 perpetuo
1385 1697 1506 1733 copu-

192 1740 294 1776 latus
318 1752 390 1776 nec
414 1739 622 1776 remissam
642 1739 894 1788 diligenciam
919 1741 1082 1777 adhibet
1100 1741 1139 1777 in
1163 1741 1245 1777 eius
1270 1742 1505 1788 ministerio,

135 1799 259 1834 2Ssed
298 1806 383 1834 toto
428 1797 529 1844 nisu,
568 1806 653 1834 tota
698 1798 989 1847 procuracione
1036 1808 1073 1835 et
1110 1807 1194 1835 tota
1239 1809 1507 1837 consentanea

192 1855 442 1904 cogitacione
466 1865 677 1893 consumat
701 1856 873 1893 finaliter
896 1856 935 1892 in
955 1858 1028 1894 hoc
1046 1857 1135 1894 tine.
1160 1859 1207 1893 Et
1223 1857 1329 1894 istud
1345 1858 1506 1895 indubie

191 1923 249 1951 est
282 1923 492 1962 peccatum
527 1913 677 1951 diaboli
710 1924 897 1963 quartum
932 1927 1052 1964 super
1085 1928 1164 1964 quo
1198 1916 1394 1953 Dominus
1427 1930 1506 1953 non

190 1972 369 2022 quiescit.

248 2033 329 2067 Nec
359 2039 466 2067 caret
495 2030 634 2079 religio
658 2030 980 2068 Mendicancium
1018 2032 1093 2069 ista
1124 2033 1253 2081 culpa,
1285 2045 1375 2069 cum
1405 2033 1507 2070 inter

135 2093 176 2125 30
192 2098 340 2137 septem
374 2088 631 2125 condiciones
661 2098 843 2138 apostate
879 2090 1010 2138 prima
1039 2100 1075 2127 et
1106 2091 1279 2128 maxima
1310 2100 1368 2128 est
1399 2093 1507 2140 quod

192 2156 248 2184 est
270 2147 328 2184 vir
351 2146 501 2183 inutilis
525 2155 719 2196 quantum
744 2149 793 2184 ad
817 2148 1089 2185 defensionem
1114 2162 1231 2186 cause
1254 2149 1339 2195 Dei,
1370 2163 1507 2198 ymmo

190 2217 410 2254 procurans
456 2217 652 2242 consensu
696 2205 908 2254 multiplici
947 2209 1055 2255 quod
1093 2219 1214 2244 causa
1253 2207 1414 2257 dyaboli
1459 2208 1508 2244 sit

191 2272 396 2312 promota;
436 2276 528 2300 nam
569 2263 701 2312 primo
742 2273 932 2312 procurat
972 2267 1192 2302 secundum
1232 2279 1347 2302 suum
1386 2278 1507 2314 appe-

190 2321 307 2358 titum
336 2321 582 2367 sensitivum,
606 2330 649 2357 ut
673 2324 893 2358 secundum
925 2323 1137 2371 dignitates
1161 2325 1222 2360 vel
1243 2324 1506 2372 voluptuosos

135 2383 173 2416 35
190 2388 315 2416 status
354 2379 477 2416 seculi
516 2380 749 2427 exaltentur,
788 2389 1065 2418 verumtamen
1112 2395 1203 2418 cum
1243 2390 1327 2418 tota
1365 2381 1506 2430 religio

191 2437 408 2474 christiana
442 2437 481 2473 in
517 2437 651 2474 radice
682 2438 859 2487 Baptiste
887 2440 948 2476 vel
975 2441 1081 2476 nude
1109 2440 1149 2476 in
1178 2440 1312 2477 radice
1343 2440 1507 2476 Domini

190 2496 239 2532 sit
271 2496 438 2532 fundata
476 2504 512 2532 et
545 2496 685 2532 fratres
725 2497 894 2545 predicti
934 2497 1126 2534 ieiunium
1166 2507 1203 2535 et
1245 2497 1504 2546 penalitatem

190 2554 393 2600 simulant,
440 2555 584 2590 debent
636 2556 845 2591 heremum
896 2556 1027 2592 colere
1079 2569 1169 2593 cum
1215 2556 1396 2605 Baptista
1445 2557 1505 2593 vel

191 2612 332 2648 saltem
372 2625 446 2660 pro
485 2612 714 2649 defensione
752 2613 931 2650 veritatis
970 2627 1096 2663 usque
1134 2616 1185 2651 ad
1224 2623 1396 2651 mortem
1437 2623 1505 2651 aut

131 2683 175 2715 40
192 2669 274 2706 eius
302 2669 582 2718 publicacione
611 2670 750 2708 sistere
778 2671 959 2708 animose
989 2674 1057 2709 sed
1086 2682 1294 2722 tamquam
1325 2674 1373 2709 ab
1397 2681 1505 2708 utra-

260 2791 287 2820 6.
308 2793 352 2820 A:
374 2800 474 2820 meam
494 2792 588 2820 deest.
680 2793 720 2821 18.
741 2793 811 2822 DE:
831 2794 862 2822 in
882 2794 949 2822 fide.
1041 2803 1083 2834 19.
1104 2796 1148 2823 A:
1169 2799 1281 2823 exaret.
1372 2802 1411 2822 21.
1432 2794 1504 2822 AE:

191 2835 251 2854 non
272 2827 365 2854 deest.
448 2826 491 2855 23.
512 2828 581 2856 DE:
602 2836 636 2856 ac
656 2829 818 2868 complete.
899 2830 941 2858 25.
962 2829 1032 2857 DE:
1053 2839 1084 2858 in
1104 2834 1186 2866 tot03
1215 2831 1256 2858 ib.
1278 2831 1323 2858 A:
1345 2829 1504 2868 perturba-

190 2862 286 2889 cione.
368 2863 414 2890 26.
435 2863 480 2890 A:
500 2867 701 2891 consumant·
731 2864 772 2891 ὼ.
792 2863 818 2891 D
839 2863 870 2892 in
890 2872 1004 2900 marg:
1025 2865 1114 2892 Prov.
1129 2865 1183 2893 VI.
1267 2873 1314 2900 29.
1330 2866 1375 2894 A:
1397 2864 1504 2899 religlo

190 2896 396 2925 mendacium.
467 2895 511 2925 33.
529 2898 572 2937 E:
593 2906 665 2926 nam
685 2884 787 2933 deest;
817 2898 858 2926 ib.
878 2900 922 2926 A:
944 2904 1121 2935 procurant.
1200 2898 1244 2936 37.
1265 2901 1311 2927 A:
1331 2899 1368 2927 ad
1390 2898 1505 2934 penali-

189 2935 299 2966 tatem;
320 2931 359 2959 E:
381 2939 415 2959 ae
436 2932 640 2967 penalitatem.

1727 296 1798 340 143

1548 2038 1651 2066 Faults
1673 2040 1707 2066 os
1723 2040 1772 2067 the

1558 2074 1759 2101 mendicamus.
