1986 3380
209 295 343 324 SERMO
360 286 513 344 imvm]
680 297 895 330 SECUNDA
921 297 1047 328 PARS.

209 406 413 455 Numquid
459 415 550 442 sunt
595 414 636 442 ut
674 406 729 442 sic
773 415 855 442 tam
897 403 1070 440 dominis
1111 416 1230 450 quam
1273 403 1520 450 simplicibus

208 465 288 501 suis
326 465 552 501 tenentibus
593 463 776 501 onerosi?
820 465 868 499 Et
900 470 1009 511 patet
1048 474 1136 498 cum
1175 460 1215 496 in
1248 460 1407 497 Christo
1440 474 1520 497 non

208 532 299 559 sunt
331 530 386 559 est
418 531 455 559 et
488 536 574 566 non,
607 523 714 570 quod
748 522 890 557 fratres
922 533 1003 556 non
1027 531 1070 555 ex
1094 518 1333 555 auctoritate
1357 519 1520 555 Domini

207 581 263 617 sic
297 580 527 617 mendicant
561 589 597 616 et
636 592 706 628 per
738 579 843 615 idem
882 591 964 614 non
1003 590 1046 614 ex
1086 576 1326 613 auctoritate
1359 576 1521 613 Domini

174 638 340 675 5taliter
373 639 677 685 conglobantur.
712 639 759 672 Et
792 645 901 684 patet
925 644 1071 685 quante
1099 643 1156 671 est
1189 634 1322 671 valida
1354 635 1520 671 fratrum

209 696 460 733 mendicacio
494 696 747 736 detestanda3
783 703 819 730 et
852 707 922 742 per
956 694 1062 730 idem
1097 692 1422 729 mendicaciones
1447 693 1522 729 alie

209 763 245 791 et
269 754 536 790 fraternitates
561 766 605 790 ac
629 752 841 789 societates
866 753 1020 788 novelle
1044 764 1119 799 que
1154 752 1202 787 ab
1226 750 1302 787 ista
1333 750 1523 797 voragine

209 812 496 860 exemplantur,
531 811 570 847 in
603 819 759 847 tantum
794 811 901 858 quod
932 810 1158 858 superiores
1183 809 1335 845 domini
1360 817 1523 856 captant

209 870 284 906 sibi
300 869 405 906 circa
429 870 576 906 collum
601 869 662 905 vel
687 868 864 913 brachia,
889 877 931 904 ut
955 867 1047 904 fecit
1070 867 1232 903 fatuitas
1256 867 1353 915 legis
1376 866 1520 903 veteris

154 943 192 963 10
208 928 467 976 perishelides
500 928 561 964 vel
594 927 672 964 alia
705 934 956 962 ornamenta.

1731 289 1804 333 345

265 989 346 1022 Nec
380 985 545 1022 dubium
581 985 676 1033 quin
708 993 813 1021 secte
846 983 1041 1020 novitates
1077 983 1307 1019 huiusmodi
1341 982 1522 1019 introdu-
1561 989 1665 1016 Frinrs
1687 994 1733 1016 trv
1754 994 1784 1016 ιο

208 1053 314 1089 cunt,
349 1056 421 1080 nec
454 1052 545 1080 sunt
569 1042 771 1080 evidencie
805 1043 973 1078 fratrum
998 1043 1044 1077 de
1069 1041 1373 1078 mendicacione
1406 1041 1522 1088 digne
1538 1059 1572 1085 be

208 1102 415 1138 memoria.
462 1104 562 1138 Nam
603 1102 690 1137 Joh.
731 1102 800 1137 IVs‘
841 1100 994 1147 fingunt
1034 1098 1252 1135 Dominum
1293 1098 1522 1135 mendicare

206 1162 368 1209 quando
414 1172 534 1208 super
578 1160 730 1196 fontem
776 1158 957 1207 precepit
1002 1157 1255 1194 Samaritane
1308 1157 1382 1193 sibi
1428 1159 1522 1193 dare

153 1218 353 1255 15bibere.
402 1221 413 1254 Ι
456 1219 547 1255 Cor.
596 1217 739 1254 ultimo
778 1216 935 1253 videtur
973 1216 1215 1264 Apostolum
1262 1228 1335 1264 pro
1375 1215 1521 1251 sanctis

205 1277 423 1313 Jerusalem
471 1276 720 1312 mendicasse
760 1283 796 1311 et
837 1276 942 1311 Luce
980 1276 1087 1310 XV10
1128 1286 1172 1310 ex
1217 1273 1522 1310 mendicacione

209 1337 380 1371 Lazarus
404 1335 724 1371 commendatur.
750 1334 863 1369 Unde
882 1332 1049 1369 Matthei
1073 1333 1197 1367 XXVO
1223 1332 1318 1368 dixit
1342 1331 1523 1368 Christus

207 1395 313 1441 quod
360 1392 522 1429 esurivit
565 1401 602 1428 et
648 1392 869 1428 secundum
913 1391 1087 1427 formam
1129 1402 1207 1438 qua
1246 1389 1286 1426 in
1332 1390 1523 1426 membris

207 1451 286 1487 suis
320 1450 473 1499 accepit
514 1449 775 1487 elemosinam
810 1448 883 1485 sibi
918 1449 1110 1485 dederant
1144 1449 1402 1484 manducare.
1438 1450 1523 1493 Que

147 1509 420 1557 2o(inquiunt)
467 1517 524 1545 est
570 1506 824 1544 dissonancia
870 1507 1003 1543 taliter
1049 1505 1290 1551 mendicare‘,
1345 1519 1435 1542 cum
1481 1518 1525 1542 ex

206 1576 317 1603 tanta
350 1566 590 1603 auctoritate
629 1564 895 1614 processerit?
929 1565 1005 1601 Sed
1046 1573 1155 1612 patet
1189 1576 1231 1599 ex
1266 1564 1382 1600 dictis
1416 1565 1524 1612 quod

206 1634 262 1662 est
302 1624 432 1661 simile
471 1637 516 1661 ac
549 1624 580 1661 si
621 1624 782 1660 insanus
816 1631 1001 1671 argueret
1034 1623 1142 1671 quod
1180 1622 1272 1658 licet
1311 1634 1351 1658 se
1392 1622 1523 1670 ipsum

205 1683 400 1729 occidere,
436 1683 530 1731 quia
553 1682 736 1719 Christus
761 1693 917 1717 summe
942 1680 1145 1717 meritorie
1170 1692 1209 1716 se
1233 1680 1399 1726 occidit;
1434 1693 1524 1716 cum

206 1741 311 1778 enim
352 1741 532 1778 Christus
572 1740 621 1777 sit
660 1742 779 1786 Deus,
819 1747 929 1788 patet
969 1740 1077 1787 quod
1111 1747 1270 1787 oportet
1305 1740 1525 1775 concedere

149 1803 188 1836 25
204 1800 339 1848 ipsum
366 1800 496 1836 facere
521 1811 639 1836 omne
663 1810 778 1846 opus,
812 1807 847 1834 et
871 1809 940 1846 per
965 1797 1214 1846 consequens
1237 1796 1338 1833 sicut
1362 1796 1523 1842 occidit,

203 1858 334 1895 vivere
371 1857 478 1904 facit,
519 1856 692 1906 percutit
732 1865 768 1892 et
807 1864 934 1901 sanat,
976 1855 1031 1892 sic
1064 1868 1104 1891 se
1143 1855 1273 1903 ipsum
1308 1855 1524 1891 occiderat.

206 1918 284 1953 Sed
316 1924 427 1952 notet
460 1915 658 1952 hereticus
692 1915 853 1962 plenam
888 1913 1192 1950 similitudinem
1235 1922 1271 1949 et
1305 1925 1526 1961 congruen-

207 1974 309 2011 ciam
356 1983 392 2010 et
436 1973 556 2010 faciat
601 1981 798 2022 quantum
843 1980 975 2020 potest
1021 1971 1224 2015 similiter3
1269 1971 1525 2020 particularis

207 2041 340 2069 autem
375 2032 527 2068 solucio
561 2031 732 2068 istorum
766 2039 876 2079 patet
910 2029 1050 2066 diffuse
1083 2029 1193 2066 alibi.

150 2164 191 2196 30
661 2144 855 2185 SERMO
889 2145 1074 2185 XLVIII.

266 2231 380 2267 Dixit
400 2230 512 2266 Jesus
540 2229 662 2265 turbis
682 2229 894 2264 Judeorum
931 2235 966 2264 et
992 2228 1233 2277 principibus
1267 2228 1525 2264 sacerdotum.

209 2291 314 2326 Luce
346 2290 432 2333 XI⁰‚
470 2298 536 2335 29.

265 2349 352 2384 Hoc
392 2345 640 2394 evangelium
682 2353 725 2380 ut
757 2343 895 2392 priora
928 2345 1045 2380 docet
1078 2343 1285 2391 quomodo
1318 2354 1444 2390 usque
1477 2343 1527 2378 ad

207 2404 444 2453 martyrium
490 2412 581 2440 sunt
624 2402 778 2439 inimici
823 2401 988 2438 ecclesie
1036 2400 1241 2449 arguendi.
1283 2400 1383 2436 Sunt
1422 2400 1526 2436 enim

149 2465 190 2498 35
207 2465 286 2499 duo
315 2475 461 2511 genera
490 2475 512 2498 a
540 2460 741 2510 principio
772 2459 912 2496 mundi
934 2471 1060 2507 usque
1084 2460 1134 2495 ad
1159 2459 1278 2494 finem
1304 2457 1526 2495 contraria:

206 2521 382 2570 primum
406 2533 528 2569 genus
552 2520 771 2556 electorum
796 2520 844 2555 ab
861 2519 989 2554 Adam
1016 2517 1210 2566 incipiens
1230 2526 1267 2553 et
1283 2517 1526 2553 descendens

275 2628 300 2649 2.
322 2621 390 2648 DE:
423 2620 488 2647 suis
508 2619 684 2646 tenentibus
705 2620 800 2646 deest.
938 2618 962 2646 5.
984 2617 1052 2646 DE:
1085 2617 1128 2644 sic
1149 2617 1390 2652 conglobantm·;
1420 2616 1460 2643 ib.
1483 2616 1525 2643 D:

206 2660 338 2691 quarum
368 2655 392 2682 E
413 2655 560 2682 correxit:
591 2654 760 2690 quomodo.
880 2661 913 2680 11.
935 2653 959 2680 Ι)
982 2653 1011 2680 in
1034 2660 1148 2687 marg:
1179 2652 1290 2679 Utrum
1312 2651 1456 2679 Christus
1477 2655 1528 2678 ant

207 2691 368 2725 apostolus
389 2690 586 2717 mendicavit.
686 2697 725 2724 17.
748 2688 791 2716 D:
812 2687 939 2722 Lazari3
960 2687 984 2715 E
1005 2687 1148 2714 correxit.
1250 2685 1292 2713 23.
1315 2686 1339 2713 Ε
1359 2686 1389 2713 in
1411 2694 1526 2720 marga

206 2726 297 2753 Nota.
372 2732 417 2758 24.
432 2724 503 2752 DE:
524 2724 691 2751 concedere
712 2723 806 2750 deest.
880 2721 919 2750 31.
941 2723 970 2750 A
989 2722 1019 2750 in
1041 2729 1155 2756 marg:
1177 2721 1307 2753 XLVII3
1330 2721 1354 2747 D
1375 2720 1405 2748 in
1429 2729 1526 2756 marg.

208 2769 289 2788 man.
311 2764 423 2788 recent.
445 2759 554 2793 (falseux
577 2759 697 2786 XLVII.
771 2757 818 2786 36.
839 2757 863 2784 Ε
883 2757 914 2784 in
936 2765 1051 2793 marg:
1075 2756 1181 2784 Genus
1202 2757 1379 2783 electorum.

282 2843 333 2864 10.
361 2832 464 2863 Num.
491 2832 615 2871 XXXI,
645 2830 698 2862 50.
725 2832 768 2863 Is.
795 2831 851 2870 ΙΙΙ,
881 2839 932 2861 2o.
1008 2829 1060 2861 31.
1087 2830 1138 2862 Cf.
1159 2828 1318 2871 Wyclif’s
1347 2829 1527 2868 Sermom,

211 2879 266 2911 ed.
296 2878 343 2921 by
369 2879 515 2917 Arnoffl,
546 2879 568 2916 Ι,
595 2888 673 2920 pag.
701 2877 894 2920 239—242.
987 2875 1039 2908 32.
1060 2877 1223 2917 Vulgare:
1256 2873 1382 2907 Turbis
1407 2879 1526 2907 autem

207 2925 496 2958 concurrentibus
521 2925 633 2967 coepit
659 2924 787 2956 dicere.

1574 1024 1677 1063 jus-lisy
1689 1022 1777 1063 'their-

1577 1068 1668 1094 ggmg
1688 1067 1716 1085 ln
1734 1067 1812 1085 vani.
