1986 3380
196 290 331 319 SERMO
347 279 472 337 xxm]
664 289 875 323 SECUNDA
901 288 1026 320 PARS.

249 401 297 436 Et
330 400 449 436 istum
485 411 642 435 sensum
676 396 831 433 videtur
854 397 1050 442 Averroys
1084 394 1281 439 habuisse,
1316 394 1503 441 ponendo

191 459 358 495 eandem
399 456 573 493 animam
614 468 697 491 esse
730 454 910 491 omnium
945 452 1168 497 hominum,
1203 465 1281 487 non
1315 452 1422 500 quod
1456 451 1503 486 sit

191 529 362 565 persona
408 514 680 561 cuiuscunque
725 511 899 548 hominis
937 511 998 548 vel
1037 523 1129 558 pars
1175 510 1258 546 eius
1297 512 1366 546 sed
1405 522 1505 545 unus

191 574 353 622 spiritus
382 572 455 608 toti
484 584 597 620 spere
627 569 949 618 corruptibilium
975 569 1199 616 copulatus,
1225 576 1261 604 et
1284 569 1503 604 secundum

158 631 503 680 §disposicionem
536 629 712 665 variatur
744 627 900 665 virtutis
934 626 1145 675 cogitative
1179 627 1352 662 humane
1385 638 1505 674 quam

191 690 326 738 posuit
352 688 527 725 animam
558 687 731 723 hominis
755 686 961 734 propriam
993 694 1029 721 et
1059 685 1270 721 mortalem
1295 683 1506 731 dispariter

192 761 283 785 cum
315 746 476 783 homine
510 744 702 793 copulari.
743 746 791 780 Et
824 745 896 780 hec
930 744 1150 780 secundum
1185 755 1274 778 eum
1309 751 1365 778 est
1398 740 1506 777 racio

192 818 315 854 quare
344 818 445 840 unus
475 805 597 840 homo
629 802 783 850 reliquo
814 801 940 849 magis
964 800 1160 848 intelligit.
1196 799 1349 836 Fideles
1373 808 1506 836 autem

192 872 347 913 ponunt
400 863 506 910 quod
561 874 642 897 non
695 859 834 896 infima
884 858 1154 906 intelligencia
1207 859 1274 894 sed
1327 870 1507 893 summus

139 936 176 956 10
192 921 354 970 spiritus
394 920 607 968 copulatur
646 931 735 955 cum
778 918 941 954 homine
982 926 1018 953 et
1051 925 1092 953 ut
1126 916 1199 952 sibi
1234 915 1429 964 placuerit
1463 927 1508 951 ac

191 980 231 1016 in
281 978 531 1016 naturalibus
584 977 714 1025 ipsum
771 975 1025 1024 disposuerit,
1072 975 1201 1023 ipsum
1248 973 1509 1022 spiritualiter

192 1037 392 1074 illuminat
437 1045 473 1072 et
520 1037 586 1072 dat
625 1034 849 1083 spiritualia
889 1035 994 1070 dona
1040 1045 1122 1069 sua.
1175 1034 1297 1069 Error
1337 1045 1430 1079 ergo
1470 1031 1510 1067 in

192 1096 269 1132 fide
292 1096 340 1132 de
363 1093 667 1130 immortalitate
691 1092 823 1129 anime
847 1093 952 1140 apud
976 1091 1239 1139 philosophos
1262 1099 1339 1126 stat
1362 1089 1508 1138 partim

192 1154 232 1190 in
254 1152 566 1202 equivocacione
589 1160 624 1188 et
646 1150 792 1199 partim
816 1150 855 1186 in
876 1149 1114 1186 infidelitate
1133 1150 1180 1185 de
1197 1147 1508 1185 resurreccione.

139 1214 431 1260 15Ignorarunt
465 1210 569 1247 enim
605 1210 711 1258 quod
744 1221 917 1257 persona
950 1207 1137 1252 hominis,
1169 1220 1244 1256 que
1268 1216 1325 1243 est
1349 1205 1510 1254 spiritus

193 1269 447 1315 immortalis,
479 1270 529 1305 ad
553 1277 710 1316 tempus
734 1267 947 1315 copulatur
971 1279 1060 1303 cum
1092 1278 1261 1313 corpore
1290 1265 1510 1301 secundum

193 1328 408 1365 limitatam
448 1326 660 1375 periodum
695 1338 773 1374 qua
814 1326 942 1361 celum
983 1324 1113 1372 ipsum
1155 1323 1317 1372 respicit
1351 1332 1387 1359 et
1420 1331 1511 1370 post

195 1388 245 1423 ad
289 1395 446 1434 tempus
492 1385 697 1421 modicum
744 1392 877 1419 manet
917 1383 955 1419 in
1000 1382 1247 1418 beatitudine
1290 1382 1350 1418 vel
1395 1394 1510 1429 pena.

195 1447 243 1481 Et
263 1444 387 1480 tercio
410 1443 449 1480 in
474 1442 581 1479 finali
604 1441 752 1478 iudicio
776 1441 1011 1478 reuniuntur
1034 1442 1104 1476 hec
1128 1449 1263 1476 atoma
1286 1438 1512 1487 corporalia

137 1515 180 1537 20
196 1502 422 1550 ubicunque
462 1501 641 1549 dispersa
679 1499 826 1536 fuerint
866 1507 902 1536 et
941 1499 1044 1535 idem
1085 1498 1248 1546 spiritus
1292 1499 1511 1534 secundum

196 1559 516 1609 complexionem
556 1558 876 1595 indissolubilem
917 1570 1007 1593 cum
1047 1569 1217 1604 corpore
1258 1555 1438 1592 reunitur
1476 1564 1513 1591 et

196 1620 414 1656 secundum
457 1619 565 1666 quod
606 1616 750 1653 meruit
791 1615 1045 1652 beatificatur
1082 1615 1122 1650 in
1163 1616 1302 1651 eadem
1341 1626 1514 1662 persona

195 1686 392 1726 perpetuo
431 1676 493 1712 vel
532 1675 708 1723 punitur.
753 1676 902 1710 Notata
950 1686 1044 1721 ergo
1089 1673 1163 1709 ista
1202 1672 1514 1720 equivocacione

197 1744 307 1784 patet
351 1736 459 1783 quod
506 1733 612 1770 idem
659 1741 716 1769 est
761 1731 967 1768 hominem
1008 1731 1171 1779 diligere
1216 1729 1513 1767 animacionem

141 1796 178 1828 25
197 1807 324 1839 suam,
364 1794 440 1829 hoc
485 1800 555 1838 est,
596 1793 705 1840 quod
750 1789 1015 1838 corporaliter
1059 1788 1260 1825 animetur
1303 1797 1340 1824 et
1384 1788 1514 1836 ipsum

198 1851 362 1900 diligere
402 1851 510 1899 quod
549 1862 694 1898 corpus
734 1848 864 1897 ipsum
906 1848 956 1884 sit
994 1847 1154 1884 realiter
1193 1859 1339 1894 corpus
1378 1858 1515 1891 suum;

196 1923 291 1947 nam
336 1921 507 1958 persona
551 1908 657 1944 illius
703 1907 866 1956 spiritus
911 1919 991 1942 non
1030 1914 1087 1942 est
1126 1917 1322 1954 corporea
1359 1903 1435 1940 nisi
1474 1912 1516 1939 ut

198 1969 418 2005 secundum
452 1975 586 2003 actum
620 1966 741 2002 talem
775 1977 921 2013 corpus
953 1963 1141 2000 induerit.
1176 1965 1268 2000 Ideo
1302 1961 1517 1999 infideliter

199 2035 308 2063 amat
331 2025 620 2074 proprietatem
656 2023 722 2072 qui
756 2024 844 2072 plus
876 2031 985 2059 amat
1015 2023 1122 2071 quod
1157 2034 1303 2069 corpus
1336 2020 1376 2057 in
1409 2019 1516 2056 brevi

143 2085 184 2117 30
201 2092 407 2121 momento
451 2083 500 2119 sit
540 2095 685 2131 corpus
730 2094 846 2118 suum
892 2093 1013 2129 quam
1061 2081 1169 2129 quod
1213 2078 1377 2128 spiritus
1423 2091 1518 2114 suus

199 2143 260 2180 vel
300 2141 471 2190 proximi
511 2149 706 2189 perpetuo
747 2139 796 2176 sit
836 2139 1029 2185 salvatus;
1070 2147 1106 2175 et
1148 2138 1275 2174 multo
1314 2136 1515 2173 infidelius

201 2209 310 2238 amat
338 2200 423 2248 ipse
452 2199 742 2248 proprietatem
767 2197 834 2246 qui
867 2197 1027 2233 affectat
1056 2198 1162 2233 bona
1191 2196 1351 2233 fortune
1380 2196 1518 2232 adesse

201 2271 269 2296 sue
292 2257 457 2295 abbacie
479 2258 540 2294 vel
569 2265 673 2294 secte
697 2269 818 2305 quam
842 2257 950 2304 quod
981 2263 1115 2292 currat
1138 2254 1240 2291 inter
1269 2252 1518 2290 christicolas

205 2316 415 2353 ordinacio
449 2315 545 2364 legis
563 2314 740 2352 Christi.

146 2377 185 2410 35
259 2376 320 2411 Ad
370 2374 547 2423 primum
593 2373 755 2422 quidem
807 2380 864 2409 est
908 2371 1120 2408 instinctus
1172 2378 1314 2407 nature
1357 2370 1426 2406 sed
1470 2369 1521 2405 ad

202 2434 422 2470 secundum
473 2432 616 2481 planus
666 2430 878 2468 instinctus
929 2438 1081 2476 satane,
1126 2429 1297 2477 ideoque
1347 2425 1522 2464 avaricia

273 2575 294 2594 ι.
315 2567 359 2594 A:
381 2566 503 2593 videtur
523 2566 617 2593 deest.
726 2564 751 2592 3.
773 2564 842 2592 DE:
865 2564 918 2591 sed
940 2563 1090 2591 videlicet.
1199 2572 1228 2597 4.
1251 2563 1321 2591 DE:
1343 2562 1396 2590 toti
1417 2570 1520 2597 opere.

205 2602 229 2629 5.
251 2601 290 2629 E:
312 2601 485 2636 cogitarem.
499 2601 525 2634 (1)
616 2600 641 2633 5,
663 2600 690 2627 6.
713 2599 782 2627 DE:
804 2608 897 2634 quam
919 2603 1048 2634 ponunt.
1134 2607 1162 2634 9.
1185 2598 1254 2625 DE:
1275 2597 1393 2625 infinita
1414 2597 1522 2624 intelli-

205 2636 321 2672 gencia.
402 2644 431 2671 9,
454 2644 494 2663 10.
517 2635 585 2662 DE:
608 2643 730 2662 summa
751 2634 843 2661 Deus.
926 2642 966 2660 10.
988 2634 1016 2661 A
1036 2633 1067 2661 in
1089 2642 1204 2667 marg:
1225 2632 1250 2660 3.
1326 2640 1364 2659 12.
1386 2632 1430 2659 A:
1453 2640 1521 2666 spe-

205 2671 302 2698 cialia.
432 2669 468 2698 13.
490 2670 560 2697 DE:
583 2670 783 2702 mortalitatc;
811 2668 851 2696 ib.
873 2669 902 2696 A
922 2668 951 2695 in
974 2677 1087 2703 marg:
1110 2668 1245 2703 Spiritus
1266 2667 1453 2695 immortalis
1474 2670 1520 2693 est

205 2714 337 2741 persona
351 2705 504 2739 hominis3
527 2705 549 2732 E
568 2704 599 2732 in
620 2713 734 2740 marg:
755 2703 851 2731 Error
871 2703 908 2730 de
929 2703 1113 2731 mortalitate
1128 2702 1233 2730 animi.
1292 2703 1326 2729 15.
1342 2702 1411 2728 DE:
1432 2702 1522 2736 Igno-

206 2745 290 2773 rant;
321 2740 412 2778 ib·.A
431 2740 461 2767 in
484 2748 598 2775 marg:
620 2748 646 2767 a.
756 2739 797 2766 16.
818 2739 847 2766 A
866 2738 897 2766 in
919 2747 1033 2774 marg:
1058 2739 1085 2766 b.
1195 2746 1236 2773 19.
1258 2737 1287 2764 A
1309 2737 1337 2764 in
1361 2744 1474 2770 marg:
1497 2743 1521 2762 c.

205 2783 252 2802 20.
272 2774 342 2802 DE:
363 2776 496 2802 fuerunt.
570 2782 610 2802 21*
632 2775 676 2802 A:
699 2773 923 2801 dissolubilem.
1007 2781 1049 2800 22.
1071 2773 1140 2800 DE:
1161 2772 1191 2799 in
1214 2772 1308 2799 deest.
1382 2771 1427 2798 28.
1449 2770 1472 2797 E
1493 2770 1522 2797 in

206 2818 325 2872 &aggf³
341 2808 432 2836 Nota.
490 2808 532 2837 33.
548 2810 592 2837 A:
616 2809 661 2837 sui
678 2807 836 2842 abbathie3
858 2807 897 2835 ib.
915 2808 959 2835 A:
980 2807 1010 2834 in
1026 2807 1239 2841 christicolas3
1261 2806 1301 2833 ib.
1316 2805 1390 2833 Ain
1407 2813 1521 2839 marg:

238 2852 287 2871 oa
329 2852 394 2871 ene.

280 2927 306 2948 1.
333 2915 387 2947 Cf.
406 2915 626 2958 Trialogum‚
652 2925 729 2958 pag.
762 2914 843 2946 106.

1710 289 1787 324 217

1620 1097 1704 1124 Win-

1556 1128 1774 1167 philomphcrs

1553 1175 1601 1193 err
1622 1175 1654 1193 as
1676 1171 1704 1192 to
1726 1166 1774 1192 the

1536 1201 1736 1234 immortality
1758 1200 1791 1227 os

1590 1237 1639 1263 the
1661 1237 1737 1263 soul.
