1986 3380
201 275 335 303 SERMO
358 264 436 322 m]
674 276 890 310 SECUNDA
916 275 1041 307 PARS.

200 387 344 422 ardore
373 384 473 433 ignis
502 384 623 421 divini
648 396 693 420 ac
717 384 815 420 flatu
838 382 1010 432 Spiritus
1034 381 1169 418 Sancti
1193 391 1517 429 companguntur

201 452 237 479 et
276 455 395 491 super
426 442 558 479 nivem
592 443 640 479 ab
673 442 874 490 opacitate
912 440 1066 489 peccati
1108 440 1356 476 dealbantur.
1404 441 1517 476 Unde

199 510 343 538 natura
388 513 515 550 aquea
554 500 594 536 in
644 499 697 536 eis
736 499 995 548 incorporata
1034 497 1232 546 significat
1271 497 1514 545 sapienciam

199 559 441 604 increatam3
471 560 579 607 quod
602 559 709 594 Beda
734 558 829 594 dicit
852 570 922 606 per
944 557 1042 593 illud
1066 557 1131 604 (IV
1150 558 1242 603 Reg.
1267 557 1336 603 Ils')
1365 555 1517 591 mistice

166 618 412 665 Sfiguratum
449 618 610 665 quando
643 629 745 664 aque
778 625 916 652 sanate
949 623 1039 652 sunt
1070 627 1114 651 ex
1146 612 1393 650 immissione
1425 614 1516 650 salis

199 675 238 711 in
277 688 343 711 vas
382 674 558 722 positum
599 676 647 711 ad
688 687 881 723 aquarum
924 673 1083 718 exitum,
1122 672 1178 709 sic
1217 673 1325 720 quod
1364 672 1421 708 sal
1461 680 1517 707 est

199 733 345 769 Christi
377 732 574 775 divinitas,
605 745 672 769 vas
703 732 784 768 eius
814 732 1056 777 humanitas,
1087 730 1181 767 salis
1211 729 1423 778 imposicio
1461 738 1516 765 est

200 790 345 827 Christi
384 790 628 836 incarnacio,
669 790 823 839 posicio
862 791 901 826 in
941 799 1117 827 extremo
1156 800 1258 837 aque
1298 796 1354 824 est
1393 787 1516 823 tribu-

198 848 365 885 lacionis
390 848 706 885 consummacio.
740 850 854 897 Aque
878 848 1094 884 mundacio
1119 855 1175 884 est
1198 846 1337 895 populi
1371 845 1516 882 sancti-

143 921 183 943 10
200 907 359 952 ficaci03
383 907 488 943 unde
511 906 605 955 quia
629 907 668 943 in
691 907 901 943 oblacione
925 905 1141 955 requiritur
1161 918 1265 953 aqua
1287 903 1517 941 devocionis

199 974 234 1001 et
267 965 398 1001 fervor
431 964 621 1010 caritatis,
655 965 746 1002 ideo
775 964 996 1013 precipitur
1027 963 1300 1009 <Levitici110)
1334 962 1373 998 in
1406 962 1515 998 omni

197 1022 395 1059 sacrificio
419 1023 477 1059 sal
500 1022 647 1059 offerri.
675 1024 787 1059 Unde
811 1023 904 1071 quia
928 1031 1087 1071 oportet
1110 1034 1271 1059 omnem
1296 1021 1515 1057 humanam

196 1081 410 1118 scienciam
461 1080 662 1129 sapiencia
712 1081 898 1129 regulari,
951 1081 1041 1117 ideo
1085 1079 1257 1129 precipit·
1298 1078 1516 1127 Apostolus

198 1140 282 1175 Col.
308 1140 392 1185 IV0,
418 1140 440 1176 6
466 1141 574 1188 quod
607 1152 735 1176 sermo
768 1147 894 1176 vester
925 1140 974 1176 sit
1006 1139 1086 1175 sale
1119 1138 1305 1175 conditus.

144 1201 179 1233 15
255 1197 341 1234 Alie
365 1206 499 1234 autem
524 1197 981 1246 quatuorproprietates
1007 1196 1161 1233 mistice
1186 1197 1331 1232 debent
1352 1194 1515 1243 prelatis

197 1264 438 1304 competere,
485 1269 574 1292 cum
620 1257 669 1292 ad
714 1257 789 1293 hoc
827 1270 849 1293 a
886 1268 988 1304 puro
1027 1255 1121 1301 sale,
1162 1254 1200 1290 id
1246 1263 1315 1299 est,
1357 1253 1516 1290 Christo

197 1314 474 1361 coagulantur,
530 1313 585 1350 sic
638 1314 776 1362 sapide
827 1323 868 1350 ut
917 1313 1082 1352 terrenis
1127 1313 1326 1349 inhiantes
1369 1311 1518 1348 faciant

195 1371 440 1408 sterilescere
485 1374 619 1421 quoad
669 1373 863 1410 secularia
918 1371 1116 1409 desideria
1167 1370 1300 1407 radice
1355 1382 1518 1406 corrosa

198 1431 279 1466 sale
303 1430 489 1466 desiderii
523 1430 678 1467 celestis
712 1431 817 1468 iuxta
850 1431 947 1467 illud
981 1430 1075 1479 (Titi
1109 1432 1177 1476 110,
1209 1429 1291 1475 11):
1325 1428 1519 1478 Apparuit

140 1502 183 1524 20
196 1489 412 1539 benignitas
440 1489 587 1525 Christi
615 1490 795 1526 erudiens
827 1502 908 1535 nos,
941 1497 980 1525 ut
1017 1489 1253 1539 abnegantes
1285 1487 1515 1536 impietatem

196 1554 231 1583 et
273 1547 464 1583 secularia
510 1547 702 1584 desideria
747 1548 886 1594 sobrie,
940 1548 1036 1584 iuste
1080 1554 1114 1583 et
1153 1547 1217 1596 pie
1263 1546 1437 1581 vivamus
1481 1545 1516 1580 in

195 1605 266 1641 hoc
296 1605 435 1641 seculo.
472 1607 574 1642 Nam
607 1606 665 1642 sal
698 1606 898 1654 sapiencie
932 1605 1125 1642 ruditates
1154 1613 1329 1641 vetustas
1363 1603 1516 1652 peccati

194 1662 386 1700 radicitus
416 1663 606 1706 eradicat,
634 1672 670 1700 et
694 1665 741 1700 de
764 1673 876 1700 tanto
906 1663 1102 1700 secularia
1126 1662 1323 1699 desideria
1345 1662 1516 1698 steriles-

197 1729 302 1758 cunt.
337 1721 401 1758 Sic
424 1721 529 1758 enim
553 1723 698 1758 debent
722 1722 865 1770 prelati
886 1722 1044 1758 inutiles
1066 1722 1224 1770 plantas
1251 1720 1514 1757 affeccionum

139 1783 178 1816 25
197 1780 363 1817 evellere
409 1788 446 1816 et
485 1780 661 1818 sinceras
699 1781 864 1818 virtutes
910 1781 1083 1817 inserere
1128 1780 1235 1816 iuxta
1276 1779 1373 1815 illud
1411 1781 1516 1815 Jere-

197 1838 274 1875 mie
307 1841 356 1885 10,
387 1851 451 1875 10:
485 1839 588 1876 Ecce
624 1840 803 1875 constitui
839 1847 874 1875 te
911 1851 1029 1888 super
1065 1846 1200 1889 gentes
1239 1845 1274 1874 et
1306 1850 1444 1888 regna,
1478 1845 1517 1873 ut

196 1897 349 1933 evellas.
410 1898 458 1933 Et
503 1896 628 1934 tercio
675 1910 835 1934 omnem
884 1897 1109 1934 doctrinam
1150 1895 1399 1944 spiritualem
1441 1908 1516 1944 que

196 1963 253 1991 est
293 1954 403 1991 cibus
443 1955 662 2003 spiritualis
702 1968 771 2004 spe
804 1955 947 2004 premii
981 1955 1136 1992 celestis
1170 1954 1351 2003 sapidam
1387 1953 1516 1990 reddit

196 2012 302 2049 iuxta
359 2012 457 2049 illud
504 2013 669 2062 (Psalmi
701 2015 858 2061 XV1110,
895 2015 955 2062 9):
1008 2014 1160 2051 Iusticie
1203 2013 1364 2049 Domini
1416 2020 1518 2049 recte

137 2074 179 2107 30
196 2071 419 2121 letificantes
456 2073 588 2108 corda.
639 2074 792 2119 Quarto
838 2085 999 2109 carnem
1040 2085 1062 2109 a
1100 2071 1327 2108 lubricitate
1364 2070 1517 2107 luxurie

195 2129 431 2177 constringit
463 2128 570 2167 iuxta
602 2130 699 2166 illud
731 2130 914 2171 (Matthei
945 2132 1066 2177 XIX0‚
1096 2132 1181 2177 12):
1222 2130 1319 2165 Sunt
1355 2129 1519 2166 eunuchi

98 2178 179 2246 2205ῠῖ
194 2188 259 2237 qui
300 2201 339 2224 se
385 2188 489 2238 ipsos
532 2196 757 2225 castr-arunt
789 2197 957 2238 propter
995 2201 1159 2239 regnum
1210 2188 1393 2224 celorum.
1430 2183 1435 2241 Ι
1469 2189 1517 2222 Et

194 2245 250 2282 sic
273 2245 413 2295 quinto
448 2259 469 2283 a
503 2247 656 2295 peccati
689 2246 999 2295 putrefeccione,
1025 2261 1046 2284 a
1070 2244 1358 2283 defamacionis
1390 2246 1516 2282 fetore

196 2312 233 2340 et
283 2305 521 2341 corrodente
576 2317 711 2342 verme
768 2304 1016 2342 consciencie
1074 2312 1276 2354 preservat
1335 2304 1516 2341 subditos

140 2365 178 2398 35
196 2362 340 2410 quibus
364 2362 610 2411 sapienciam
636 2364 786 2401 claram
804 2376 880 2413 que
904 2376 983 2400 non
1009 2362 1219 2400 marcescit
1236 2362 1516 2399 mensuraliter

197 2420 487 2458 subministrat.

267 2599 287 2618 1.
308 2590 376 2618 DE:
399 2591 530 2618 ardoris.
604 2599 628 2619 2.
650 2592 694 2619 A:
716 2599 750 2618 ac
769 2591 966 2627 opacitatem.
1035 2592 1058 2620 5.
1082 2591 1151 2620 DE:
1175 2600 1244 2619 cum
1267 2600 1353 2628 aque.
1423 2593 1451 2619 6.
1474 2593 1513 2620 E:

197 2626 238 2652 sal
261 2625 316 2659 sitg
337 2625 377 2652 ib.
400 2626 422 2652 E
442 2626 472 2653 in
493 2634 608 2661 mars-L:
629 2626 800 2654 Misticacio
823 2626 998 2653 sauiacionis
1019 2635 1097 2662 aque
1119 2635 1173 2662 per
1194 2627 1247 2654 sal.
1342 2626 1378 2655 13.
1400 2627 1445 2655 D:
1467 2636 1515 2654 sa—

198 2660 359 2699 pienciam.
434 2669 472 2696 17.
488 2661 530 2689 D:
552 2662 746 2696 coagulatum
774 2662 814 2689 ib.
836 2661 861 2688 E
880 2661 910 2688 in
933 2669 1046 2696 marg:
1069 2661 1118 2689 Sa}
1142 2667 1253 2689 terram
1275 2662 1347 2689 facit
1369 2663 1513 2690 sterilem.

196 2695 383 2729 MistlcaC103
405 2695 445 2722 ib.
462 2695 502 2723 E:
523 2704 539 2723 a
554 2696 683 2723 terrenis
699 2697 832 2730 viantc53
855 2696 894 2723 ib.
910 2695 978 2722 Hus
994 2696 1052 2724 loc.
1068 2697 1135 2724 cit.:
1161 2701 1191 2724 ut
1212 2697 1353 2724 homines
1374 2698 1513 2724 terrenis.

198 2730 237 2757 18.
258 2729 328 2757 DE:
350 2737 466 2757 cerosa.
542 2739 584 2767 19.
607 2732 650 2759 A:
674 2731 792 2758 Titum.
866 2738 910 2758 22.
932 2730 972 2758 E:
994 2731 1166 2759 vetustatis.
1241 2731 1284 2760 25.
1306 2734 1350 2760 A:
1371 2737 1399 2759 et
1419 2732 1513 2759 deest.

197 2772 241 2797 27.
257 2764 326 2791 DE:
349 2765 459 2792 evellas
473 2769 546 2799 cte.;
567 2766 607 2793 ih.
625 2766 665 2793 D:
687 2766 840 2800 secundm
862 2765 901 2792 ib*
917 2765 991 2793 t›E:-
1008 2766 1198 2801 spiritualem
1215 2766 1308 2794 deest.
1383 2766 1428 2794 28.
1445 2767 1469 2794 E
1483 2767 1512 2794 in

198 2807 311 2834 marg:
334 2798 383 2826 Sal
405 2800 490 2827 cibos
511 2800 625 2828 condit.
699 2800 746 2828 30.
769 2801 792 2828 E
813 2801 841 2827 in
865 2808 978 2835 maran:
1001 2800 1118 2828 Carnes
1139 2802 1280 2828 exsiccat.

266 2915 299 2947 4.
319 2905 371 2937 Cf.
388 2907 493 2948 Beda,
513 2907 748 2947 Quaestiones
768 2908 800 2939 in
822 2906 949 2940 Libros
970 2908 1121 2951 Regum,
1140 2909 1199 2949 IV,
1220 2919 1249 2948 2,
1270 2909 1341 2941 vol.
1361 2910 1417 2948 IV,
1435 2920 1514 2952 447.

1624 1203 1721 1230 Other

1559 1239 1730 1273 properties
1753 1240 1787 1266 ot·

1556 1273 1613 1299 salt
1634 1274 1692 1300 and
1715 1274 1791 1300 their

1601 1309 1737 1343 mystica}

1569 1343 1772 1378 signiticance.
