1986 3380
244 255 378 283 SERMO
395 243 552 301 xxxut]
708 257 921 290 saeuum
950 257 1076 288 mas.

244 364 476 413 intelligere,
510 365 602 402 licet
633 364 743 400 illam
778 364 1052 412 imperfectam
1094 363 1413 400 intelleccionem
1450 365 1553 400 Deus

244 422 543 460 distinctissime
576 432 613 459 et
646 421 932 470 perfectissime
965 421 1173 469 intelligat.

154 511 216 542 pol
303 483 507 527 Quantum
558 482 607 517 ad
652 480 818 516 tercium
871 479 1105 516 conceditur
1152 479 1282 527 prima
1336 479 1554 522 conclusio,

148 535 336 589 2¹212nam
387 551 526 575 omnes
576 538 726 575 viantes
779 539 923 574 debent
972 550 1049 585 gau
1078 534 1081 589 Ι
1113 539 1204 573 dere
1255 539 1302 573 de
1353 550 1425 573 sua
1476 537 1555 573 vita

209 596 465 642 §meritoria,
506 609 595 633 cum
642 598 787 632 debent
834 596 963 644 ipsam
1010 595 1178 632 traicere
1225 595 1263 631 in
1304 595 1554 643 preteritum,

244 667 334 692 cum
358 654 630 703 mulz'erfortis
653 663 780 690 mater
803 662 939 690 nostra
964 653 1131 690 ecclesia
1148 653 1281 704 digitis
1302 653 1557 703 apprehendit

232 714 385 762 fusum,
424 712 546 758 (sicut
578 721 691 748 notat
722 712 967 760 Augustinus
1001 711 1168 760 egregie)
1201 713 1269 748 sed
1308 723 1379 747 non
1419 711 1556 747 colum.

241 772 339 808 Tale
362 780 497 808 tamen
520 770 709 818 gaudium
730 771 845 806 debet
871 783 953 806 esse
978 782 1068 806 cum
1086 769 1312 815 formidine,
1329 781 1378 806 ne
1394 778 1559 817 propter

244 829 441 866 defectum
466 828 594 865 finalis
627 828 928 876 perseverancie
960 828 1038 864 tale
1072 827 1259 864 meritum
1294 827 1556 875 extinguatur,

189 903 228 925 10
244 896 281 923 et
309 900 358 923 ne
388 886 625 923 excellencia
655 887 852 922 donorum
883 886 984 934 regis
1015 886 1087 922 celi
1116 887 1311 922 redundet
1345 885 1558 934 accipienti

186 990 189 995 .
244 947 316 982 hec
349 946 455 982 dona
494 946 543 981 ad
584 944 859 981 confusionem
902 943 1215 992 dampnabilem7
1251 956 1297 980 eo
1338 945 1445 993 quod
1486 944 1557 980 hec

244 1005 349 1040 dona
388 1004 607 1051 prudenter
639 1015 719 1039 non
753 1003 916 1039 dederat
957 1003 1005 1039 ad
1039 1015 1201 1039 usuram
1244 1006 1300 1047 (ut
1334 1001 1557 1051 expositum

244 1069 302 1098 est
329 1073 537 1098 sermone.
557 1090 563 1097 .
583 1065 618 1106 .).
653 1060 694 1097 Si
724 1069 857 1097 autem
883 1062 1004 1096 homo
1028 1072 1154 1109 prope
1180 1069 1350 1097 mortem
1376 1059 1559 1097 habuerit

245 1119 536 1156 revelacionem
568 1120 614 1155 de
643 1131 713 1155 sua
744 1118 853 1155 finali
883 1118 1187 1167 perseverancia
1209 1120 1267 1161 (ut
1291 1120 1338 1155 de
1361 1118 1558 1167 Apostolo

191 1182 227 1216 15
244 1178 420 1214 creditur
463 1186 584 1226 atque
630 1177 882 1223 Laurencio)‚
931 1185 1025 1214 tunc
1068 1177 1147 1214 tale
1192 1176 1382 1225 gaudium
1428 1185 1559 1225 potest

243 1236 385 1272 tollere
429 1248 591 1272 omnem
637 1235 908 1278 formidinem,
955 1236 1023 1272 sed
1069 1244 1173 1271 terra
1219 1243 1358 1271 nostra
1401 1235 1559 1271 videtur

242 1307 369 1331 vacua
424 1302 589 1342 propter
639 1293 934 1330 resolucionem
987 1293 1027 1330 in
1079 1293 1328 1330 exalaciones
1372 1302 1558 1330 ventosas

245 1352 387 1401 quibus
420 1352 612 1388 inflantur
641 1351 784 1400 prelati
817 1351 996 1388 ecclesie.
1031 1350 1276 1388 promittunt
1300 1351 1405 1387 enirn
1440 1363 1559 1387 omne

243 1422 368 1458 genus
401 1409 622 1458 spiritualis
657 1409 849 1457 suffragii,
885 1418 922 1446 et
955 1422 1044 1446 cum
1080 1409 1119 1445 in
1151 1410 1262 1446 nullo
1295 1418 1467 1446 noscunt
1499 1410 1559 1446 vel

187 1484 228 1506 20
245 1469 390 1505 debent
424 1469 586 1505 credere
618 1469 726 1516 quod
759 1470 864 1504 Deus
904 1467 1015 1504 dabit
1048 1468 1145 1503 illud
1185 1467 1434 1516 suffragium,
1469 1467 1558 1503 ideo

245 1539 335 1564 curn
360 1525 416 1562 sic
439 1525 630 1563 inflantur
653 1526 867 1574 superflue,
885 1526 1140 1562 manifestum
1160 1535 1217 1562 est
1237 1527 1346 1575 quod
1370 1525 1559 1562 deficiunt

245 1585 285 1621 in
309 1584 488 1631 caritate,
506 1597 596 1621 cum
621 1585 842 1621 secundum
864 1585 1105 1632 Apostolum
1129 1585 1274 1621 caritas
1296 1597 1367 1620 non
1391 1584 1560 1635 inflatur.

245 1642 286 1680 Si
337 1642 442 1679 enim
496 1642 684 1691 ignorant
727 1642 1011 1679 fundacionem
1065 1642 1170 1678 illius
1222 1642 1413 1690 suffragii,
1465 1641 1560 1691 quid

245 1709 424 1738 moveret
463 1712 529 1737 eos
567 1713 687 1749 super
725 1700 874 1737 Christi
914 1700 1131 1749 discipulos
1177 1702 1224 1736 de
1268 1700 1467 1748 suffragiis
1506 1699 1560 1736 sic

189 1765 228 1798 25
245 1759 464 1808 pompare?
509 1760 610 1795 Cum
657 1759 762 1796 enim
808 1758 998 1811 ignorant
1042 1767 1123 1795 tam
1169 1758 1559 1806 predestinacionem

243 1830 357 1854 suam
392 1829 512 1866 quam
545 1817 699 1866 populi,
739 1817 928 1866 ignorant
964 1817 1005 1854 in
1044 1830 1123 1865 quo
1164 1825 1232 1853 aut
1271 1826 1422 1865 quanto
1456 1818 1561 1852 Deus

242 1876 326 1913 vult
363 1876 515 1924 populo
555 1875 783 1924 suffragari3
824 1877 874 1912 ad
907 1876 1017 1924 quod
1050 1888 1144 1923 ergo
1178 1875 1357 1911 officium
1390 1875 1561 1910 induunt

242 1933 437 1971 vicariurn
462 1933 534 1970 Dei
566 1933 639 1980 sui,
674 1946 764 1970 cum
798 1933 984 1981 ignorant
1016 1933 1047 1970 si
1080 1932 1158 1969 sint
1186 1934 1368 1970 membra
1397 1933 1562 1969 ecclesie

246 1991 362 2029 electi
406 1991 596 2040 legitime,
638 2000 675 2028 et
723 2004 794 2040 per
840 2004 1103 2040 consequens,
1144 1991 1175 2027 si
1222 1992 1299 2028 sint
1339 1992 1379 2028 in
1425 1991 1560 2039 aliquo

189 2057 231 2089 30
246 2051 373 2099 gradu
412 2049 626 2086 ministerii
660 2051 795 2099 quoad
831 2059 1010 2087 sanctam
1047 2049 1258 2087 ecclesiam
1294 2050 1560 2086 militantem?

303 2110 471 2145 Fructus
522 2117 655 2145 autem
705 2108 819 2145 istius
870 2107 1201 2157 participacionis
1250 2108 1437 2156 ambigue
1481 2120 1561 2144 non

245 2167 402 2204 videtur
440 2166 610 2203 subditis
650 2167 700 2203 ad
740 2167 964 2214 profectum
999 2168 1068 2203 sed
1101 2179 1279 2203 errorem
1314 2166 1560 2213 contingere,

247 2234 284 2262 et
312 2224 408 2274 ipsis
433 2225 610 2273 prelatis,
642 2237 733 2261 cum
764 2233 947 2261 asserunt
975 2224 1016 2260 in
1045 2224 1214 2261 materia
1239 2226 1286 2261 de
1311 2223 1562 2272 blasphemia

246 2292 403 2320 tantum
455 2282 529 2319 sibi
574 2283 821 2331 ambiguum,
865 2283 1022 2320 videtur
1065 2294 1209 2319 sonare
1259 2282 1300 2319 in
1349 2291 1561 2331 peccatum

188 2348 229 2382 35
247 2341 418 2378 Luciferi
463 2342 552 2390 plus
592 2354 713 2390 quam
759 2341 799 2377 in
844 2341 940 2390 ipsis
986 2340 1205 2389 discipulis,
1247 2342 1294 2377 de
1334 2341 1479 2390 quibus
1519 2340 1563 2376 fit

247 2399 404 2436 mencio
434 2399 474 2436 in
503 2401 580 2437 hoc
611 2399 815 2448 evangelio
840 2401 888 2436 de
910 2399 985 2436 sibi
1009 2399 1126 2436 certis
1150 2398 1281 2435 minus
1301 2399 1561 2436 iactantibus.

246 2460 331 2505 Que
369 2470 463 2506 ergo
503 2458 613 2495 racio
652 2458 901 2507 prelatorum
939 2457 1149 2503 iaetancie„
1191 2469 1282 2494 cum
1315 2458 1498 2495 nesciunt
1531 2456 1562 2493 si

314 2617 338 2646 3.
359 2618 414 2646 Ali
434 2618 463 2646 in
485 2627 598 2655 marg:
621 2619 669 2646 Ad
691 2619 829 2646 tercium.
904 2618 932 2645 ό.
954 2618 1022 2645 Ι)Ε;
1045 2617 1148 2653 digitis
1169 2618 1268 2652 deest:
1291 2617 1330 2644 ib.
1353 2617 1377 2644 E
1396 2617 1427 2644 in
1450 2624 1562 2651 marga

245 2653 288 2680 De
307 2654 369 2681 vita
389 2653 547 2682 meritoria
567 2658 612 2682 est
632 2654 804 2689 legendum.
863 2653 889 2680 S.
912 2653 980 2680 DE:
1005 2661 1059 2680 nec
1079 2657 1216 2688 propter.
1275 2661 1308 2679 11.
1330 2652 1373 2679 D:
1396 2652 1439 2678 vel
1463 2651 1560 2679 dona:

243 2688 283 2715 E:
305 2688 476 2715 donatario.
577 2687 615 2716 13.
636 2689 680 2716 A:
703 2696 860 2722 scrmoue3
882 2688 1020 2727 sequitur
1040 2689 1158 2715 lacuna.
1251 2688 1293 2717 16,
1316 2695 1354 2722 17.
1376 2687 1421 2714 A:
1442 2686 1564 2713 videtur

244 2731 332 2750 vana.
389 2722 644 2759 18.liin1nargst
666 2722 1114 2750 Prokni1n0dern1inflantur.
1171 2722 1303 2756 24.1›E:
1326 2721 1391 2749 &us
1413 2720 1561 2755 suflragfi.

244 2764 288 2793 27.
304 2758 348 2785 A:
369 2758 406 2785 ad
427 2758 518 2793 quid;
539 2759 579 2786 ib.
595 2761 640 2786 A:
661 2758 793 2785 induunt
814 2758 906 2785 deest.
987 2764 1034 2793 29,
1056 2756 1101 2784 30.
1124 2757 1166 2784 D:
1188 2757 1290 2792 aliquo
1311 2765 1374 2789 gra.
1400 2761 1403 2767 ·
1449 2754 1494 2782 30.
1516 2756 1561 2782 A:

245 2791 403 2820 militante.
494 2792 532 2820 31.
554 2793 622 2820 DE:
643 2793 732 2820 istius
754 2792 981 2828 pompacionis.
1055 2791 1098 2827 37.
1120 2793 1164 2819 A:
1186 2792 1334 2819 iactancie
1355 2791 1447 2818 deest.

317 2899 348 2932 7.
375 2888 427 2922 Cf.
453 2879 699 2930 De'Ecclesia‚
727 2899 807 2932 pag.
833 2888 915 2930 482.

1598 486 1620 514 Β.
1643 488 1698 523 „loy
1720 488 1747 514 in
1771 497 1827 515 our

1625 528 1691 556 past
1712 524 1791 556 good

1596 558 1695 583 work>-
1718 557 1826 584 should

1616 592 1648 618 bc
1671 594 1802 627 miuglcd

1613 627 1684 654 with
1706 628 1809 655 dread.

1644 1359 1774 1386 l'relates

1645 1395 1780 1429 promist—

1610 1429 1748 1464 spiritual
1771 1429 1817 1457 aid

1616 1464 1715 1491 which
1739 1465 1808 1500 they

1610 1505 1721 1526 cannot
1742 1500 1818 1534 gixc.
