1986 3380
210 287 344 315 SERMO
360 276 482 334 xmv]
682 289 895 322 SECUNDA
922 289 1047 320 PARs.

211 406 268 434 est
308 397 570 434 inveteratum
618 405 827 445 peccatum
870 408 912 432 ex
951 394 1206 443 pretensione
1246 394 1448 442 sapiencie
1488 404 1523 430 et

211 456 375 492 accione
414 464 555 492 nature
588 454 626 490 in
662 454 860 490 mentibus
894 452 1102 489 hominum
1136 452 1383 495 simulatum,
1418 454 1523 500 quod

211 514 384 562 pharisei
430 522 465 550 et
511 513 638 549 nostri
685 512 859 560 religiosi
904 512 1129 559 ponderant
1174 510 1292 547 nimis
1333 511 1524 552 multum3

212 573 359 608 habent
393 572 495 608 enim
532 571 696 619 antiqua
729 579 895 618 peccata
928 579 1009 606 tam
1044 568 1204 617 dyaboli
1239 581 1360 616 quam
1396 568 1526 604 carnis

177 630 248 666 5et
279 629 428 675 mundi,
453 642 525 666 nec
554 638 644 664 sunt
675 628 741 664 illa
771 637 936 676 peccata
966 627 1069 675 pista
1100 627 1139 663 in
1168 627 1277 663 fumo
1302 625 1526 674 penitencie

210 687 270 724 vel
304 688 393 735 igne
426 687 603 724 caritatis
637 688 705 723 sed
738 686 938 734 glutinosa
971 694 1012 721 ut
1035 685 1177 731 viscus,
1212 684 1385 733 insipida
1408 694 1527 732 atque

212 747 348 791 cruda,
383 754 419 781 et
457 754 541 781 tum
580 753 772 793 spargunt
810 745 933 780 salem
974 743 1174 792 sapiencie
1214 755 1259 780 ac
1298 743 1329 779 si
1363 742 1528 790 antiqua

212 803 402 840 sanctitas
453 812 691 839 servaretur.
745 802 933 850 Religiosi
979 811 1111 838 autem
1157 801 1283 837 nostri
1334 800 1528 849 temporis

214 861 476 899 commiscent
509 874 599 898 cum
632 861 717 909 lege
742 860 889 897 Christi
923 868 1132 897 constante
1166 859 1320 896 noviter
1353 872 1396 896 ex
1429 871 1529 907 pura

160 931 197 953 ιο
213 933 319 969 aqua
353 919 554 968 sapiencie
587 928 623 955 et
646 919 777 955 simila
811 918 923 967 grani
957 918 1146 954 frumenti
1180 918 1418 954 fermentum
1455 918 1529 953 hoc

212 987 323 1015 vetus
347 986 384 1014 et
408 978 656 1014 contendunt
679 986 806 1013 totum
834 985 1092 1025 aggregatum
1127 989 1209 1013 esse
1243 988 1285 1012 ex
1319 988 1389 1012 sua
1423 987 1530 1011 com-

214 1035 410 1073 mixcione
454 1036 542 1084 plus
587 1036 772 1084 sapidum
819 1044 855 1071 et
895 1035 1136 1083 perfectum3
1182 1033 1357 1083 pharisei
1396 1042 1528 1070 autem

212 1094 339 1131 nostri
393 1106 436 1130 ex
480 1094 744 1130 simulacione
790 1093 904 1129 huius
951 1092 1196 1141 duplicitatis
1243 1091 1406 1140 vulpine
1451 1104 1531 1127 non

213 1152 428 1202 paciuntur
456 1153 693 1200 martyrium
728 1161 769 1188 ut
803 1151 1005 1200 simplices
1039 1151 1078 1187 in
1112 1150 1281 1188 ecclesia
1313 1149 1529 1198 primitiva,

160 1211 307 1260 15quia
359 1210 593 1247 imminente
639 1210 924 1259 persecucione
971 1209 1162 1245 simulant
1206 1209 1246 1245 in
1291 1208 1372 1245 vita
1418 1207 1530 1256 quasi

212 1277 351 1306 sancta
390 1269 690 1317 splendenciam
733 1268 965 1305 rutilantem
997 1276 1034 1304 et
1068 1266 1408 1304 communicando
1442 1279 1531 1303 cum

213 1326 394 1376 reprobis
424 1328 641 1364 ostendunt
672 1340 785 1363 suam
815 1326 1022 1374 antiquam
1055 1325 1257 1362 maliciam
1282 1338 1361 1374 qua
1384 1324 1533 1361 similes

213 1394 303 1422 sunt
349 1385 558 1434 perversis,
601 1394 637 1422 et
682 1398 725 1422 ex
764 1385 832 1421 illa
872 1383 1164 1421 commixcione
1212 1397 1303 1421 cum
1343 1382 1457 1419 bonis
1497 1391 1532 1419 et

212 1443 394 1492 reprobis
447 1444 656 1491 aufugiunt
703 1442 1012 1480 insultacionem
1058 1443 1259 1479 malorum
1305 1450 1342 1478 et
1385 1440 1533 1478 viciant

156 1513 198 1535 20
212 1501 466 1539 sanctitatem
525 1503 739 1547 bonorum,
799 1511 835 1538 et
888 1500 943 1538 sic
995 1503 1214 1538 secundum
1269 1499 1531 1548 propheciam

211 1559 405 1597 Johannis
439 1561 564 1608 Apoc.
600 1562 685 1606 1110,
716 1562 761 1597 16
804 1572 870 1596 nec
907 1567 995 1595 sunt
1033 1559 1152 1595 calidi
1189 1571 1255 1595 nec
1276 1558 1431 1609 frigidi
1466 1558 1534 1594 sed

213 1619 333 1668 tepidi
362 1631 414 1655 ex
445 1631 513 1655 ore
543 1619 735 1655 Altissimi
764 1618 974 1654 evomendi.

272 1677 349 1713 Sed
383 1689 471 1713 curn
508 1677 615 1714 oculi
648 1676 811 1713 Domini
845 1675 1048 1712 infinitum
1080 1675 1169 1723 plus
1202 1674 1417 1711 lucidiores
1441 1683 1531 1710 sunt

213 1735 309 1781 sole,
340 1743 450 1783 patet
479 1737 588 1785 quod
620 1743 780 1783 oportet
805 1747 871 1771 eos
896 1742 1254 1783 quantumcunque
1277 1732 1533 1769 absconditas

157 1793 488 1842 25ypocritarum
532 1794 707 1831 latebras
746 1792 938 1830 radicitus
978 1792 1175 1837 revelare3
1226 1791 1316 1827 ideo
1356 1790 1535 1840 sequitur

212 1851 253 1888 in
303 1860 430 1888 textu:
489 1852 621 1889 Niclzil
668 1859 843 1902 opertum
895 1851 997 1900 quod
1046 1863 1118 1886 non
1173 1850 1367 1886 reveletur
1419 1862 1536 1898 neque

212 1910 476 1946 absconditum
501 1911 602 1959 quod
633 1923 706 1947 non
738 1910 896 1946 sciatur.
931 1910 1127 1957 Opertum
1158 1908 1321 1957 quidem
1356 1916 1413 1944 est
1446 1920 1536 1955 pec—

215 1977 349 2005 catum
384 1970 546 2017 quando
580 1981 650 2017 per
682 1977 810 2005 artem
844 1966 1119 2004 simulacionis
1154 1965 1316 2015 dyaboli
1355 1974 1412 2002 est
1445 1967 1536 2001 sub-

214 2035 379 2072 tectum,
435 2036 471 2063 et
516 2028 736 2064 revelatum
782 2027 944 2076 quando
992 2025 1176 2062 velamen
1227 2024 1421 2073 ypocrisis
1479 2032 1536 2060 est

156 2084 199 2117 30
216 2085 409 2122 ablatum.
464 2086 542 2121 Sed
583 2098 672 2122 cum
716 2084 929 2122 absconsio
975 2084 1025 2121 sit
1063 2083 1290 2131 generalior
1329 2091 1366 2119 et
1407 2082 1537 2118 minus

216 2142 374 2189 callida,
423 2142 605 2192 adiungit
650 2142 832 2181 Christus
876 2141 1133 2179 absconsioni
1184 2141 1253 2178 tali
1306 2140 1535 2177 scienciam.

215 2202 366 2238 Omnes
406 2201 510 2238 enim
553 2201 625 2238 iste
658 2202 813 2238 cautele
846 2201 984 2237 saltem
1020 2200 1061 2236 in
1094 2199 1204 2236 finali
1237 2199 1388 2235 iudicio
1422 2206 1538 2235 erunt

214 2268 321 2307 note,
356 2259 547 2308 quoniam
588 2260 733 2296 veritas
775 2259 998 2310 evangelica
1038 2270 1149 2307 quam
1190 2258 1357 2307 apostoli
1393 2256 1542 2292 Christi

216 2318 408 2367 hucusque
431 2319 595 2354 latenter
610 2319 793 2355 dixerant
815 2326 1024 2366 tamquam
1048 2317 1084 2352 in
1107 2316 1273 2353 tenebris
1296 2316 1539 2352 clarescente

159 2375 200 2410 35
217 2376 410 2424 martyrio
435 2385 472 2413 et
496 2376 663 2413 caritate
685 2376 947 2412 diffundenda
976 2387 1046 2424 per
1067 2374 1272 2412 Christum
1302 2373 1343 2409 in
1372 2373 1539 2410 ecclesia

217 2435 367 2471 dicetur
409 2435 445 2471 in
491 2435 645 2482 lumine,
690 2434 783 2484 quia
834 2435 940 2471 clare
985 2442 1022 2470 et
1065 2433 1225 2482 publice
1270 2444 1407 2468 coram
1453 2440 1539 2468 tota

217 2492 398 2540 ecclesia,
428 2492 692 2530 simulacione
711 2492 935 2542 ypocritica
963 2491 1149 2540 effugata,
1181 2499 1218 2527 et
1245 2489 1391 2527 veritas
1423 2502 1540 2526 evan-

216 2550 344 2599 gelica
381 2551 662 2589 auriculariter
694 2552 830 2588 locuta
867 2558 1034 2599 propter
1072 2549 1258 2586 timorem
1294 2547 1540 2597 perdicionis

287 2695 312 2724 3.
334 2695 403 2724 DE:
424 2695 482 2723 viri
503 2695 648 2731 religiosi.
703 2695 728 2723 5.
749 2695 794 2722 A:
816 2695 897 2731 pista
917 2695 1010 2723 deest.
1073 2703 1101 2731 9.
1122 2695 1167 2722 A:
1188 2698 1382 2728 constanter;
1403 2693 1443 2721 ib.
1464 2693 1489 2721 E
1508 2693 1538 2721 in

219 2739 334 2793 marg:
364 2731 502 2770 l³harisei
531 2730 629 2758 nostri
661 2730 865 2768 commiscent
893 2738 983 2757 suum
1012 2729 1197 2757 fermentum
1224 2737 1294 2757 cum
1320 2729 1385 2764 lege
1412 2727 1538 2756 Christi.

220 2774 261 2793 10.
322 2775 327 2793 :
350 2765 472 2793 Similia.
573 2765 610 2793 15.
632 2765 701 2793 DE:
723 2764 773 2800 qui
796 2765 992 2798 1mminente;
1024 2765 1064 2792 ib.
1085 2764 1110 2792 E
1129 2764 1159 2791 in
1181 2772 1295 2799 marg:
1316 2763 1539 2791 Modernorum

220 2801 436 2835 phariseorum
457 2800 654 2828 eommixcio.
769 2799 810 2827 16.
832 2800 901 2827 DE:
924 2800 1131 2835 splendencia.
1247 2799 1287 2826 18.
1308 2800 1354 2826 A:
1375 2799 1424 2825 illa
1444 2798 1538 2825 deest.

219 2834 262 2863 23.
285 2835 354 2863 DE:
377 2843 438 2862 non
460 2839 540 2862 sunt.
613 2835 659 2870 28,
681 2842 727 2870 29.
749 2834 817 2862 DE:
840 2835 1022 2862 subiectum.
1095 2832 1139 2862 33.
1160 2834 1200 2861 E:
1222 2834 1348 2870 quando
1368 2833 1490 2861 veritas.

292 2917 345 2952 26.
373 2920 489 2950 Lucae
517 2919 589 2959 XII,
618 2930 647 2951 2.
747 2918 800 2950 33.
829 2919 874 2950 ib.
902 2918 933 2951 3.

1733 277 1808 313 315

1594 805 1693 832 xxliicli
1716 813 1771 830 our

1568 840 1711 873 religious
1733 840 1794 865 mix

1563 875 1634 902 xx‘itli
1657 875 1704 900 the
1727 883 1800 909 pure

1563 911 1618 937 law
1640 910 1674 936 ot'
1692 909 1805 936 Christ.

1565 1680 1632 1708 God
1657 1680 1811 1715 perceives

1576 1716 1653 1742 their
1674 1716 1719 1742 sin
1740 1715 1798 1741 and

1575 1751 1633 1778 will
1656 1751 1752 1778 rcveal
1773 1750 1804 1777 it.
