1986 3380
216 240 351 269 SERMO
373 231 484 288 xxv]
685 243 896 277 SECUNDA
924 244 1050 276 PARS.

273 352 319 385 Et
349 364 391 387 ex
424 351 499 386 isto
528 350 683 386 videtur
712 352 818 397 quod
852 351 1029 398 prelatus
1060 364 1141 387 non
1174 361 1357 398 peccaret
1387 362 1525 390 contra

214 408 274 443 ius
303 408 467 445 ecclesie
497 408 563 456 qui
592 417 846 444 comentatus
876 409 924 444 de
952 408 1082 456 parcis
1112 409 1312 445 alimentis
1341 422 1387 446 ac
1416 419 1525 458 tegu-

215 466 357 502 mentis
394 476 434 502 ut
468 465 647 502 Christus
687 475 723 501 et
762 466 845 502 eius
883 466 1055 513 apostoli
1095 480 1175 502 non
1208 476 1323 503 acute
1357 468 1526 516 exigeret

212 524 443 561 oblaciones
494 533 531 560 et
573 523 749 560 decimas
794 536 870 572 que
916 533 1096 572 pretextu
1143 525 1383 561 defensionis
1429 526 1524 562 iuris

179 582 376 619 §ecclesie
414 582 532 619 hodie
571 581 790 629 exiguntur.
837 584 917 618 Nec
956 594 999 618 ex
1038 583 1114 618 hoc
1146 592 1330 630 peccaret
1363 593 1524 621 curatus

211 641 319 687 quod
357 641 585 677 laborantes
624 640 889 688 corporaliter
927 640 967 675 in
1000 640 1304 689 quibuscunque
1336 642 1524 691 sollemp-

209 697 402 734 nitatibus
431 707 661 734 sanctorum
686 710 786 746 quos
816 697 1027 734 canonizat
1053 698 1233 744 ecclesia,
1258 700 1351 735 dum
1383 712 1521 737 eorum

208 755 398 792 sanctitas
447 755 646 803 scriptura
696 768 810 792 sacra
859 769 940 792 non
983 756 1102 792 fuerit
1145 757 1397 803 confirmata,
1442 771 1524 795 non

208 812 433 862 increparet
477 827 550 850 nec
601 822 907 862 persequeretur
952 822 1159 862 tamquam
1205 815 1523 863 prevaricatores

154 886 192 907 10
208 872 401 920 decalogi,
459 885 549 908 cum
606 871 745 920 pocius
800 880 975 908 servaret
1032 872 1257 909 libertatern
1308 873 1523 911 christiane

206 929 370 966 ecclesie
402 930 442 966 in
474 929 554 966 suis
586 929 780 966 limitibus
809 942 909 978 quos
938 929 1119 967 Christus
1151 930 1334 968 instituit.
1376 933 1521 969 Prelati

206 987 310 1023 enim
345 989 490 1024 debent
524 987 675 1024 discere
715 996 751 1024 et
785 988 928 1024 docere
960 987 1160 1024 subiectos
1193 988 1289 1037 quid
1323 998 1379 1026 est
1412 992 1520 1039 quod

206 1045 386 1082 Christus
416 1047 496 1082 vult
525 1045 832 1082 misericordiam
862 1053 897 1082 et
925 1059 998 1082 non
1027 1046 1283 1096 sacrficium
1305 1056 1342 1083 et
1364 1047 1518 1085 utinam

205 1105 319 1152 plene
365 1112 652 1151 cognoscerent
696 1103 813 1140 istam
858 1104 1023 1141 scolam.
1069 1104 1249 1141 Christus
1294 1104 1400 1142 enim
1439 1120 1519 1143 non

153 1165 187 1196 15
204 1162 276 1198 fuit
309 1162 540 1198 incarnatus
578 1175 650 1198 nec
695 1161 910 1210 complevit
954 1162 1327 1210 peregrinacionem
1373 1164 1412 1200 in
1456 1165 1518 1201 via

204 1229 245 1256 ut
278 1229 391 1257 vocet
424 1222 473 1257 ad
507 1219 796 1256 beatitudinem
830 1232 901 1268 per
932 1233 973 1257 se
1013 1220 1139 1257 iustos
1178 1222 1246 1257 sed
1285 1231 1517 1270 peccatores

204 1291 303 1326 quos
337 1277 623 1326 predestinavit
647 1279 696 1314 ad
719 1278 904 1327 gloriam,
938 1291 1030 1315 nam
1065 1287 1156 1315 ante
1189 1279 1515 1317 incarnacionem

201 1349 331 1372 omnes
364 1337 665 1383 declinaverunt,
696 1337 812 1372 simul
842 1336 994 1373 inutiles
1014 1337 1122 1386 sacti
1149 1344 1250 1385 sunt,
1282 1350 1354 1374 non
1378 1346 1434 1375 est
1454 1339 1519 1388 qui

190 1395 321 1443 faciat
352 1395 505 1440 bonum,
538 1407 611 1430 non
644 1401 699 1430 est
732 1406 849 1443 usque
880 1395 932 1430 ad
964 1408 1092 1430 unum.

143 1465 185 1486 20
259 1451 451 1498 Quamvis
485 1451 590 1488 enim
624 1461 808 1500 parentes
842 1452 1020 1501 Baptiste
1053 1454 1173 1489 ambo
1207 1462 1319 1490 erant
1353 1453 1445 1490 iusti
1479 1464 1516 1491 et

199 1510 255 1546 sic
288 1511 336 1546 de
371 1509 506 1546 multis
540 1509 628 1546 aliis
668 1509 920 1558 patriarchis,
966 1519 1102 1547 tamen
1146 1511 1328 1547 omnium
1375 1525 1514 1549 eorum

199 1567 356 1604 iusticia
393 1567 510 1604 infuit
549 1567 604 1605 eis
650 1569 923 1616 dependenter
967 1577 1086 1617 atque
1132 1582 1202 1617 per
1243 1569 1429 1606 accidens
1472 1583 1516 1607 ex

199 1625 436 1662 causacione
470 1625 576 1662 illius
608 1625 725 1662 unius
749 1639 819 1674 per
842 1639 882 1662 se
906 1626 997 1663 iusti
1023 1627 1089 1675 qui
1114 1636 1171 1663 est
1196 1627 1382 1664 dominus
1403 1630 1515 1665 Jesus

199 1683 399 1730 Christus;
433 1683 523 1721 ideo
557 1697 683 1732 usque
716 1686 766 1721 ad
799 1684 912 1721 illum
947 1684 1142 1721 exclusive
1174 1697 1255 1722 non
1289 1694 1347 1722 est
1370 1686 1515 1735 aliquis

141 1743 180 1775 25
198 1741 265 1791 qui
298 1754 369 1790 per
401 1755 441 1779 se
473 1741 593 1779 faciat
627 1743 790 1779 bonum.
824 1744 878 1779 Ex
911 1755 990 1791 quo
1024 1752 1134 1791 patet
1166 1745 1275 1793 quod
1305 1757 1388 1780 non
1409 1744 1515 1781 venit

196 1812 341 1837 vocare
373 1801 423 1837 ad
456 1800 714 1837 beatudinem
748 1801 846 1837 tales
880 1801 1006 1838 iustos
1045 1802 1113 1838 sed
1146 1810 1381 1850 peccatores
1414 1815 1513 1851 quos

198 1858 398 1895 confortat
431 1867 468 1895 et
500 1858 653 1895 animat
685 1867 728 1895 ut
760 1859 839 1895 sint
872 1858 977 1895 iusti.

255 1916 372 1953 Circa
404 1917 480 1953 hoc
513 1916 760 1965 evangelium
800 1916 1012 1966 tripliciter
1051 1917 1270 1964 dubitatur,
1311 1917 1444 1967 primo
1483 1919 1515 1955 si

1738 242 1809 278 183

1575 363 1707 392 Prelates
1729 372 1781 393 not

1600 398 1702 427 bound
1725 405 1755 427 to

1563 434 1685 461 enforce
1705 435 1795 462 tithes

1560 468 1618 495 aud
1640 469 1795 505 offerings,

1549 510 1605 529 nor
1626 505 1754 540 keeping
1774 508 1804 532 ot

1566 538 1678 565 saints'
1699 540 1783 575 days

1602 1464 1649 1503 Ast!
1672 1473 1740 1492 men

1606 1507 1734 1527 sinuers.

1542 1927 1697 1955 Relations
1717 1929 1791 1956 with

1643 1963 1691 1990 the

197 1974 314 2011 liceat
359 1974 660 2012 communicare
705 1988 795 2012 cum
848 1975 1219 2021 excommunicatis,
1272 1985 1309 2012 et
1357 1976 1802 2026 VidetUscxconnnunicate.

139 2033 181 2066 30
197 2034 306 2082 quod
337 2046 419 2069 non
451 2045 522 2081 per
556 2034 702 2069 multas
725 2034 831 2082 leges
856 2033 1021 2070 ecclesie
1046 2046 1121 2082 que
1145 2033 1263 2070 istam
1289 2035 1513 2072 communi-

107 2081 182 2142 F0¹3
197 2090 403 2128 caeionem
437 2091 651 2139 prohibent
680 2089 684 2142 Ι
712 2091 822 2140 gravi
855 2104 977 2140 pena;
1023 2093 1092 2128 sed
1126 2101 1279 2128 certum
1314 2101 1371 2129 est
1404 2095 1512 2142 quod

101 2137 166 2168 ²⁰4
197 2148 312 2185 multi
346 2149 745 2186 excommunicantur
778 2163 800 2186 a
833 2149 1031 2186 militante
1060 2149 1229 2186 ecclesia
1253 2163 1343 2187 cum
1368 2150 1512 2200 quibus

197 2209 302 2244 Deus
346 2207 526 2255 graciose
565 2207 838 2244 communicat
879 2209 985 2244 dona
1024 2220 1108 2244 sua.
1154 2209 1247 2245 Ideo
1293 2208 1367 2246 iste
1406 2210 1512 2258 leges

197 2266 245 2302 de
278 2264 653 2302 communicacione
691 2278 782 2302 cum
822 2265 968 2303 talibus
1008 2265 1187 2314 indigent
1230 2267 1336 2303 sanis
1374 2267 1508 2315 glosis.

141 2322 332 2360 35Multis
385 2323 490 2360 enim
543 2323 701 2360 videtur
753 2325 861 2373 quod
914 2324 1250 2362 excommunicati
1301 2338 1324 2362 a
1377 2325 1512 2362 multis

197 2381 375 2418 ecclesiis
419 2390 776 2431 quantumcunque
814 2381 987 2430 graviter
1026 2382 1200 2430 suspecti
1245 2391 1336 2419 sunt
1380 2383 1512 2421 minus

196 2452 218 2476 a
262 2441 347 2476 Deo
392 2452 436 2476 ex
480 2441 557 2477 hoc
607 2440 942 2477 excommunicati
996 2449 1033 2477 et
1084 2441 1174 2489 plus
1226 2442 1511 2490 persecucione

265 2559 285 2578 1.
306 2550 331 2578 Ε
350 2550 380 2578 in
402 2559 516 2584 marga
535 2551 627 2579 Nota.
718 2559 744 2586 2,
766 2551 790 2579 3.
812 2552 886 2579 AD:
908 2556 936 2579 et
957 2552 1153 2587 tegumentis.
1271 2574 1277 2579 .
1298 2553 1367 2580 DE:
1390 2557 1422 2580 ut
1443 2562 1511 2588 pre-

195 2589 287 2612 textu.
342 2586 366 2614 5.
389 2586 433 2613 A:
455 2586 519 2614 Nec
539 2590 721 2625 expectaret.
778 2595 805 2622 7,
826 2586 853 2614 δ.
874 2587 918 2614 D:
940 2595 1048 2614 eorum
1068 2587 1236 2622 festivitas3
1291 2596 1298 2614 :
1318 2588 1509 2616 festivitates.

196 2618 223 2646 8.
245 2620 287 2647 D:
309 2620 425 2654 fuerat;
446 2621 485 2648 E:
508 2621 622 2648 fuerint
641 2622 829 2648 confirmate.
940 2621 982 2649 16.
1003 2622 1048 2650 A:
1072 2630 1126 2657 per
1145 2631 1176 2650 se
1197 2623 1291 2650 deest.
1399 2630 1446 2650 20.
1467 2623 1507 2651 E:

219 2659 339 2682 arentes
359 2655 525 2690 Johannis3
553 2655 592 2682 ib.
614 2657 643 2684 A
663 2656 692 2683 in
715 2665 829 2691 marga
850 2656 978 2684 Justicia
998 2656 1120 2692 duplex.
1228 2658 1273 2685 28.
1294 2658 1323 2685 A
1343 2658 1373 2685 in
1395 2666 1508 2693 marg:

196 2663 331 2717 Dubium
355 2690 507 2725 primumn
529 2691 550 2718 B
565 2690 595 2718 in
612 2699 725 2725 marg:
749 2691 902 2725 Dubium;
923 2691 948 2719 E
966 2691 997 2719 in
1020 2700 1134 2727 marg:
1157 2692 1331 2720 Dubitacio.
1381 2691 1420 2720 31.
1435 2694 1464 2720 A
1479 2693 1509 2720 in

196 2732 263 2751 mar
287 2734 310 2751 .:
332 2724 514 2760 Responsio.
628 2725 676 2759 34.
699 2726 766 2753 DE:
789 2727 1123 2755 excommunicacimm.
1240 2726 1286 2755 36.
1307 2727 1347 2754 E:
1370 2727 1508 2755 subiecti.

196 2758 240 2793 37.
260 2733 289 2787 fi
309 2759 339 2787 in
360 2768 474 2796 marg:
506 2760 550 2787 De
572 2761 912 2795 excommunicacione3
942 2761 967 2788 Ε
987 2761 1017 2789 in
1038 2770 1152 2797 marg:
1184 2762 1327 2790 Christus
1347 2771 1510 2790 conversa-

195 2794 284 2821 batur
303 2802 374 2822 cum
394 2795 680 2823 excommunicatis.

267 2863 318 2898 18.
344 2865 459 2897 Psalm
487 2866 579 2905 XIII,
606 2867 636 2900 3.
