1986 3380
193 284 330 312 SERMO
345 273 468 331 XLIII]
667 287 879 319 SECUNDA
906 287 1032 318 PARS.

252 394 326 430 Hic
358 393 515 430 videtur
550 393 646 429 mihi
680 394 789 429 salvo
830 392 986 429 meliori
1026 392 1175 429 iudicio
1216 393 1380 429 dubium
1423 406 1505 429 esse

191 465 343 498 verum,
393 465 484 488 nam
526 451 656 487 omnis
696 450 937 487 christianus
976 459 1133 486 tenetur
1172 450 1371 486 infinitum
1418 452 1505 499 plus

193 510 355 546 obedire
398 509 557 546 Christo
603 522 724 558 quam
770 509 925 557 prelato
970 509 1083 545 alteri
1131 508 1209 544 iam
1256 508 1414 553 viventi,
1467 509 1506 544 in

193 577 304 605 tanto
330 569 437 616 quod
462 580 580 604 nemo
614 575 772 603 tenetur
805 580 945 615 parere
979 566 1131 602 homini
1166 566 1239 602 nisi
1274 568 1321 603 de
1356 576 1506 615 quanto

160 630 309 663 §sonat
354 626 394 662 in
433 625 710 661 obedienciam
753 625 905 661 domini
943 627 1034 661 Jesu
1074 624 1235 666 Christi,
1276 625 1369 673 quia
1416 626 1508 661 data

194 685 355 721 racione
380 683 553 720 discordi
578 692 737 720 tenetur
760 683 923 719 obedire
942 684 1114 730 dyabolo
1134 692 1274 719 contra
1290 682 1507 720 Christum.

139 786 142 788 .
195 744 366 788 Quando
408 750 541 778 autem
581 741 725 789 prelati
764 741 990 789 precipiunt
1029 741 1188 777 Christo
1234 741 1508 783 conformiter,

194 801 407 836 obediatur
429 799 483 836 eis
508 801 555 836 de
578 808 690 835 tanto
714 789 933 835 secundum
968 799 1171 835 racionem
1207 812 1285 847 qua
1318 799 1508 835 obediens

194 858 329 895 obedit
362 857 623 906 principalius
655 859 745 893 Jesu
780 857 940 893 Christo
973 866 1010 893 et
1044 857 1158 893 aliter
1191 857 1410 893 resistatur.
1446 857 1510 893 Sic

140 929 177 950 10
195 916 299 952 enim
353 915 448 952 dicit
492 916 710 964 Apostolus
755 916 805 951 ad
852 916 937 951 Gal.
984 917 1049 960 110,
1092 926 1135 950 12
1189 917 1351 951 tradens
1394 915 1510 951 nobis

193 975 366 1011 formam
406 973 652 1019 obediencie,
700 974 808 1022 quod
852 974 888 1009 in
922 974 1032 1022 facie
1070 974 1209 1009 restitit
1248 974 1378 1017 Petro,
1424 974 1509 1022 quia

197 1033 509 1082 reprehensibilis
546 1039 642 1068 erat.
691 1034 852 1077 Quanto
893 1031 1018 1079 magis
1058 1031 1309 1067 resisteretur
1353 1032 1510 1079 prelato

193 1090 390 1127 hodierno
422 1091 511 1139 plus
543 1090 679 1138 patule
711 1089 940 1126 oberranti?
980 1090 1071 1125 Ideo
1104 1102 1196 1137 sepe
1229 1089 1366 1126 vocavi
1399 1089 1509 1125 illam

194 1148 468 1185 resistenciam
514 1147 808 1193 obedienciam,
850 1156 886 1184 et
924 1147 1034 1184 illam
1074 1160 1234 1184 necesse
1275 1156 1331 1184 est
1372 1161 1510 1195 quem-

143 1209 352 1256 15cunque
386 1207 544 1243 fidelem
579 1206 800 1243 addiscere.

252 1267 300 1301 Et
351 1273 461 1313 patet
507 1264 652 1301 veritas
704 1264 833 1312 prime
878 1263 1003 1312 partis
1048 1263 1171 1309 dubii,
1226 1277 1315 1300 cum
1371 1276 1510 1300 omnes

195 1323 423 1372 superiores
455 1331 596 1371 petunt
635 1323 777 1359 saltem
817 1322 1012 1370 implicite
1046 1323 1153 1370 quod
1194 1331 1311 1358 sonat
1344 1322 1383 1358 in
1417 1324 1511 1358 obe-

196 1381 395 1418 dienciam
427 1381 592 1418 domino
616 1382 707 1417 Jesu
731 1380 903 1417 Christo.
938 1380 978 1415 Si
1013 1393 1105 1428 ergo
1130 1380 1311 1416 Christus
1341 1380 1511 1428 precipit

196 1453 266 1489 per
289 1439 537 1488 impossibile
571 1448 613 1475 ut
636 1438 801 1475 inferior
825 1437 1073 1486 superiorem
1100 1438 1270 1484 occidat,
1296 1440 1411 1475 debet
1436 1439 1511 1475 hoc

139 1510 180 1532 20
196 1499 339 1544 facere,
365 1507 516 1547 quanto
542 1497 668 1545 magis
691 1497 722 1533 si
746 1498 795 1533 ad
820 1498 1080 1533 commodum
1105 1496 1313 1545 utriusque
1330 1496 1511 1533 Christus

196 1556 368 1605 precipit
411 1556 533 1592 talem
578 1554 857 1592 obedienciam
906 1554 1154 1591 resistivam?
1199 1557 1247 1590 Et
1287 1567 1331 1591 ex
1370 1556 1510 1591 eodem

196 1615 354 1651 videtur
376 1615 594 1650 secundam
619 1622 777 1662 partem
803 1612 913 1648 dubii
938 1625 1021 1649 esse
1047 1626 1196 1656 veram,
1223 1613 1336 1661 quasi
1370 1622 1511 1649 contra

197 1674 325 1721 legem
360 1672 507 1709 Christi
540 1671 726 1708 vendicat
766 1670 997 1708 exacciones
1031 1670 1334 1707 irracionabiles
1368 1684 1389 1707 a
1421 1673 1512 1707 sub-

197 1731 309 1768 iectis
343 1739 379 1767 et
412 1731 557 1779 allegat
589 1731 695 1766 nude
724 1729 885 1766 frivolas
918 1729 1160 1765 tradiciones
1195 1738 1262 1765 aut
1294 1729 1512 1766 voliciones

141 1791 408 1835 25humanas‚
443 1789 570 1825 sciens
605 1790 712 1837 quod
739 1788 815 1824 hoc
848 1787 897 1824 sit
930 1796 1070 1824 contra
1095 1787 1167 1823 Dei
1200 1787 1510 1835 beneplacitum,

198 1857 234 1884 et
266 1856 410 1896 potens
443 1847 626 1884 resistere
660 1848 776 1883 debet
809 1845 976 1882 viriliter
1009 1847 1218 1893 denegare,
1266 1845 1360 1894 quia
1393 1858 1513 1882 causa

198 1906 270 1942 Dei
304 1914 361 1942 est
401 1914 541 1942 contra
581 1918 702 1954 quam
737 1904 996 1941 consenciens
1034 1904 1229 1940 incideret
1268 1903 1308 1940 in
1341 1912 1511 1940 reatum.

197 1967 246 2001 Et
269 1965 320 2001 ad
335 1972 619 2012 argumentum
635 1962 790 2000 simiale
806 1975 876 2011 per
898 1963 1032 1999 locum
1049 1975 1070 1999 a
1086 1962 1207 1998 simili
1224 1963 1271 1998 de
1292 1962 1513 2010 negacione

198 2022 338 2059 tributi
377 2022 543 2059 brachio
582 2021 752 2058 seculari
791 2021 942 2057 dictum
983 2029 1040 2057 est
1078 2020 1260 2068 superius
1300 2021 1408 2069 quod
1441 2019 1514 2056 Dei

144 2084 184 2114 ὀἷο
200 2080 408 2118 ordinacio
443 2089 500 2117 est
533 2081 641 2129 quod
675 2081 750 2116 hoc
784 2078 994 2115 brachium
1028 2078 1084 2115 sic
1117 2079 1245 2127 exigat
1278 2080 1328 2114 ad
1361 2087 1514 2114 susten-

200 2140 368 2176 tandum
392 2151 504 2175 suam
530 2137 748 2175 exactivam
774 2137 1025 2186 potenciam;
1060 2137 1151 2173 ideo
1176 2136 1271 2173 dicit
1294 2137 1513 2185 Apostolus

200 2199 250 2234 ad
285 2199 487 2234 Romanos
511 2197 632 2242 X1110‚
659 2207 702 2232 2:
743 2196 821 2246 Qti
851 2195 1082 2231 contradicit
1115 2196 1185 2231 tali
1210 2196 1396 2244 potestati
1425 2207 1513 2231 con-

199 2256 356 2292 tradicit
400 2256 477 2291 Dei
525 2255 787 2299 ordinacioni;
838 2266 917 2302 quo
972 2262 1111 2290 contra
1156 2255 1261 2289 Deus
1315 2252 1515 2289 ordinavit

200 2315 429 2351 sacerdotes
474 2325 566 2349 suos
611 2325 694 2350 esse
739 2324 935 2360 pauperes
976 2320 1012 2347 et
1055 2324 1135 2348 non
1180 2311 1238 2347 uti
1283 2310 1515 2347 huiusmodi

144 2374 181 2406 35
200 2380 418 2421 potestate3
452 2371 585 2408 fovere
609 2383 675 2407 eos
700 2379 736 2406 et
761 2372 855 2406 dare
880 2370 933 2406 eis
957 2378 1198 2417 potestatem
1222 2369 1514 2406 infundabilem

201 2429 455 2478 dyabolicam
497 2438 599 2466 esset
638 2428 710 2465 Dei
749 2427 1003 2464 ordinacioni
1038 2427 1239 2471 resistere3
1279 2427 1369 2464 talis
1409 2427 1514 2463 enim

200 2487 460 2525 sacerdotalis
496 2486 655 2524 exaccio
689 2486 790 2523 sicut
826 2486 908 2523 eius
942 2485 1158 2523 necessitas
1191 2486 1252 2522 vel
1294 2485 1515 2534 occupacio

201 2546 438 2595 prohibetur
461 2559 483 2582 a
508 2545 683 2582 Domino
717 2546 852 2594 quoad
874 2556 1009 2593 genus,
1044 2545 1112 2580 sed
1146 2543 1223 2581 alia
1256 2543 1515 2580 dominorum

201 2604 441 2641 secularium
487 2603 646 2640 exaccio
690 2616 712 2640 a
757 2605 841 2639 Deo
886 2601 1088 2649 indicitur,
1138 2611 1174 2639 et
1217 2601 1249 2638 si
1292 2615 1372 2639 una
1423 2614 1516 2650 pars

272 2794 292 2813 1.
313 2786 341 2813 A
363 2785 392 2812 in
415 2793 528 2820 marg:
549 2784 738 2820 Responsio:
771 2784 794 2811 E
815 2784 845 2811 in
868 2792 982 2819 marga
1004 2783 1139 2812 Solucio.
1267 2792 1308 2812 10.
1330 2783 1372 2811 D:
1394 2783 1516 2810 dicitur.

204 2828 246 2856 19,
268 2828 314 2847 20.
336 2820 404 2847 DE:
426 2820 484 2847 hoc
505 2819 564 2852 sic;
585 2819 624 2846 E:
647 2819 706 2846 hoc
727 2819 800 2846 fieri.
867 2826 906 2846 21.
927 2820 972 2846 A:
995 2818 1217 2846 resistenciam.
1282 2826 1325 2846 22.
1346 2819 1391 2846 A:
1413 2826 1516 2845 veram

203 2855 328 2882 scilicet.
384 2853 427 2882 23.
443 2854 482 2881 E:
504 2854 683 2886 vendicant;
705 2854 744 2881 ib.
760 2854 804 2881 A:
821 2853 1000 2880 exat-cinnes
1016 2853 1109 2880 deest.
1166 2861 1212 2888 24.
1228 2854 1272 2881 A:
1293 2853 1363 2880 inde
1378 2853 1516 2880 frivolas.

203 2889 250 2917 26.
272 2889 314 2917 D:
336 2890 468 2917 deberet.
525 2889 570 2916 28.
590 2890 634 2916 A:
658 2888 694 2916 ad
717 2889 811 2916 deest.
875 2886 913 2915 31.
936 2888 977 2915 I):
999 2887 1206 2916 exaccionem.
1268 2887 1314 2916 36.
1336 2888 1405 2915 DE:
1427 2896 1518 2924 opor-

203 2929 278 2952 teret
296 2924 362 2952 Dei.
436 2923 484 2960 39.
505 2923 574 2951 DE:
596 2932 612 2951 a
635 2924 788 2957 Domino;
810 2924 850 2950 ib.
867 2923 936 2950 DE:
959 2931 1019 2950 una
1041 2931 1182 2958 persona.

1715 277 1786 314 311

1583 401 1740 427 solution:

1551 435 1725 462 Obedicnce
1746 440 1776 462 to

1575 471 1704 502 m‘clutcs
1726 470 1751 497 is

1575 504 1688 531 limited
1713 505 1750 539 by

1551 539 1717 565 ‹ibt-dieuco
1738 544 1768 566 10

1606 574 1718 601 Christ.

1615 1267 1718 1295 Christ

1573 1311 1640 1330 com
1648 1303 1756 1329 munds

1588 1338 1715 1364 ‘resistix
1726 1346 1739 1364 e

1571 1372 1757 1399 obedience'.
