1986 3380
168 315 239 350 142

163 1008 251 1044 Papa!
276 1007 333 1034 aii-l
356 1007 423 1034 cixil

173 1045 228 1070 law
251 1048 294 1069 set
316 1042 411 1069 above

203 1078 305 1105 disine
327 1079 393 1104 law.

226 2166 330 2194 Christ
351 2167 379 2194 in

201 2202 332 2235 limiting
354 2201 400 2228 liis

227 2245 332 2271 power
352 2237 378 2263 is

183 2271 329 2307 speaking
349 2272 421 2307 only

246 2306 280 2333 (η’
299 2306 355 2333 His

217 2341 385 2376 luimanity.

746 313 968 344 JouxNNIs
990 313 1172 345 wvmw
1192 313 1447 345 SERMONUM
1511 299 1661 358 [SERW]
1683 312 1761 340 xlx.

451 420 573 456 feram
614 432 659 455 ae
693 418 847 455 facilem
891 418 998 466 eligit
1031 419 1133 455 viam
1168 419 1370 456 difficilem
1405 431 1646 456 venenosam
1687 432 1762 468 que

451 477 559 513 ducit
593 486 791 514 catervam
834 476 1048 524 plurimam
1083 478 1130 513 ad
1166 477 1377 513 infernum.
1421 479 1636 523 Quomodo
1669 489 1762 526 ergo

451 548 528 571 non
578 534 833 571 mediocriter
873 543 1012 582 peccat
1050 534 1089 570 in
1123 548 1162 571 se
1196 535 1339 583 ipsum.
1382 535 1419 571 in
1460 535 1684 583 proximum
1726 544 1762 572 et

450 593 487 628 in
522 594 673 629 Deum}
714 592 919 633 Similiter,
960 605 1049 628 cum
1090 593 1195 629 iuxta
1239 594 1354 629 iidem
1397 593 1589 641 evangelii
1628 606 1762 630 servus

449 651 515 699 qui
550 652 664 687 debet
699 650 799 686 scire
838 651 1084 687 voluntatem
1119 651 1279 687 Domini
1314 660 1350 687 et
1384 664 1463 687 non
1498 651 1602 691 facit,
1637 651 1797 699 plagis5

449 709 652 757 x'apulabit
706 707 840 744 multis
891 717 927 744 et
974 708 1011 744 in
1064 709 1140 745 fine
1191 708 1489 756 dampnabitur.
1545 710 1762 755 Quomodo

449 768 622 813 legentes
652 767 726 802 hoc
756 766 1005 813 evangelium
1038 775 1074 803 et
1100 767 1225 803 multa
1254 767 1331 803 alia
1357 766 1531 803 eiusdem
1564 766 1764 803 sentencie

449 837 492 861 ex
526 824 668 872 quibus
701 825 806 860 clare
839 826 1005 860 docetur
1034 826 1239 873 quomodo
1264 824 1444 861 Christus
1476 824 1603 860 voluit
1635 824 1764 861 vivere

449 883 597 918 clerum
634 895 747 918 suum
784 890 820 918 et
854 894 943 918 cum
978 891 1062 918 tota
1095 882 1307 929 diligencia
1341 891 1602 930 procurantes
1635 895 1761 931 oppo-

449 940 566 976 situm
593 952 717 988 usque
743 948 912 976 mortem
937 953 1017 976 non
1042 949 1131 976 sunt
1149 953 1237 976 cum
1256 949 1395 977 satana
1412 940 1763 988 condempnandi?
1785 956 1822 978 io

450 999 526 1034 Sed
552 999 626 1035 lieu
652 1011 740 1034 cum
766 1007 845 1034 tres
869 1007 958 1034 sunt
983 999 1086 1045 leges
1117 998 1259 1047 quibus
1288 999 1493 1046 regulatur
1525 998 1763 1047 respublica.

450 1056 600 1092 scilicet
639 1057 696 1092 lex
736 1055 881 1094 divina.
924 1057 981 1092 lex
1022 1056 1176 1104 papalis
1215 1057 1274 1092 vel
1314 1056 1589 1093 antichristiva
1629 1065 1666 1093 et
1705 1057 1763 1092 lex

451 1127 609 1150 cesarea
642 1115 702 1150 vel
735 1114 874 1155 civilis,
909 1123 944 1150 et
979 1127 1020 1150 ex
1055 1114 1131 1150 lide
1165 1115 1239 1150 due
1278 1123 1487 1163 sequentes
1521 1127 1600 1151 non
1634 1115 1764 1151 valent

451 1172 523 1208 nisi
575 1173 621 1208 de
667 1181 817 1220 quanto
867 1173 1084 1208 secundum
1138 1172 1263 1219 legem
1316 1172 1488 1219 primam
1535 1172 1764 1217 fundantur,

451 1239 671 1278 purgantur
716 1238 751 1266 et
796 1230 972 1277 undique
1012 1229 1257 1277 regulantur,
1303 1229 1415 1277 quasi
1462 1230 1592 1266 cuncti
1638 1231 1821 1276 legemiS

452 1288 622 1336 primam
668 1287 906 1335 despiciunt,
952 1287 1078 1334 ipsam
1130 1300 1209 1323 non
1261 1289 1433 1332 student,
1480 1288 1654 1334 cogitant
1706 1288 1764 1323 vel

452 1347 681 1385 defendunt,
707 1347 773 1381 sed
798 1346 895 1381 duas
919 1354 1128 1393 sequentes
1154 1345 1345 1381 mundani
1370 1358 1494 1394 usque
1518 1347 1565 1381 ad
1594 1354 1762 1382 mortem

452 1404 666 1439 defendunt
706 1412 741 1439 et
775 1403 987 1450 perficiunt
1027 1403 1064 1439 in
1105 1403 1259 1439 effectu.
1300 1405 1346 1438 Et
1386 1416 1475 1439 cum
1517 1415 1581 1440 rex
1620 1412 1657 1440 et
1695 1416 1765 1439 sua

451 1463 509 1497 lex
534 1461 571 1497 in
596 1461 813 1498 affeccione
838 1461 984 1497 subditi
1011 1462 1342 1509 correspondent,
1367 1470 1475 1509 patet
1499 1474 1619 1510 quam
1651 1461 1764 1497 multi

452 1528 542 1555 sunt
574 1528 752 1556 tenentes
786 1519 943 1566 dyaboli
984 1528 1103 1568 atque
1143 1518 1279 1555 mundi
1315 1527 1351 1555 et
1384 1532 1502 1568 quam
1539 1519 1656 1567 pauci
1689 1518 1766 1555 dis-
1782 1534 1823 1556 20

453 1577 570 1625 cipuli
602 1573 607 1631 l
636 1577 796 1623 Christi,
837 1585 874 1613 et
913 1590 982 1625 per
1028 1589 1275 1626 consequens
1320 1576 1538 1614 christiani.
1585 1576 1765 1614 Christus
1781 1571 1865 1633 F0¹·b

453 1635 558 1672 enim
598 1648 678 1671 non
710 1635 835 1672 voluit
867 1637 935 1671 sed
969 1635 1174 1683 prohibuit
1207 1643 1398 1682 cognatos
1436 1648 1528 1672 suos
1567 1634 1765 1683 legitimos
1781 1626 1848 1648 ²⁰⁰

453 1702 572 1742 atque
606 1692 861 1741 dignissimos
900 1693 1043 1729 florere
1082 1692 1121 1728 in
1161 1692 1282 1729 seculi
1316 1692 1508 1741 dignitate
1541 1695 1608 1730 sed
1641 1693 1766 1729 instar

453 1751 512 1788 sui
544 1751 674 1788 vivere
705 1750 901 1800 penaliter
934 1751 973 1787 in
1005 1750 1207 1788 artissima
1239 1759 1488 1799 paupertate.

512 1811 589 1846 Sed
622 1822 712 1846 cum
746 1817 853 1846 totus
887 1810 1058 1845 mundus
1091 1818 1127 1846 et
1154 1808 1297 1857 prelati
1320 1809 1444 1845 nostri
1469 1809 1658 1858 precipue
1681 1814 1822 1846 sen-25

454 1866 627 1904 tenciam
656 1867 773 1904 istam
805 1867 1028 1915 despiciunt
1052 1876 1088 1903 et
1112 1867 1306 1912 derident,
1340 1867 1534 1916 numquid
1568 1867 1767 1904 credimus

454 1926 560 1973 quod
606 1925 786 1962 Christus
830 1937 896 1961 eos
943 1925 1114 1961 finaliter
1158 1925 1416 1961 subsanabit?
1461 1926 1537 1962 Sed
1584 1925 1765 1961 Christus

455 1983 629 2020 finaliter
646 1982 817 2019 offerens
838 1983 1032 2019 medelam
1054 1982 1290 2019 humilitatis
1310 1991 1449 2019 contra
1473 1984 1575 2020 hanc
1593 1982 1764 2020 toxicam

454 2041 509 2077 sic
549 2040 771 2090 subiungit:
807 2042 950 2077 Sedere
986 2048 1111 2077 autem
1151 2042 1204 2076 ad
1236 2041 1439 2078 dexteram
1473 2041 1533 2077 vel
1569 2041 1765 2077 sinistram

453 2112 525 2135 non
558 2107 613 2135 est
637 2111 760 2135 meum
791 2100 886 2135 dare
919 2099 1023 2135 vohis
1054 2099 1122 2135 sed
1148 2099 1281 2147 quibus
1299 2106 1482 2148 paratum
1517 2106 1572 2135 est
1602 2112 1624 2134 α
1651 2106 1768 2149 patre
1784 2103 1825 2135 30

455 2169 548 2194 meo.
600 2156 675 2194 Ubi
722 2157 975 2193 manifestum
1024 2165 1095 2202 est,
1141 2169 1230 2193 cum
1278 2156 1458 2193 Christus
1503 2156 1552 2193 sit
1596 2158 1765 2193 duarum

453 2223 688 2252 naturarum
747 2223 928 2263 utraque,
981 2214 1158 2263 loquitur
1213 2214 1468 2263 singulariter
1515 2216 1563 2251 de
1612 2214 1768 2251 abiecta

454 2273 702 2309 humanitate
726 2274 944 2309 secundum
969 2285 1088 2321 quam
1114 2285 1193 2309 non
1217 2273 1335 2309 habet
1358 2274 1462 2310 unde
1485 2272 1766 2309 auctoritatem

455 2330 510 2367 eis
529 2330 678 2367 tribuat
697 2332 746 2367 ad
770 2330 1048 2367 excellenciam
1070 2331 1160 2367 talis
1175 2339 1314 2376 status,
1331 2343 1421 2367 cum
1444 2343 1524 2367 non
1547 2332 1767 2367 secundum

455 2388 563 2425 illam
598 2401 769 2437 persone
802 2388 964 2437 proprie
999 2390 1100 2425 hanc
1134 2388 1320 2437 suscepit.
1356 2388 1546 2434 Quamvis
1580 2388 1684 2425 enim
1718 2388 1767 2424 sit
1784 2391 1824 2424 35

456 2448 560 2482 Deus
600 2455 636 2483 et
676 2459 745 2494 per
783 2458 1028 2495 consequens
1073 2455 1198 2483 status
1237 2445 1420 2483 altissimi
1459 2459 1504 2483 ac
1544 2445 1768 2494 cuicunque

456 2513 637 2540 creature
661 2504 941 2541 auctoritative
964 2504 1142 2541 tribuens
1166 2517 1281 2541 suum
1311 2512 1473 2550 statum,
1497 2512 1633 2541 tamen
1656 2516 1768 2540 more

525 2622 544 2642 ι.
562 2616 605 2642 A:
649 2624 697 2642 uo.
753 2615 869 2649 .1.Ain
887 2623 1001 2650 marg.:
1021 2614 1047 2643 3.
1104 2616 1131 2642 (ἱ.
1149 2614 1188 2643 C:
1209 2615 1429 2651 dampnabitur
1443 2615 1544 2645 deest:
1566 2615 1605 2643 ib.
1622 2614 1662 2643 C:
1685 2614 1766 2651 Quo.

457 2657 493 2677 12.
510 2650 548 2677 li:
570 2650 614 2676 vel
652 2654 729 2682 eest;
753 2650 791 2677 ib.
809 2651 852 2677 A:
874 2655 917 2684 et;
939 2650 978 2677 ib.
995 2651 1022 2677 A
1039 2650 1067 2677 in
1084 2658 1196 2685 marga
1219 2650 1280 2678 Lex
1295 2650 1417 2686 triplex.
1474 2649 1513 2677 16.
1531 2649 1571 2678 C:
1593 2657 1647 2678 nec
1667 2650 1766 2685 ipsam

456 2684 587 2712 student.
654 2692 694 2719 ις).
712 2685 755 2711 A:
778 2688 858 2719 patet
878 2685 971 2712 deest.
1037 2692 1078 2711 22.
1103 2685 1169 2712 oli:
1192 2684 1297 2712 noluit.
1362 2692 1406 2715 22.
1428 2683 1470 2712 23.
1491 2685 1535 2712 A:
1558 2685 1716 2720 prohibuit
1734 2700 1767 2704 -

456 2719 563 2746 florere
578 2718 672 2746 deest.
728 2726 770 2746 22.
787 2718 826 2746 li:
843 2727 915 2745 suos
932 2719 1129 2751 karissimos:
1151 2719 1189 2746 ib.
1207 2719 1248 2746 D:
1272 2718 1441 2754 legitimos3
1463 2719 1491 2746 in
1509 2727 1621 2755 marg.2
1645 2719 1767 2747 karissi-

457 2762 533 2780 mos.
607 2751 649 2780 23.
671 2754 715 2780 A:
738 2753 900 2788 prohibere
920 2753 960 2780 in.
1029 2761 1076 2786 21.
1098 2753 1137 2780 1⁴3:
1159 2753 1320 2789 penalitate
1342 2754 1396 2780 vel.
1464 2754 1504 2782 25.
1526 2755 1570 2781 A:
1592 2755 1650 2781 sed
1674 2753 1766 2781 modo

455 2793 546 2815 totus.
595 2787 640 2814 26.
653 2788 696 2814 A:
713 2787 886 2823 despiciunt
897 2793 923 2815 et
936 2787 1035 2821 deest;
1051 2788 1091 2815 ib.
1106 2788 1144 2815 li:
1161 2788 1309 2822 numquid
1323 2788 1415 2815 deest.
1463 2795 1505 2823 27.
1519 2790 1563 2816 A:
1578 2788 1659 2824 quod
1673 2788 1768 2816 deest.

456 2823 501 2850 28.
516 2824 560 2850 A:
581 2822 725 2854 finaliter:
748 2822 786 2849 ib.
803 2823 847 2849 A:
869 2822 959 2850 hunc.
1033 2829 1078 2858 29.
1095 2823 1138 2850 A:
1161 2823 1204 2850 rel
1226 2823 1274 2850 ad.
1347 2821 1390 2857 33,
1406 2822 1451 2856 34.
1469 2823 1536 2850 lui:
1557 2822 1767 2850 auctoritative

456 2858 499 2885 eis
519 2857 631 2885 tribuat
651 2857 874 2884 excellenciam.
947 2856 990 2885 35.
1013 2857 1054 2884 D:
1077 2864 1130 2892 per
1151 2866 1181 2884 se
1202 2857 1335 2893 proprie.
1409 2856 1453 2893 37.
1474 2858 1519 2885 A:
1541 2865 1600 2885 non
1623 2865 1708 2885 more

528 2939 580 2973 29·
609 2929 771 2961 Matthaei
800 2929 877 2970 XX,
906 2929 957 2963 23.
