1986 3380
177 293 314 322 SERMO
335 284 432 343 xm]
651 299 866 332 sECUNoA
894 300 1016 332 PARS.

179 402 276 439 citer
327 405 387 440 vel
439 404 567 440 solum
621 407 839 442 secundum
895 408 1003 455 quod
1048 408 1097 444 ad
1142 416 1289 445 statum
1337 410 1493 448 virtutis
1520 427 1544 447 2.

179 470 368 509 preparat
395 462 576 510 obligans
600 464 650 498 ad
673 471 831 511 tempus
853 466 913 501 vel
935 467 1156 502 secundum
1180 476 1317 504 votum
1342 468 1492 505 factum

179 519 387 556 hominum
442 519 678 568 simpliciter
731 521 913 569 obligans
965 536 1038 571 pro
1090 532 1174 561 tota
1226 525 1393 573 periodo
1437 527 1492 563 sic

177 586 399 614 voventem.
454 579 658 623 Quantum
707 581 756 614 ad
801 580 1039 628 quiditatem
1093 581 1261 619 istorum
1315 593 1491 621 statuum

145 636 298 683 5atque
331 635 649 682 distinccionem‚
685 645 793 684 patet
817 639 1092 687 metaphysico
1116 642 1322 689 quomodo
1353 642 1492 679 distin-

176 701 369 739 guuntur:
423 702 460 729 et
514 703 623 742 patet
676 695 1028 733 conclusionaliter
1072 700 1278 746 quomodo
1325 699 1492 749 quilibet

176 759 301 787 status
346 751 511 787 viatoris
557 751 758 800 possibilis
803 755 850 790 de
901 762 1013 791 tanto
1066 765 1123 792 est
1175 769 1388 805 congruus,
1442 760 1491 794 de

176 817 326 855 quanto
359 818 549 857 preparat
586 811 635 846 ad
674 819 821 847 statum
861 811 1017 849 virtutis
1062 814 1353 861 insensibilem3
1399 828 1489 852 cum

175 865 280 902 enim
314 879 384 914 per
427 879 467 903 se
512 867 599 904 finis
643 868 771 904 tocius
815 878 941 906 status
986 870 1130 907 viantis
1174 872 1223 908 sit
1267 873 1488 920 beatitudo,

119 936 158 958 ιο
174 932 283 971 patet
316 925 425 973 quod
458 933 583 961 status
616 926 819 974 predictus
854 929 901 964 de
940 938 1091 977 quanto
1129 931 1180 966 ad
1218 931 1324 968 hunc
1368 931 1488 969 finem

173 990 361 1029 preparat
394 983 651 1020 solummodo
697 993 754 1020 est
799 987 1011 1023 curandus.
1062 987 1167 1033 Quid
1212 989 1317 1025 enim
1370 990 1489 1027 refert

172 1039 251 1076 sive
295 1039 425 1076 viator
468 1040 573 1077 vivat
617 1051 660 1078 ut
704 1042 853 1079 vixerat
899 1044 1079 1092 Baptista
1122 1045 1161 1082 in
1205 1046 1407 1084 alimentis
1453 1057 1490 1085 et

170 1098 412 1145 tegumentis
435 1098 515 1135 sive
538 1108 580 1136 ut
604 1099 784 1137 Christus
807 1101 956 1139 vixerat
980 1115 1069 1139 cum
1094 1104 1170 1140 hoc
1203 1106 1311 1153 quod
1346 1106 1488 1143 modus

170 1154 235 1191 ille
279 1155 434 1192 vivendi
480 1156 529 1193 sit
573 1159 623 1194 ad
667 1161 995 1207 consequendum
1040 1162 1116 1198 hoc
1160 1162 1359 1210 premium
1399 1164 1488 1213 plus

117 1216 369 1250 15consonus
402 1227 474 1251 suo
508 1214 600 1252 fini?
645 1218 746 1253 Nam
786 1230 857 1266 per
894 1231 934 1255 se
974 1218 1062 1256 finis
1100 1222 1322 1258 secundum
1356 1222 1486 1270 philo-

170 1272 318 1320 sophos
352 1281 556 1309 mensurat
589 1273 720 1311 media
752 1276 802 1311 ad
836 1277 1019 1313 eundem.

227 1331 282 1365 Ex
326 1329 410 1366 istis
456 1330 583 1367 fidelis
633 1341 764 1380 potest
811 1335 986 1371 secundo
1032 1334 1176 1373 elicere
1227 1339 1335 1385 quod
1380 1347 1485 1375 secte

169 1388 324 1424 novelle
367 1401 443 1436 que
486 1389 574 1436 plus
618 1390 738 1426 statui
783 1390 1003 1429 insensibili
1040 1393 1220 1431 virtuoso
1253 1395 1483 1433 sensibilem

169 1453 316 1481 statum
350 1447 560 1482 attendunt
592 1457 683 1484 sunt
716 1450 763 1484 de
795 1450 1060 1497 generacione
1087 1464 1262 1501 nequam
1287 1454 1482 1501 adultera,

110 1516 152 1538 20
169 1515 258 1539 cum
304 1504 530 1551 postposito
575 1517 646 1553 per
689 1518 730 1542 se
775 1507 851 1543 fine
902 1508 1047 1545 viantis
1099 1519 1247 1547 statum
1296 1512 1481 1549 fallacem

167 1560 396 1598 sensibilem
430 1562 519 1610 plus
551 1564 776 1600 attendunt.

223 1619 440 1667 Supposita
473 1629 606 1657 autem
641 1621 855 1659 existencia
887 1632 1086 1661 sectarum
1121 1625 1262 1662 talium
1296 1636 1406 1675 patet
1439 1640 1483 1665 ex

165 1676 410 1714 diffinicione
443 1678 591 1715 Christi
624 1681 765 1717 Matth.
799 1682 902 1727 X110,
931 1682 980 1729 39
1015 1684 1124 1731 quod
1157 1683 1264 1721 dicta
1296 1685 1481 1723 condicio

164 1733 240 1771 illis
274 1734 393 1773 inest:
433 1737 661 1785 Generacio,
695 1737 837 1787 inquit,
870 1740 1051 1777 adultera
1079 1741 1233 1792 signum
1267 1743 1412 1791 querit;
1444 1753 1481 1781 et

107 1791 372 1830 25involucr0
422 1794 627 1842 signorum
678 1796 819 1833 talium
871 1798 1083 1835 abscondit
1126 1801 1322 1847 dyabolus
1365 1814 1479 1839 suam

163 1851 394 1899 ypocrisim,
439 1865 576 1900 ymmo
621 1866 712 1890 cum
757 1854 1006 1903 impossibile
1050 1856 1100 1894 sit
1144 1858 1350 1896 hominem
1397 1872 1480 1897 esse

137 1910 325 1952 gbeatum
355 1907 359 1963 Ι
387 1910 463 1947 nisi
496 1912 584 1959 plus
623 1914 820 1960 ponderet
864 1926 980 1951 suum
1025 1924 1174 1952 statum
1219 1925 1258 1953 et
1296 1917 1479 1955 habitum

162 1966 399 2014 virtuosum,
434 1977 544 2017 patet
576 1971 794 2007 conclusio.
828 1972 971 2010 Melius
994 1973 1096 2010 foret
1119 1976 1228 2023 quod
1260 1983 1386 2012 status
1417 1977 1479 2013 vel

164 2024 375 2074 religiones
407 2026 560 2075 private
593 2029 692 2065 tales
725 2029 931 2067 sensibiles
963 2032 1220 2080 pretermisse
1244 2032 1323 2070 sint
1355 2047 1477 2083 quam

105 2086 148 2119 30
163 2085 272 2131 quod
304 2085 456 2121 mundo
488 2085 544 2122 sic
578 2086 802 2124 declinante
826 2089 876 2125 ad
898 2090 1116 2138 ypocrisim
1140 2100 1298 2128 tantum
1323 2092 1479 2141 magni—

163 2141 279 2178 ficate
316 2142 447 2179 forent
480 2152 517 2180 et
549 2146 651 2181 adeo
689 2145 894 2194 ampliate.
936 2149 1087 2185 Omnes
1127 2148 1233 2186 enim
1273 2151 1373 2187 tales
1418 2150 1477 2201 (ut

162 2211 206 2235 ex
238 2199 382 2236 effectu
414 2202 680 2251 convincitur)
716 2212 808 2240 sunt
845 2205 1030 2253 specialis
1069 2206 1186 2244 nidus
1231 2208 1393 2256 dyaboli
1436 2208 1477 2245 in

162 2270 240 2306 quo
272 2270 390 2294 suum
422 2272 619 2297 venenum
654 2275 733 2310 quo
773 2262 947 2300 illudunt
985 2265 1136 2313 populo
1176 2274 1213 2302 et
1252 2265 1476 2315 indigentes

159 2315 336 2364 spoliant
368 2318 609 2355 occultatur.

100 2375 141 2409 35
217 2375 379 2420 Iterum,
414 2375 454 2412 in
486 2384 669 2425 tempore
709 2378 858 2415 Christi
897 2388 935 2416 et
974 2392 1140 2417 suorum
1180 2382 1473 2430 apostolorum,

158 2433 320 2480 quando
354 2434 481 2482 magis
513 2435 684 2472 florebat
724 2437 905 2483 ecclesia,
940 2438 1153 2487 religiones
1186 2441 1285 2477 tales
1318 2441 1474 2489 private

75 1889 134 1941 ΡΟ]

74 1945 133 1978 193

1728 313 1779 348 99

1567 429 1623 448 our
1644 426 1718 449 state
1738 423 1768 450 in

1615 457 1675 487 lise,

1517 766 1616 794 which
1639 768 1664 795 is
1683 769 1764 803 good

1548 810 1580 828 so
1602 805 1647 829 1211·
1667 811 1700 829 as
1720 804 1742 830 it

1511 844 1655 872 pra-pares
1677 846 1710 864 us
1730 838 1778 865 for

1599 872 1682 898 bliss.

1508 1346 1574 1374 The
1596 1352 1673 1375 sects
1694 1356 1761 1376 care

1527 1388 1608 1410 most
1628 1384 1676 1410 sor
1696 1384 1745 1410 the

1522 1418 1640 1453 earthly
1662 1422 1748 1445 state.

1518 2390 1585 2418 The
1605 2396 1685 2419 sects
1705 2393 1737 2420 of

1526 2426 1576 2453 the
1596 2426 1646 2454 old
1669 2427 1726 2454 law

1498 2468 1576 2488 were
1597 2461 1760 2498 destroyed

156 2489 255 2537 legis
297 2491 441 2528 veteris
485 2502 576 2529 sunt
620 2495 833 2532 destructe.
884 2498 966 2532 Nec
1011 2497 1151 2534 exhinc
1201 2510 1245 2535 ex
1289 2494 1761 2536 doctrinainchrist'stime.

157 2546 305 2584 Christi
326 2549 388 2586 vel
409 2562 575 2587 suorum
600 2551 890 2601 discipulorum
915 2553 1155 2602 religionum
1178 2556 1320 2593 talium
1343 2557 1472 2595 racio—

223 2689 249 2709 2.
263 2683 309 2710 A:
325 2683 465 2720 obligans
480 2689 531 2713 aut
545 2690 705 2722 acceptus:
725 2686 767 2715 ib.
782 2687 852 2716 DE:
869 2692 978 2716 totum.
1028 2688 1054 2717 3.
1070 2690 1115 2718 A:
1130 2694 1206 2718 toto.
1257 2690 1282 2719 5.
1298 2691 1341 2719 D:
1357 2691 1472 2720 discre—

155 2716 286 2745 cionem.
351 2718 379 2746 6.
394 2720 440 2747 A:
462 2720 621 2748 conclusio
636 2722 824 2750 naturaliter.
890 2731 919 2759 9.
935 2723 960 2750 E
974 2724 1004 2751 in
1020 2732 1136 2760 marg.:
1157 2725 1261 2753 Status
1275 2725 1345 2753 finis
1359 2735 1414 2762 per
1428 2736 1470 2755 se.

155 2759 197 2778 10.
218 2752 263 2779 A:
286 2752 323 2780 ad
344 2753 433 2781 hanc.
494 2763 532 2783 12.
553 2756 597 2783 A:
619 2765 687 2784 sum
709 2757 825 2791 viator:
846 2757 887 2785 ib.
904 2758 972 2786 DE:
995 2759 1083 2787 sicut.
1141 2758 1180 2788 13.
1195 2761 1240 2788 A:
1262 2760 1287 2788 si
1308 2768 1378 2788 cum
1400 2761 1469 2789 hoc.

155 2786 196 2813 16.
218 2786 286 2814 DE:
308 2795 362 2826 per
382 2797 413 2815 se
433 2795 602 2818 mensurat.
686 2799 728 2828 19.
748 2791 773 2819 E
793 2792 823 2819 in
846 2801 912 2820 mar
936 2803 960 2820 .:
982 2793 1069 2821 Secte
1090 2795 1209 2822 novelle
1230 2799 1301 2822 sunt
1320 2795 1467 2823 adultere.

153 2827 201 2855 24.
221 2821 291 2849 DE:
312 2830 343 2849 m
363 2823 423 2850 illis
444 2829 505 2859 est;
526 2824 567 2853 ib.
582 2826 628 2853 A:
650 2826 673 2853 si
700 2834 747 2854 na.
812 2827 856 2855 25.
878 2828 902 2854 D
941 2837 948 2855 ε
968 2828 999 2855 in
1020 2829 1186 2857 voluntate.
1251 2837 1299 2866 29.
1320 2830 1390 2858 DE:
1411 2836 1467 2858 est.

153 2862 202 2891 29.
222 2856 268 2883 A:
288 2856 412 2885 fuerunt
452 2867 534 2887 uam.
612 2859 653 2888 31.
702 2861 743 2888 E:
765 2861 852 2896 adeo,
873 2861 903 2889 id
924 2867 970 2890 est
989 2863 1020 2890 in
1040 2867 1170 2892 tantum.
1243 2863 1288 2892 32.
1308 2865 1354 2892 A:
1377 2865 1468 2900 spiri-

153 2890 261 2923 tualis;
290 2891 331 2919 ib.
352 2893 397 2920 A:
450 2893 543 2921 iaboli
570 2894 665 2923 deest.
807 2895 855 2931 34.
876 2897 946 2925 DE:
967 2898 1096 2933 spoliat;
1125 2898 1166 2926 ib.
1186 2899 1232 2926 A:
1262 2899 1465 2927 occultantur.

154 2923 198 2952 35.
219 2925 274 2952 ΑΕ
294 2925 323 2952 in
346 2934 460 2961 marg:
483 2936 508 2956 2.
564 2928 608 2964 37.
625 2929 694 2957 DE:
715 2931 826 2958 veteris
847 2931 941 2959 deest.
996 2931 1042 2960 38.
1059 2934 1086 2960 A
1100 2932 1130 2960 in
1147 2941 1261 2968 marg:
1282 2933 1465 2969 Religiones.
