1986 3380
166 929 204 950 lo

167 1210 203 1242 15

165 1510 205 1530 20

171 2372 208 2404 35

169 2673 212 2703 40

219 285 353 313 SERMO
372 274 524 331 xxxvi]
682 287 892 319 securim.
922 286 1046 317 PARs.
1197 276 1200 280 ’
1739 277 1816 312 265

279 397 354 431 Sed
396 395 487 443 quia
536 394 730 441 contingit
777 393 831 429 sic
871 392 1138 428 turrilicantes
1184 404 1276 439 sepe
1317 394 1533 439 procedere

220 455 435 501 pugnando
495 465 583 488 cum
644 452 837 492 hostibus,
888 451 976 486 ideo
1037 451 1257 486 secundum
1310 450 1533 497 exemplum

221 511 367 548 Christi
408 519 464 546 est
503 512 550 546 de
590 522 679 557 rege
720 509 786 557 qui
827 517 884 545 est
923 521 1012 544 cum
1055 507 1227 544 exercitu
1267 516 1533 555 pugnaturus:

226 569 335 618 Quis,
380 567 521 616 inquit,
569 580 642 603 rex
692 568 816 603 iturus
867 567 1107 602 committere
1157 566 1295 602 bellum
1348 566 1537 601 adversus

219 627 336 662 alium
382 639 529 676 regem,
568 638 689 661 nonne
725 626 859 661 sedens
894 625 1006 674 prius
1039 624 1184 674 cogitat
1216 624 1249 659 si
1286 624 1408 672 possit
1452 635 1535 658 cum

220 686 347 721 decem
399 684 566 719 millibus
616 696 823 719 occurrere
874 684 907 718 ei
949 683 1013 730 qni
1057 694 1141 717 cum
1190 682 1328 731 viginti
1371 681 1538 716 millibus

223 743 320 779 venit
343 743 394 777 ad
415 743 484 777 sef’
499 743 574 777 Iste
598 753 663 777 rex
687 750 742 777 est
759 741 988 789 quicunque
1010 740 1210 776 virtuosus
1228 739 1292 787 qui
1316 740 1535 775 secundum
1560 747 1627 774 The
1648 747 1726 781 King
1749 748 1817 785 >xlm

220 801 314 836 istas
358 799 523 835 virtutes
569 798 727 835 edificat
774 798 847 834 sibi
896 798 1053 836 turrim.
1103 799 1170 833 sed
1217 810 1281 833 rex
1336 797 1435 834 alius
1481 806 1537 832 est
1580 783 1801 844 ρῖξᾞὲῖῗίἓιῇιξς

221 859 414 906 dyabolus
438 857 504 905 qui
529 865 585 893 est
611 869 675 893 rex
699 869 817 905 super
841 869 980 892 omnes
1004 856 1108 892 filios
1133 855 1318 903 superbie
1342 868 1432 891 cum
1457 867 1537 902 quo
1645 852 1735 879 deril.

221 925 380 964 oportet
414 915 634 964 quemlibet
668 914 983 963 predestinatum
1027 916 1075 950 ad
1114 914 1282 961 gloriam
1318 915 1536 951 decertare.

221 975 310 1010 ideo
341 982 499 1021 oportet
523 973 642 1009 istum
674 973 713 1009 in
738 973 869 1021 quiete
900 981 936 1008 et
960 971 1093 1007 studio
1118 972 1307 1019 cogitare,
1333 972 1538 1019 quomodo

222 1045 312 1069 cum
338 1033 510 1079 dyabolo
535 1040 570 1067 et
594 1030 674 1067 suis
698 1030 964 1078 complicibus
980 1030 1214 1066 decertabit.
1241 1032 1386 1065 Decem
1405 1038 1537 1065 autem

223 1090 346 1126 millia
380 1099 469 1125 sunt
503 1089 730 1137 spirituales
764 1089 968 1125 adiutores
1001 1088 1272 1124 universitatis
1307 1096 1537 1123 sanctorum

222 1147 419 1185 stancium
442 1147 481 1183 in
505 1147 763 1184 obser-rancia
785 1148 1082 1185 mandatorum,
1101 1155 1137 1182 et
1152 1146 1288 1193 viginti
1310 1145 1434 1181 millia
1451 1154 1540 1181 sunt

221 1215 498 1254 apostatarum
527 1205 764 1242 universitas
788 1205 853 1253 qui
878 1206 1097 1241 secundum
1123 1204 1312 1240 infamem
1338 1203 1538 1239 binarium

222 1264 560 1313 prevaricacionis
606 1263 785 1311 decalogi
828 1263 1097 1310 duplicantur.
1148 1263 1248 1298 Cum
1289 1262 1366 1298 isto
1405 1270 1537 1297 autem

222 1322 395 1360 exercitu
428 1331 588 1370 oportet
615 1322 835 1357 virtuosum
866 1322 969 1357 exire
998 1334 1070 1368 pro
1101 1320 1256 1368 premio
1285 1322 1333 1356 ad
1363 1332 1541 1367 pugnan-

223 1383 336 1421 dum:
354 1381 443 1416 ideo
460 1380 589 1428 ipsum
607 1388 765 1427 oportet
782 1379 821 1415 in
838 1388 969 1416 castro
986 1379 1177 1415 virtutum
1198 1380 1343 1414 habere
1363 1378 1537 1414 studium

220 1440 280 1475 vel
313 1438 614 1487 providenciam
649 1439 854 1486 quomodo
889 1446 1045 1473 tantum
1081 1436 1296 1473 exercitum
1322 1435 1539 1484 superabit.

278 1499 326 1532 Et
360 1509 449 1533 cum
485 1505 691 1532 armatura
724 1495 943 1543 spiritualis
978 1495 1017 1530 in
1050 1494 1124 1531 ista
1158 1507 1291 1542 pugna
1325 1494 1373 1530 sit
1406 1507 1539 1530 neces-
1600 1501 1736 1536 Sending
1757 1510 1793 1539 ιω

221 1555 338 1595 saria,
373 1563 534 1602 oportet
567 1555 673 1602 quod
709 1555 755 1590 de
789 1553 874 1601 ipsa
907 1553 1073 1589 omnino
1107 1553 1334 1600 provideat:
1374 1553 1540 1600 alioquin
1573 1536 1761 1606 jgssanssffi
1781 1545 1810 1597 ἒξ

222 1614 393 1664 dyabolo
432 1620 572 1662 agente
608 1624 701 1648 suos
741 1611 908 1647 insultus
949 1612 1064 1661 longe
1098 1623 1119 1646 a
1153 1611 1215 1647 die
1247 1610 1385 1647 iudicii
1420 1611 1540 1646 mittet
1557 1607 1605 1633 ¹¹¹0
1625 1605 1733 1633 devii’s
1755 1605 1830 1633 side.

222 1672 458 1721 legacionem
498 1679 705 1719 tamquam
747 1682 926 1706 asserens
959 1681 998 1705 se
1033 1669 1260 1705 convictum
1296 1677 1332 1704 et
1367 1669 1539 1716 dyabolo

221 1730 356 1765 sedule
391 1727 647 1764 ministrabit.
683 1727 923 1776 Quicunque
957 1726 1062 1763 enim
1096 1726 1237 1763 relicto
1263 1726 1411 1762 Christi
1445 1739 1538 1763 con-

223 1787 311 1825 silio
341 1786 503 1823 insudat
532 1786 572 1822 in
603 1785 763 1834 dyaboli
794 1785 1018 1822 ministerio
1051 1786 1165 1820 mittit
1189 1785 1425 1835 legacionem
1450 1784 1541 1820 huic

224 1845 305 1893 regi
339 1844 536 1893 superbie.
577 1853 804 1892 protestans
843 1845 950 1892 quod
992 1844 1074 1879 vult
1113 1856 1238 1892 usque
1272 1842 1312 1878 in
1347 1843 1466 1879 finem
1502 1842 1540 1878 in

223 1916 295 1941 suo
340 1902 513 1940 exercitu
558 1902 744 1948 militare,
798 1910 835 1938 et
879 1911 1045 1950 propter
1098 1914 1238 1950 pacem
1293 1902 1540 1937 mundanam

226 1963 453 1998 habendam
486 1962 547 1997 vel
570 1960 855 2009 temporalium
891 1959 1146 1997 affluenciam
1181 1961 1230 1995 ad
1261 1960 1444 1996 horulam
1480 1959 1543 1994 hic

226 2020 265 2056 in
287 2019 351 2056 via
374 2019 525 2067 obligat
556 2031 596 2055 se
620 2018 843 2067 proditorie
874 2031 916 2054 ex
939 2027 1052 2066 parte
1079 2017 1240 2065 dyaboli
1264 2017 1319 2053 sic
1343 2030 1541 2065 pugnare:

169 2083 184 2115 ζ’
226 2091 316 2115 nam
360 2077 501 2113 divisio
546 2077 783 2113 immediata
829 2085 886 2113 est
933 2078 1041 2124 quod
1087 2075 1353 2112 militancium
1403 2075 1465 2111 hic
1505 2075 1541 2110 in

225 2136 288 2173 via
321 2135 540 2184 quemlibet
574 2144 734 2183 oportet
766 2136 827 2171 vel
861 2147 944 2171 esse
978 2147 1068 2170 cum
1095 2134 1255 2171 Christo
1289 2133 1356 2182 qui
1391 2142 1447 2169 est
1481 2146 1544 2169 rex

225 2194 354 2231 tocius
395 2194 547 2235 mundi,
581 2194 642 2230 vel
682 2206 771 2229 cum
808 2193 981 2240 dyabolo
1013 2192 1196 2240 principe
1231 2192 1346 2227 huius
1385 2191 1543 2230 mundi:

226 2265 318 2289 nam
352 2261 394 2287 ut
428 2251 522 2288 dicit
544 2251 701 2287 Veritas
725 2253 846 2287 (Luce
870 2252 954 2289 ΧΓ),
983 2251 1067 2295 23);
1099 2250 1176 2293 Qui
1206 2263 1278 2285 non
1311 2257 1366 2285 est
1399 2262 1544 2285 mecum

225 2311 432 2347 adversm
468 2323 526 2346 me
557 2317 625 2353 est,
648 2317 682 2345 et
705 2310 768 2358 qui
790 2322 862 2345 non
886 2309 1035 2358 colligit
1059 2320 1204 2344 mecum
1229 2308 1432 2357 dispergit.
1469 2307 1545 2352 Qui

227 2369 332 2405 enim
362 2381 443 2404 non
475 2367 626 2415 colligit
656 2380 746 2403 cum
772 2367 932 2403 Christo
956 2368 1057 2402 vires
1088 2365 1219 2402 anime
1249 2378 1322 2413 pro
1351 2365 1544 2402 virtutum

226 2427 454 2474 sumptibus
500 2426 743 2474 exponendis
791 2424 982 2472 dispergit
1030 2437 1117 2460 cum
1168 2424 1341 2471 dyabolo
1385 2423 1545 2459 sinistra

227 2497 350 2533 opera
374 2497 546 2532 quorum
570 2484 773 2520 naturales
797 2483 981 2531 potencie
1013 2491 1125 2518 erant
1149 2483 1199 2518 ad
1224 2482 1344 2517 finem
1369 2481 1544 2529 priorem

228 2545 318 2580 date
352 2543 425 2579 sibi
460 2556 482 2579 a
515 2542 691 2579 Domino
725 2541 916 2589 graciose.

285 2603 333 2636 Et
363 2609 473 2649 patet
503 2613 546 2637 ex
576 2613 767 2648 processu
798 2599 929 2636 tocius
958 2598 1150 2646 evangelii
1175 2600 1282 2646 quod
1306 2598 1361 2634 sic
1386 2598 1546 2634 conclu-

229 2661 403 2696 dendum
451 2668 508 2695 est
547 2661 594 2694 de
634 2658 813 2706 quolibet
853 2657 1001 2694 Christi
1041 2656 1238 2704 discipulo
1278 2657 1385 2705 quod
1426 2655 1548 2691 munis

298 2755 316 2774 1.
330 2748 373 2774 A:
391 2747 447 2774 sibi
464 2747 658 2774 turrilicalos.
714 2754 740 2774 2.
755 2747 784 2773 A
800 2747 828 2773 in
846 2754 958 2780 marga
977 2745 1164 2772 Secundum.
1223 2743 1246 2771 3.
1263 2744 1303 2771 E:
1320 2743 1435 2771 Christi
1452 2743 1545 2771 deest.

229 2783 256 2807 ι’..
277 2782 320 2808 A:
344 2789 535 2809 concurrere.
609 2781 635 2807 8.
652 2781 724 2808 Ain
747 2789 861 2814 marga
882 2780 941 2807 Rex
964 2780 1138 2814 dupliciter.
1214 2788 1253 2806 10.
1275 2778 1344 2806 DE:
1366 2786 1456 2813 quern
1480 2787 1547 2817 prc-

229 2816 425 2844 dcstinatum.
500 2825 533 2843 11.
549 2816 617 2843 DE:
640 2816 743 2851 ipsum
764 2816 805 2843 in.
880 2814 974 2842 13.1-;:
997 2815 1150 2850 specialis.
1226 2823 1265 2848 ii.
1282 2814 1326 2840 A:
1348 2818 1481 2840 statuum
1506 2821 1546 2840 in.

229 2859 275 2885 ει.
296 2851 320 2878 Ε
340 2851 369 2878 in
391 2859 505 2885 marga
526 2850 617 2878 Nota.
690 2850 733 2877 32.
755 2851 799 2878 A:
822 2850 927 2877 mundi
951 2850 1044 2876 deest.
1118 2848 1163 2876 38.
1185 2848 1224 2876 E:
1246 2848 1389 2883 gloriose.

298 2922 400 2954 4—7.
431 2913 545 2944 Lucae
574 2912 664 2952 XIV,
692 2911 745 2944 31.
845 2920 897 2942 21.
925 2911 970 2942 ib.
1001 2910 1054 2941 32.
