1986 3380
203 278 338 307 SERMO
361 268 469 326 xxx]
671 282 882 315 SECUNDA
913 284 1038 316 PARS.

203 398 364 424 actuum
399 388 563 435 capiunt
597 388 960 425 individuacioncm
998 402 1018 425 a
1043 389 1236 435 subiecto,
1271 399 1380 438 patet
1405 392 1511 439 quod

202 458 274 482 nec
307 456 419 483 actus
454 446 601 483 Christi
634 459 705 482 nec
740 446 848 482 modi
882 460 1020 483 eorum
1055 456 1221 495 possunt
1256 448 1339 484 fieri
1363 450 1411 484 ab
1435 448 1512 484 alia

202 516 391 551 persona3
445 504 534 540 ideo
579 504 788 552 supposita
833 517 923 541 cum
969 506 1044 541 hoc
1079 505 1339 542 induracione
1374 519 1510 542 eorum

202 561 369 609 ingrata,
426 570 534 610 patet
573 561 902 599 irremissibilitas
947 562 1100 610 peccati
1146 564 1225 609 sui3
1279 566 1346 600 sed
1393 577 1511 600 causa

167 619 474 656 fiinduracionis
519 632 587 655 sue
635 620 790 656 malicie
835 621 1000 668 aliquod
1052 622 1201 657 bonum
1254 622 1364 667 fecit,
1420 622 1513 670 quia

200 677 407 714 veritatem
442 677 547 713 illius
581 676 744 726 (psalm.
779 680 970 724 XXXlVs‘,
1004 692 1049 724 14
1089 679 1175 715 odio
1208 680 1422 716 hahuerunt
1456 692 1514 715 me

199 736 346 785 gratis)
380 734 546 772 ecclesie
581 735 811 772 declaravit.
848 736 958 772 Sicut
992 736 1096 773 enim
1131 739 1236 774 Deus
1268 751 1349 774 non
1382 746 1513 786 potest

201 793 352 829 malum
386 793 595 841 dampnati
629 793 757 830 sinere
791 794 866 830 nisi
892 794 1023 842 ipsum
1057 795 1183 832 beatis
1216 795 1416 844 proficiat,
1457 795 1512 832 sic

199 863 281 887 non
328 860 461 900 potest
505 850 714 888 veritatem
760 852 915 899 peccati
960 853 1119 900 impleri
1165 853 1398 901 permittere
1436 854 1512 890 nisi

146 908 286 956 10ipsa
318 910 495 946 verificet
533 909 816 957 propheciam;
862 923 954 947 nam
994 911 1166 947 videndo
1206 924 1276 959 per
1318 912 1513 949 miracula

200 967 347 1003 Christi
372 981 447 1016 que
471 967 566 1016 ipsis
590 977 778 1004 sonarent
802 968 840 1004 in
865 970 1125 1005 commodum
1155 969 1185 1005 si
1220 970 1287 1007 illa
1314 970 1512 1007 voluerint

199 1035 427 1073 acceptasse
456 1022 459 1077 Ι
490 1026 594 1062 male
610 1025 861 1074 interpretati
877 1035 980 1073 sunt,
999 1027 1243 1064 ascribentes
1259 1030 1511 1065 eaBelzebub

198 1087 255 1128 (ut
288 1092 397 1131 patet
429 1085 571 1120 Matth.
605 1085 723 1130 X110)‚
758 1093 795 1121 et
827 1097 898 1133 per
932 1097 1179 1134 consequens
1210 1086 1250 1122 in
1283 1086 1408 1135 patris
1441 1100 1511 1135 po-

198 1141 371 1178 tenciam
426 1142 786 1190 blasphemabant3
853 1142 942 1179 ideo
998 1153 1079 1180 tam
1132 1144 1334 1181 Christum
1390 1158 1510 1194 quam

145 1200 353 1247 15patrem
386 1212 502 1236 suum
536 1200 658 1248 gratis
691 1202 872 1248 oderant,
917 1201 1010 1250 quia
1049 1201 1116 1238 ubi
1150 1215 1314 1240 causam
1347 1203 1510 1240 amandi

198 1258 334 1294 datam
368 1258 518 1294 directe
551 1259 787 1305 habuerant,
823 1272 984 1296 causam
1021 1260 1184 1297 odiendi
1209 1260 1403 1298 indirecte
1427 1275 1511 1298 sus-

198 1324 399 1363 ceperant.
434 1319 481 1352 Et
515 1316 578 1353 hic
611 1317 792 1365 arguitur
826 1318 1096 1354 communiter
1116 1320 1223 1367 quod
1248 1319 1430 1356 Christus
1454 1329 1511 1357 est

198 1386 318 1410 causa
350 1387 420 1422 per
452 1387 492 1410 se
527 1374 799 1424 cuiuscunque
832 1376 1002 1412 malicie.
1037 1379 1137 1413 Nam
1175 1379 1233 1423 (ut
1267 1377 1362 1414 dicit
1395 1392 1510 1415 evan-

197 1431 360 1478 gelium)
395 1431 426 1468 si
470 1432 652 1469 Christus
685 1446 765 1469 non
798 1434 953 1470 fecisset
987 1435 1058 1471 hec
1098 1448 1234 1483 opera,
1281 1438 1509 1473 sacerdotes

141 1501 181 1521 20
197 1489 339 1537 perfidi
372 1502 453 1526 non
483 1490 615 1526 taliter
639 1501 884 1539 peccassent.
921 1492 1120 1540 Operacio
1149 1506 1241 1541 ergo
1266 1494 1509 1531 miraculosa

197 1547 344 1583 Christi
378 1547 450 1583 fuit
484 1560 603 1585 causa
637 1549 696 1585 sui
730 1550 898 1597 peccati.
934 1553 1035 1587 Nam
1070 1551 1100 1586 si
1136 1551 1316 1588 Christus
1350 1555 1399 1589 ab
1423 1553 1508 1589 istis

195 1605 370 1653 peccatis
415 1606 648 1643 omnimode
698 1607 900 1657 tacuisset,
954 1621 1172 1657 namquam
1218 1609 1294 1647 ista
1340 1611 1509 1659 perfidia

195 1663 462 1700 successisset.
505 1666 605 1701 Cum
639 1678 734 1713 ergo
768 1665 950 1702 Christus
984 1667 1090 1703 clarc
1124 1677 1289 1715 perante
1323 1669 1509 1717 cognovit

195 1733 238 1757 ex
270 1735 341 1759 sua
373 1721 452 1758 vita
485 1722 592 1759 istud
616 1732 828 1771 peccatum
850 1725 1069 1760 Judeorum
1098 1728 1328 1773 succedere,
1353 1727 1509 1764 videtur

137 1781 175 1812 25
194 1781 299 1828 quod
334 1780 456 1828 gratis
490 1780 667 1818 causavit
700 1794 839 1818 eorum
864 1792 1074 1831 peccatum
1099 1797 1140 1820 ex
1165 1797 1236 1820 suo
1261 1797 1394 1833 opere.
1429 1788 1509 1822 Nec

194 1837 287 1885 fingi
336 1847 467 1886 potest
514 1838 609 1887 quin
656 1852 725 1887 per
777 1853 817 1876 se
863 1850 899 1877 et
945 1841 1286 1890 principalissime
1331 1843 1508 1880 causavit

191 1895 308 1932 istam
333 1896 559 1944 perfidiam,
594 1897 687 1945 quia
710 1911 793 1935 non
817 1899 935 1936 habet
961 1912 1123 1936 causam
1147 1900 1223 1937 nisi
1247 1901 1287 1937 in
1312 1910 1507 1950 quantum

191 1953 294 2002 sapit
327 1956 491 2001 bonum,
534 1955 635 1991 sicut
668 1969 749 1992 non
783 1956 929 1993 dicitur
976 1970 1059 1994 esse
1093 1960 1161 1995 sed
1195 1959 1337 2007 pocius
1371 1961 1507 1996 deesse

189 2013 409 2049 secundum
443 2012 562 2050 aliam
598 2013 816 2051 racionem.
859 2016 937 2052 Sed
970 2025 1163 2064 quantum
1200 2019 1249 2054 ad
1283 2017 1506 2055 bonitatem

134 2069 174 2102 30
190 2069 462 2119 cuiuscunque
485 2071 652 2119 peccati,
678 2081 787 2120 patet
810 2075 916 2122 quod
943 2083 999 2110 est
1023 2075 1253 2112 seducibilis
1272 2078 1322 2113 ad
1342 2089 1504 2113 causam

189 2127 364 2176 primam
398 2138 441 2165 ut
474 2142 637 2166 causam
678 2143 747 2178 per
792 2144 832 2168 se
877 2141 913 2168 et
959 2132 1356 2181 principalissimam,
1412 2148 1506 2183 ergo

189 2195 319 2223 totum
366 2188 442 2224 hoc
490 2196 702 2236 peccatum
748 2197 785 2225 et
831 2191 1102 2240 quodcunque
1142 2191 1251 2228 aliud
1291 2205 1362 2241 per
1395 2206 1435 2230 se
1468 2202 1505 2230 et

189 2244 464 2293 principaliter
498 2245 717 2283 seducibile
749 2256 807 2284 est
840 2249 888 2284 ad
924 2250 1066 2286 Deum.
1121 2251 1202 2286 Nec
1245 2251 1350 2287 valet
1390 2264 1504 2288 excu-

188 2302 296 2339 sacio
331 2312 448 2352 capta
481 2316 503 2340 a
537 2305 655 2341 beato
688 2305 910 2353 Augustino
944 2308 1052 2355 quod
1070 2315 1272 2357 peccatum
1297 2322 1369 2345 non
1393 2310 1504 2346 habet

132 2361 171 2394 35
186 2373 341 2397 causam
365 2362 591 2411 efficientem
615 2364 683 2399 sed
705 2364 950 2413 deficientem.
986 2367 1085 2402 Nam
1111 2365 1313 2403 intellecto
1336 2377 1504 2416 peccato

187 2418 471 2456 formalissime
504 2433 577 2468 pro
612 2421 781 2468 defectu,
821 2430 931 2470 patet
971 2425 1079 2472 quod
1118 2423 1250 2472 ipsum
1290 2435 1500 2474 peccatum

189 2486 245 2513 est
285 2490 417 2524 causa,
458 2490 547 2514 cum
589 2478 704 2515 aliter
742 2492 824 2516 non
868 2480 971 2517 foret
1011 2481 1186 2519 defectus
1220 2483 1431 2532 culpabilis
1463 2484 1504 2521 in

110 1001 183 1032 Fol.

100 1046 183 1091 2091)

256 2587 284 2615 6.
305 2587 330 2615 E
350 2587 380 2616 in
402 2597 516 2624 marga
547 2590 711 2618 Induracio
739 2591 811 2618 facit
837 2591 960 2627 aliquod
990 2593 1115 2621 bonum.
1260 2602 1297 2622 12.
1319 2595 1388 2623 DE:
1419 2596 1500 2623 mali.

187 2630 226 2657 17.
257 2623 282 2650 D
312 2623 341 2650 in
373 2631 487 2659 marg:
520 2624 611 2652 Nota.
642 2626 786 2653 Christus
815 2631 860 2653 est
888 2635 980 2654 causa
1009 2628 1219 2664 cuiuscunque
1249 2631 1381 2665 peccati:
1413 2631 1443 2658 A
1471 2631 1501 2658 in

186 2664 301 2696 marg:
332 2657 485 2692 Dubium3
515 2660 539 2686 E
567 2659 597 2687 in
627 2668 742 2695 marg:
769 2660 1008 2702 Videturlqu‘od
1037 2662 1180 2691 Christus
1207 2663 1245 2691 sit
1273 2673 1326 2703 per
1352 2674 1383 2692 se
1410 2673 1502 2693 causa

185 2699 394 2728 cuiuscunque
410 2694 490 2720 mali.
564 2696 611 2721 20.
628 2695 672 2722 A:
695 2699 723 2722 et
743 2695 835 2722 deest.
910 2695 948 2731 31,
964 2695 1006 2724 32.
1023 2698 1068 2724 A:
1090 2698 1385 2734 principalissimam
1400 2716 1433 2719 ——
1449 2708 1503 2735 per

186 2734 217 2752 se
237 2730 265 2753 et
285 2727 378 2754 deest.
409 2762 414 2766 .
477 2727 521 2756 33.
543 2728 568 2755 D
590 2729 619 2756 iu
642 2738 756 2769 marg:
778 2730 938 2759 Peccatum
960 2732 1061 2766 quoad
1083 2741 1150 2760 esse
1171 2733 1307 2768 primum
1329 2743 1390 2762 non
1412 2735 1502 2762 habet

185 2768 309 2788 causam
338 2762 518 2790 effluentem
550 2764 601 2790 sed
632 2764 833 2792 deficientem.
983 2765 1030 2800 34.
1050 2767 1129 2795 Ain
1151 2776 1265 2804 marg:
1294 2769 1500 2804 Augustinus.

186 2794 232 2822 36.
252 2796 297 2823 A:
319 2796 482 2824 defectum.
555 2797 599 2833 37.
620 2799 664 2826 A:
687 2807 778 2826 causa
799 2800 892 2827 deest.

255 2856 285 2888 6.
315 2857 480 2900 Vulgate:
513 2858 586 2902 Qui
617 2859 770 2892 oderunt
802 2871 856 2894 me
888 2862 1020 2905 gratis.
1165 2863 1218 2904 34.
1245 2863 1336 2907 Opp.
1364 2871 1450 2898 tom.
1477 2865 1500 2905 I,

186 2912 264 2944 pag.
291 2902 372 2947 609.
401 2903 451 2935 Cf.
471 2904 692 2947 Trialogum,
720 2916 799 2950 pag.
824 2916 896 2948 140.

1324 2967 1360 2999 15

1721 277 1797 312 225

1559 627 1646 653 (iood
1669 632 1720 653 out
1741 631 1771 654 01

1633 662 1699 688 mil.

1543 1320 1648 1347 Christ
1671 1321 1734 1348 said
1757 1326 1787 1348 to

1534 1356 1567 1382 be
1588 1356 1636 1382 the
1655 1364 1748 1394 ‚cause
1768 1358 1802 1384 of

1637 1399 1693 1417 sm.
