1986 3380
185 289 322 318 semro
344 277 396 335 x]
658 288 873 321 SECUNDA
902 289 1025 320 PARS.

186 399 367 437 raciones
401 397 555 434 mistice
588 397 627 433 in
660 408 828 432 numero
863 395 1112 432 duodenario
1146 396 1253 443 quod
1277 404 1436 442 oportet
1462 396 1499 431 in

185 458 271 506 ipso
297 456 454 505 impleri
479 464 609 492 cetum
635 454 915 502 apostolicum.
950 455 998 489 Et
1031 453 1184 489 utinam
1211 452 1431 489 elecciones
1464 463 1499 489 et

185 514 498 552 constituciones
545 513 663 549 hodie
713 513 911 548 celebrate
957 512 1012 548 sic
1064 512 1280 547 fundentur
1332 510 1372 545 in
1425 511 1501 547 fide

184 573 393 621 scripture.
428 572 584 609 Scimus
607 579 742 607 tamen
766 571 874 619 quod
898 570 1115 607 auctoritas
1140 569 1243 605 Petri
1269 577 1304 605 et
1329 568 1499 605 aliorum

152 631 461 680 §apostolorum
496 630 568 666 fuit
615 628 743 665 maior
790 640 910 676 quam
957 627 1176 664 auctoritas
1225 629 1499 662 Romanorum

184 689 422 738 pontificum
457 688 524 736 qui
558 687 793 735 inceperunt
827 686 1071 722 tradiciones
1094 686 1289 721 secundas
1313 693 1499 721 statuere.

242 749 319 784 Sed
352 755 409 783 est
444 745 658 782 difficultas
693 744 872 789 ulterior,
915 757 1003 780 cum
1039 744 1145 779 iuxta
1179 743 1285 779 dicta
1318 755 1501 778 sermone

184 805 366 854 proximo
382 812 543 852 oportet
559 802 771 840 Matthiam
790 811 827 839 et
843 814 1105 851 quoscunque
1128 800 1233 837 viros
1257 800 1501 848 apostolicos

185 863 410 911 relinquere
449 862 567 897 istum
609 862 818 903 mundum,
859 862 1065 908 quomodo
1104 867 1181 896 stat
1221 859 1260 894 in
1293 859 1348 894 eis
1387 871 1502 895 verus

134 930 170 951 ¹0
185 921 433 969 apostolatus
467 928 534 956 aut
568 918 830 966 obligacionis
855 918 1063 954 maioritas
1089 930 1132 954 ex
1157 916 1370 954 dotacione
1404 925 1502 952 tem-

184 978 399 1027 poralium,
440 990 530 1014 cum
570 990 688 1014 nemo
727 976 929 1024 obligatur
975 976 1049 1012 nisi
1095 977 1228 1024 quoad
1269 977 1396 1011 Deum
1442 975 1502 1010 vel

184 1038 324 1074 saltem
370 1035 445 1072 nisi
478 1037 583 1072 Deus
628 1036 825 1083 approbet
870 1034 1164 1083 obligacionem
1212 1042 1249 1070 et
1294 1045 1364 1081 per
1410 1045 1502 1068 con-

184 1107 352 1143 sequens
376 1094 458 1130 eius
482 1106 658 1130 causam.
684 1095 732 1129 Et
755 1093 811 1129 sic
826 1094 931 1129 Deus
956 1092 1221 1129 auctorizaret
1245 1090 1499 1128 dotacionem

184 1153 349 1190 ecclesie
382 1153 490 1200 quod
523 1161 703 1200 negatur.

131 1210 168 1242 15
242 1211 317 1248 Hic
357 1210 502 1247 dicitur
541 1211 649 1259 quod
683 1212 788 1246 Deus
833 1210 1022 1256 reprobat
1067 1207 1322 1244 dotacionem
1367 1207 1502 1251 talem,

185 1282 274 1306 cum
308 1269 357 1305 sit
390 1267 642 1305 ordinacioni
677 1267 870 1304 exercitus
902 1266 961 1303 sui
996 1265 1210 1311 contraria,
1251 1278 1340 1302 cum
1383 1277 1503 1301 nemo

185 1327 270 1364 sani
304 1326 446 1375 capitis
479 1327 586 1363 dicat
619 1327 728 1374 quod
762 1325 900 1362 exhinc
941 1324 1167 1373 disponitur
1207 1324 1335 1360 clerus
1374 1332 1417 1359 ut
1454 1322 1503 1359 sit

185 1385 369 1430 habilior,
393 1397 531 1421 verum
555 1394 691 1421 tamen
714 1383 815 1420 sicut
839 1395 1001 1419 omnem
1029 1391 1161 1419 actum
1188 1381 1332 1430 pecati,
1365 1394 1503 1429 ymmo

185 1443 312 1480 eciam
367 1442 469 1479 sicut
521 1442 651 1490 ipsum
703 1450 914 1490 peccatum
962 1443 1067 1477 Deus
1118 1441 1317 1488 approbat
1369 1441 1503 1488 quoad

129 1510 170 1531 20
185 1501 268 1538 eius
307 1513 390 1538 esse
422 1501 642 1537 secundum
677 1509 714 1536 et
746 1512 866 1535 omne
898 1512 969 1547 per
992 1499 1177 1535 accidens
1210 1500 1359 1534 bonum
1395 1499 1503 1545 quod

185 1558 494 1596 occasionaliter
526 1571 569 1594 ex
602 1558 689 1606 ipso
733 1557 929 1606 provenit,
971 1557 1026 1593 sic
1061 1566 1097 1593 et
1131 1569 1230 1605 opus
1265 1555 1502 1592 dotacionis.

185 1619 233 1654 Et
272 1618 339 1654 illa
379 1616 580 1664 obligacio
615 1616 752 1653 exinde
785 1615 1023 1664 proveniens
1056 1615 1329 1651 auctorizatur
1361 1627 1383 1650 a
1420 1616 1502 1650 Deo

185 1676 232 1712 de
267 1683 418 1724 quanto
453 1683 510 1711 est
543 1674 665 1715 iusta:
700 1683 737 1711 et
774 1676 832 1721 (ut
866 1673 944 1709 dixi
979 1672 1178 1721 superius)
1216 1672 1347 1709 omnis
1381 1673 1503 1708 homo

185 1742 350 1782 propter
374 1734 642 1782 quodcunque
667 1734 817 1769 donum
844 1732 915 1768 Dei
938 1731 1173 1768 innovatum
1207 1730 1281 1766 sibi
1305 1731 1355 1767 ad
1387 1743 1503 1766 suum

131 1789 169 1821 25
186 1792 373 1828 meritum
398 1791 478 1828 sive
502 1790 742 1827 demeritum
767 1790 956 1827 continue
979 1789 1134 1826 noviter
1157 1788 1370 1836 obligatur,
1394 1797 1430 1825 et
1449 1788 1503 1825 ita

185 1849 380 1899 prescitus
391 1849 747 1897 exlongiturnitate
762 1848 930 1885 incurrit
946 1847 1216 1884 maioritatem
1228 1845 1504 1894 obligacionis,

186 1917 223 1945 et
255 1908 359 1945 inter
392 1908 491 1945 alios
524 1907 614 1944 talis
648 1907 835 1956 antiquus
860 1906 1014 1943 dierum
1038 1905 1190 1942 idcirco
1215 1914 1271 1942 est
1295 1904 1503 1949 infelicior,

186 1966 281 2015 quia
313 1966 513 2014 obligacio
545 1967 596 2002 ad
630 1965 881 2002 serviendum
916 1967 999 2001 Deo
1040 1964 1181 2004 maior,
1222 1973 1258 2000 et
1298 1976 1387 2000 cum
1430 1964 1505 1999 hoc

187 2024 404 2062 commixta
420 2024 620 2072 obligacio
636 2026 686 2061 ad
701 2037 847 2073 penam
865 2023 1073 2068 maiorem,
1097 2031 1134 2059 et
1155 2022 1211 2059 ita
1227 2022 1395 2059 ecclesia
1411 2034 1505 2058 con-

130 2080 172 2112 30
186 2083 296 2120 tinue
313 2084 429 2119 debet
445 2095 528 2119 esse
545 2083 687 2119 melior
703 2095 745 2119 ex
762 2082 844 2118 eius
860 2080 1112 2131 antiquitate,
1130 2080 1232 2117 sicut
1250 2090 1306 2117 est
1323 2082 1370 2117 de
1386 2081 1504 2120 facto,

185 2154 267 2178 non
300 2141 560 2189 imaginando
594 2143 862 2190 quodcunque
896 2140 978 2176 eius
1002 2141 1228 2176 membrum
1258 2140 1504 2187 subsequens

188 2212 271 2236 esse
310 2212 550 2248 quocunque
588 2199 713 2248 priori
752 2198 972 2248 perfeccius
1016 2199 1084 2234 sed
1129 2199 1329 2234 credendo
1373 2197 1502 2245 ipsum

188 2270 271 2295 esse
304 2259 472 2294 eandem
504 2270 717 2306 personam
752 2269 897 2306 sponse
930 2256 1078 2294 Christi
1111 2255 1312 2301 continue,
1353 2268 1429 2303 que
1464 2267 1506 2290 ex

187 2315 471 2365 predestinatis
517 2315 820 2353 advenientibus
872 2314 1220 2364 perfeccionaliter
1269 2314 1504 2351 maioratur.

131 2369 171 2402 35
187 2376 237 2411 Et
268 2374 324 2411 ita
355 2374 448 2411 licet
480 2374 653 2423 apostoli
685 2375 845 2411 fuerunt
873 2373 1139 2422 obligaciores
1163 2385 1206 2409 ex
1229 2385 1349 2410 causa
1373 2371 1506 2409 multi-

187 2432 284 2482 plici
316 2444 438 2481 quam
471 2432 649 2482 episcopi
681 2432 760 2470 iarn
793 2441 1010 2482 presentes,
1045 2444 1185 2469 eorum
1208 2439 1344 2468 tamen
1367 2432 1506 2478 damp-

258 2576 284 2596 2.
305 2568 350 2597 A:
372 2572 400 2596 et
421 2572 462 2595 ut.
564 2566 589 2594 3.
611 2567 654 2594 A:
678 2571 706 2594 et
726 2566 969 2595 constituciones
989 2566 1083 2593 deest.
1184 2565 1208 2594 5.
1230 2566 1274 2594 A:
1297 2566 1505 2593 auctoritates.

189 2611 215 2638 7.
238 2603 293 2631 ΑΕ
313 2603 343 2630 in
365 2611 478 2638 marg:
500 2602 681 2631 Difficultas.
800 2610 838 2629 12.
859 2601 928 2629 DE:
951 2601 1010 2629 nisi
1031 2601 1114 2629 Deus
1135 2600 1231 2628 deest.
1342 2601 1377 2629 15.
1399 2600 1455 2628 ΑΕ
1475 2600 1504 2628 in

190 2646 303 2677 marg:
325 2637 514 2673 Responsio3
545 2637 569 2664 D
591 2637 621 2663 in
644 2645 758 2672 marg:
780 2636 984 2665 Dotacionem
1005 2636 1087 2663 Dens
1110 2636 1263 2671 reprobat.
1391 2643 1438 2662 20.
1459 2635 1503 2662 A:

191 2672 359 2711 posltivum
380 2673 426 2699 vel
448 2672 581 2706 bonum;
602 2671 642 2698 E:
665 2676 693 2698 et
713 2680 805 2700 omne
826 2671 948 2707 penitus
969 2671 1011 2705 (in
1033 2679 1146 2705 marga
1170 2670 1349 2705 positivum)
1372 2670 1504 2702 bonum;

190 2707 230 2734 lb.
248 2707 273 2734 D
290 2707 320 2734 in
337 2715 450 2742 marg.:
471 2707 553 2735 Nota
573 2715 640 2734 esse
684 2707 776 2734 eccati
798 2706 967 2734 secundun]
989 2710 1034 2732 est
1055 2714 1132 2740 pena
1149 2705 1250 2732 debita
1266 2713 1322 2740 pro
1339 2709 1463 2740 peccato
1478 2709 1506 2731 et

190 2742 273 2769 illam
289 2742 371 2769 Deus
386 2742 547 2777 approbat.
598 2741 640 2768 25.
686 2741 725 2769 E:
743 2750 836 2777 super
850 2741 1050 2773 demeritum3
1073 2740 1112 2767 ib.
1129 2741 1173 2768 A:
1191 2740 1319 2767 noviter.
1372 2739 1418 2766 26.
1435 2739 1503 2766 DE:

191 2777 433 2811 longanimitate.
496 2776 540 2803 28.
563 2776 587 2803 l)
610 2776 638 2802 in
662 2784 775 2811 marg:
799 2776 963 2810 Obligatur
984 2775 1077 2802 homo
1100 2775 1169 2810 plns
1190 2783 1282 2810 super
1302 2774 1505 2801 innoxacione

192 2811 291 2838 meriti
312 2812 356 2838 vel
379 2811 535 2845 demeriti;
566 2811 606 2838 ib.
628 2811 697 2838 DE:
720 2811 773 2838 hec
795 2811 888 2838 deest.
1024 2817 1071 2845 29.
1093 2811 1137 2837 A:
1160 2815 1188 2837 et
1208 2809 1304 2836 eciam
1327 2809 1432 2841 debet;
1463 2808 1503 2835 ib.

190 2846 234 2872 A:
257 2845 321 2873 hec.
393 2845 439 2873 30.
459 2845 484 2873 E
504 2845 534 2873 in
555 2853 668 2881 marg:
691 2845 827 2873 Ecclesia
847 2844 991 2872 continue
1012 2844 1101 2872 debet
1121 2854 1188 2872 esse
1208 2843 1326 2871 melior.
1396 2842 1435 2870 31.
1457 2844 1502 2871 A:

191 2888 332 2915 sequens.
387 2879 430 2908 32.
450 2880 518 2908 DE:
563 2880 719 2908 effectum.
776 2879 819 2914 32,
835 2879 877 2908 33.
894 2880 937 2907 A:
960 2879 1060 2914 ipsam
1081 2888 1157 2906 esse.
1213 2878 1255 2906 33.
1278 2878 1346 2906 DE:
1369 2878 1439 2913 qnia
1455 2887 1500 2904 ex.

191 2914 236 2950 34.
253 2915 321 2943 DE:
343 2915 494 2951 perfeccio
514 2919 543 2943 ta
557 2915 592 2942 is.
654 2914 700 2943 36.
716 2915 741 2943 E
755 2915 785 2943 in
800 2923 914 2951 marg:
937 2915 1000 2943 Cur
1021 2914 1159 2941 moderni
1183 2921 1291 2950 parum
1313 2913 1497 2948 obligantur.

1737 292 1779 326 71

1608 1211 1705 1237 (lod's

1531 1245 1595 1273 disa
1608 1246 1726 1280 wrm-al
1748 1246 1781 1272 (η’

1553 1289 1587 1308 CH

1615 1285 1758 1307 owmenl.
