1986 3380
270 1253 354 1288 why
376 1261 461 1280 some

228 1288 300 1315 dare
321 1292 373 1315 not
393 1291 498 1323 accept

246 1331 261 1350 a
283 1323 323 1350 fat
345 1322 484 1350 benefice.

228 1947 296 1976 The
315 1948 384 1976 four
403 1947 494 1976 times

263 1983 298 2011 of
315 1983 365 2011 the
387 1983 456 2019 day.

814 328 1035 359 JOHANNIS
1056 328 1237 358 WYCIAF
1258 327 1512 359 SERMONUM
1610 314 1762 372 [SERMO
1784 324 1832 352 l.l-

521 435 676 470 cautela
721 434 879 482 dyaboli
928 434 962 469 in
1009 433 1216 469 ecclesiam
1267 433 1485 469 introducti
1525 435 1584 469 vel
1624 446 1702 469 non
1742 443 1832 470 sunt

520 492 700 529 Christus
746 505 817 528 nec
864 500 1146 539 procuratores
1186 492 1267 527 eius
1309 490 1488 539 legitimi,
1528 491 1684 528 videtur
1725 493 1832 540 quod

520 551 623 586 bona
663 563 883 598 pauperum
924 562 1004 585 non
1045 551 1214 585 debeant
1254 549 1330 584 illis
1371 549 1475 589 dari:
1516 550 1546 585 si
1588 550 1692 586 enim
1735 552 1833 587 dans

520 608 770 656 procuratori
795 607 1004 644 creditoris
1019 609 1242 655 temporale
1263 606 1439 644 debitum
1465 607 1542 644 vite
1566 608 1648 644 eius
1671 617 1835 656 propter

521 666 800 702 certitudinem
826 665 941 713 exigit
958 665 1252 714 aquietanciam
1277 665 1532 708 laudabilem,
1549 675 1591 702 ut
1606 666 1834 714 indempnis
1851 669 1867 700 5

518 725 703 760 salvetur.
735 732 885 771 quanto
918 724 1042 772 magis
1073 725 1171 760 dans
1200 733 1386 772 pretenso
1409 724 1663 771 procuratori
1687 724 1834 760 Christi

518 782 710 820 debitum,
752 783 936 818 babendo
969 782 1099 830 ipsum
1134 791 1362 830 suspectum
1398 790 1434 818 et
1466 782 1725 830 perversitate
1757 783 1834 819 rite

520 849 556 876 et
580 840 859 876 subtraccione
893 840 1116 879 ministerii,
1152 842 1268 876 debet
1302 842 1350 877 ab
1384 852 1430 876 eo
1464 840 1667 889 requirere
1701 841 1835 889 aquie-

518 898 691 934 tanciam
734 898 998 934 sufficientem
1031 911 1104 946 pro
1138 898 1201 934 die
1234 897 1392 943 iudicii3
1434 911 1554 947 quam
1590 911 1680 935 cum
1714 911 1833 935 nemo

519 957 612 992 dare
645 955 828 1001 sufficiat,
860 955 1017 992 videtur
1040 958 1147 1005 quod
1181 969 1202 992 a
1232 956 1400 993 dacione
1433 956 1663 993 huiusmodi
1685 957 1834 994 vicaria
1853 970 1891 991 ιο

517 1027 556 1050 se
595 1013 780 1050 servabit.
833 1014 933 1050 Cum
974 1023 1107 1050 autem
1146 1014 1252 1062 leges
1291 1015 1455 1063 papales
1493 1016 1553 1051 vel
1592 1015 1715 1051 seculi
1753 1028 1834 1052 non

517 1072 714 1108 sufficient
768 1072 807 1108 in
858 1072 920 1108 die
979 1072 1114 1108 iudicii
1171 1072 1393 1109 debitorem
1440 1073 1601 1109 Domini
1653 1073 1834 1119 liberare,

517 1130 672 1166 videtur
723 1131 829 1178 quod
886 1130 926 1166 in
976 1130 1163 1167 omnibus
1214 1131 1360 1167 talibus
1411 1131 1702 1168 tradicionibus
1754 1144 1835 1168 non

517 1188 704 1225 confidet.

576 1248 623 1282 Et
674 1247 745 1282 hec
796 1246 905 1282 racio
950 1259 1073 1294 quare
1124 1248 1272 1283 electus
1315 1248 1376 1283 vel
1428 1256 1588 1284 curatus
1633 1259 1677 1284 ex
1722 1246 1891 1284 bonisi5

518 1316 742 1352 pauperum
776 1305 1218 1353 superexcrescentibus
1252 1305 1384 1353 sepius
1418 1314 1475 1342 est
1508 1306 1730 1354 perplexus.
1767 1306 1836 1342 llla

519 1362 644 1398 eciam
699 1370 756 1398 est
809 1375 929 1399 causa
981 1376 1105 1411 quare
1157 1363 1273 1399 multi
1324 1376 1406 1400 non
1457 1365 1606 1400 audent
1657 1363 1836 1412 recipere

518 1419 756 1456 beneficium
788 1429 1021 1457 curatorum
1052 1430 1088 1458 et
1118 1421 1278 1470 pingue,
1310 1422 1371 1458 vel
1400 1421 1487 1470 ipso
1517 1430 1683 1470 accepto
1709 1430 1835 1458 extra·
1851 1449 1927 1480 Fol-

519 1478 683 1514 marinis
727 1479 891 1527 prelatis
936 1488 1004 1516 aut
1045 1476 1048 1532 Ι
1090 1479 1252 1528 prelatis
1299 1480 1627 1517 convenientibus
1679 1492 1722 1516 ex
1777 1479 1932 1527 in-225n

518 1536 726 1573 habilitate
748 1536 826 1573 vite
850 1545 917 1574 aut
946 1538 1227 1590 subtraccione
1257 1537 1468 1574 ministerii
1497 1537 1832 1586 procuracionem
1850 1551 1893 1573 20

519 1596 565 1630 de
599 1594 713 1631 bonis
746 1607 969 1643 pauperum
1005 1595 1177 1644 elargiri.
1219 1599 1299 1633 Nec
1333 1605 1390 1633 est
1422 1596 1538 1633 facile
1571 1595 1667 1645 quin
1699 1597 1833 1633 dando

518 1652 663 1689 talibus
703 1653 1037 1701 procuracionem
1074 1656 1121 1690 de
1155 1654 1270 1690 bonis
1302 1666 1525 1702 pauperum
1559 1662 1727 1703 peccato
1761 1667 1833 1690 suo

519 1710 780 1748 consenciunt
814 1720 850 1748 et
883 1712 1112 1760 obligantur
1145 1714 1193 1749 de
1226 1721 1338 1749 tanto
1372 1711 1532 1749 Christo
1566 1714 1733 1749 reddere
1772 1725 1833 1749 ra-

519 1769 691 1815 cionem,
734 1778 771 1806 et
803 1782 930 1818 prope
968 1779 1026 1806 est
1059 1770 1135 1807 ista
1168 1770 1408 1819 perplexitas
1442 1772 1575 1807 dando
1609 1770 1834 1819 improvide

517 1827 761 1875 temporales
812 1828 1052 1865 elemosinas
1102 1841 1171 1867 seu
1222 1829 1452 1877 corporales
1497 1830 1545 1865 de
1589 1829 1889 1878 quibuslibet25

520 1884 635 1921 bonis
669 1885 754 1922 Dei.

574 1943 675 1979 Sunt
719 1951 852 1980 autem
898 1953 1072 1993 quatuor
1116 1945 1212 1981 hore
1257 1944 1372 1981 etatis
1417 1944 1590 1981 hominis
1636 1953 1672 1981 et
1719 1943 1834 1981 etatis

517 2001 639 2037 seculi
668 2014 766 2049 quas
789 2011 948 2050 oportet
971 2002 1146 2039 viantem
1176 2002 1411 2050 diligencius
1443 2011 1650 2049 annotare,
1683 2002 1835 2040 scilicet

516 2071 618 2105 sero,
644 2059 821 2096 medium
845 2060 987 2106 noctis,
1011 2061 1249 2108 gallicantus
1274 2070 1311 2097 et
1334 2073 1462 2098 mane.
1497 2062 1674 2098 Vocatur
1698 2069 1832 2097 autem

517 2129 605 2154 sero
652 2119 786 2166 quoad
832 2127 975 2155 etatem
1024 2118 1164 2155 mundi
1209 2118 1374 2156 inicium
1414 2119 1607 2156 viacionis
1653 2118 1832 2165 ecclesie,
1849 2121 1891 2154 30

518 2174 612 2224 quia
656 2175 762 2212 iuxta
809 2178 974 2213 modum
1014 2177 1206 2226 loquendi
1240 2179 1492 2214 Hebreorum
1535 2178 1649 2223 (Gen.
1683 2179 1734 2222 10)
1775 2177 1833 2214 in-

518 2233 687 2270 choatur
720 2234 803 2271 dies
842 2247 865 2271 a
895 2247 1071 2284 vespere,
1111 2237 1286 2272 secunda
1325 2237 1424 2272 hora
1463 2235 1503 2272 in
1537 2235 1670 2272 medio
1703 2235 1833 2272 noctis

516 2300 682 2328 vocatur
720 2291 898 2329 medium
937 2292 1052 2330 etatis
1091 2293 1226 2340 seculi,
1266 2295 1334 2330 secl
1373 2293 1498 2330 tercia
1536 2294 1635 2330 hora
1674 2293 1715 2329 in
1755 2305 1834 2341 qua

516 2349 643 2397 gallu's
672 2349 815 2386 cecinit
837 2359 1004 2388 vocatur
1027 2360 1187 2400 tempus
1206 2351 1302 2400 legis
1330 2351 1462 2400 gracie
1484 2351 1525 2388 in
1548 2364 1627 2401 quo
1652 2351 1834 2388 Christus

516 2408 643 2455 gallus
671 2407 886 2456 precipuus
916 2409 1059 2446 cecinit
1088 2410 1215 2458 legem
1245 2422 1372 2456 suam,
1403 2418 1548 2459 quarta
1577 2417 1711 2446 autem
1735 2410 1834 2446 hora
1850 2412 1889 2444 35

515 2474 682 2502 vocatur
711 2474 868 2515 tempus
898 2466 938 2503 in
969 2467 1046 2505 fine
1075 2468 1197 2505 seculi
1227 2467 1268 2504 in
1291 2480 1370 2516 quo
1394 2468 1571 2505 Kalende
1594 2467 1671 2504 diei
1695 2466 1833 2504 iudicii

517 2523 758 2561 elucescunt.

574 2688 611 2720 ·2.
632 2681 678 2708 A:
700 2681 949 2717 procuraciones.
1031 2681 1057 2710 3.
1078 2682 1103 2710 E
1122 2681 1152 2709 in
1174 2690 1242 2710 mar
1266 2691 1288 2710 .:
1309 2681 1400 2710 Nota.
1482 2690 1513 2716 4,
1535 2681 1560 2710 5.
1582 2681 1651 2710 DE:
1673 2690 1727 2722 per
1745 2682 1834 2710 certi-

516 2714 664 2743 tudinem.
722 2724 763 2744 10.
784 2717 830 2744 A:
852 2717 936 2744 modi
958 2716 1052 2745 deest.
1116 2724 1154 2745 12.
1176 2716 1219 2744 D:
1263 2725 1358 2744 onum
1379 2717 1525 2750 liberare3
1545 2717 1589 2745 E:
1608 2717 1673 2744 Deo
1693 2717 1831 2745 liberare.

518 2750 558 2778 16.
589 2749 613 2778 E
642 2750 671 2778 in
703 2758 817 2786 marg.:
850 2752 954 2786 Quare
983 2751 1076 2787 aliqui
1107 2759 1167 2779 non
1198 2751 1261 2780 acci
1288 2752 1353 2779 iunt
1384 2751 1497 2787 pingue
1527 2751 1726 2786 beneficiunu
1755 2752 1780 2779 Ι)
1801 2752 1831 2779 in

518 2792 630 2820 marg.:
652 2784 732 2812 VVen
749 2792 980 2824 ely-zozemczffi
1001 2785 1031 2814 id
1047 2790 1102 2821 est,
1122 2787 1232 2822 Apage
1246 2760 1425 2822 alienigena.
1483 2786 1523 2814 18.
1539 2786 1657 2814 Codd.:
1679 2791 1832 2814 curatum.

517 2826 556 2853 21,
579 2826 622 2846 22.
643 2820 687 2847 A:
715 2820 834 2855 elargiri
855 2836 888 2840 —
908 2829 1080 2856 pauperum
1102 2820 1196 2849 deest.
1303 2821 1344 2849 25.
1365 2822 1410 2849 A:
1431 2821 1609 2857 corporales
1630 2821 1832 2851 elemosinas:

517 2853 556 2881 ib.
571 2855 614 2881 A:
638 2862 690 2882 seu
711 2855 888 2890 corporales
909 2855 1003 2883 deest.
1076 2856 1122 2884 26.
1138 2855 1208 2883 DE:
1229 2855 1365 2883 Domini.
1440 2862 1485 2890 27.
1506 2855 1531 2884 E
1550 2855 1580 2883 in
1602 2864 1715 2891 marg.:
1739 2855 1831 2891 Quod

539 2893 648 2925 uatuor
669 2893 739 2917 sunt
758 2889 832 2917 hore
852 2890 940 2917 etatis
961 2889 1108 2918 hominis.
1226 2897 1274 2927 29.
1297 2891 1320 2918 12·
1341 2890 1378 2927 in
1393 2898 1507 2925 marg.:
1529 2891 1605 2919 Sero
1625 2890 1725 2927 prima
1746 2890 1831 2917 hora.

517 2923 554 2950 '1.
572 2923 640 2951 DE:
662 2923 829 2952 chreum.
903 2932 946 2952 22.
967 2925 990 2951 E
1011 2925 1040 2952 in
1063 2933 1177 2961 marg:
1199 2932 1224 2953 2.
1298 2924 1341 2953 33.
1363 2925 1388 2952 Ε
1407 2925 1437 2952 in
1459 2933 1574 2961 marga
1594 2923 1619 2953 3.
1693 2923 1734 2953 35.
1755 2924 1780 2952 E
1800 2924 1830 2952 in

517 2965 632 2993 marg.:
653 2967 683 2992 4.
757 2957 803 2986 36.
819 2958 888 2986 DE:
910 2963 954 2987 est
973 2963 1107 2996 tempus.
