1986 3380
208 285 343 313 sermo
359 274 480 332 ΜΝ]
671 291 888 324 securim
916 292 1044 322 PARS.

209 397 312 431 hunc
344 395 503 437 timere:
543 409 636 432 nam
671 410 760 433 cum
795 397 864 433 tali
898 397 1041 433 timore
1080 410 1161 433 non
1195 407 1251 434 est
1286 399 1356 434 Dei
1389 402 1525 436 adver-

207 453 335 490 sarius
363 453 655 498 formidandus,
681 468 769 491 cum
802 456 962 505 quinque
984 468 1166 505 passeres
1188 456 1252 504 qui
1277 469 1362 493 asse
1384 459 1528 507 duplici

203 512 433 561 preciantur
446 511 647 560 signantes
663 513 961 550 universitatem
980 522 1255 550 creaturarum
1279 514 1523 551 minutarum

208 578 416 606 servantur
439 582 459 606 a
480 572 576 616 Deo,
596 571 652 607 sic
676 573 783 620 quod
807 572 934 608 nullus
957 583 1008 607 ex
1025 572 1101 608 illis
1123 572 1226 608 cadit
1241 573 1276 608 in
1300 573 1525 610 oblivionem

176 636 192 668 5
208 628 268 664 vel
290 627 639 676 parvipensionem
650 629 835 678 Deiquin
850 629 980 677 ipsum
1000 630 1154 678 regulat
1173 631 1288 678 plene
1306 633 1525 667 secundum

208 694 348 722 nature
387 698 455 722 sue
488 686 750 734 exigenciam;
786 688 912 723 multo
946 688 1071 735 magis
1105 688 1305 736 duplicem
1339 698 1523 726 naturam

209 743 381 781 hominis
421 753 630 781 conservat
663 747 768 781 Deus
802 758 920 793 quem
955 757 997 781 ex
1032 745 1108 782 fide
1143 745 1334 794 evangelii
1367 756 1523 784 tantum

208 810 332 839 curat.
383 802 484 838 Nam
531 815 659 839 omnes
703 803 835 852 capilli
870 804 1005 853 capitis
1044 805 1407 851 predestinatorum
1441 813 1527 841 sunt

208 861 257 896 ad
287 859 457 908 gloriam
488 861 690 897 numerati.
726 862 826 898 Cum
856 874 950 909 ergo
981 874 1023 897 ex
1056 862 1132 898 fide
1163 862 1310 898 Christi
1341 863 1525 911 discipuli

154 937 192 959 10
207 927 299 954 sunt
338 918 473 955 multis
512 919 740 967 passeribus
779 918 905 968 pluris
944 919 1080 967 precii,
1116 929 1224 967 patet
1259 922 1365 968 quod
1405 922 1526 957 timor

208 984 244 1012 et
277 976 453 1013 defectus
494 977 585 1014 fidei
618 977 766 1014 faceret
799 978 870 1014 hos
911 977 1064 1014 timere.
1101 979 1205 1023 Quid
1241 991 1334 1026 ergo
1368 979 1526 1016 timeret

207 1034 334 1071 fidelis
363 1034 564 1072 Christum
598 1044 664 1073 aut
686 1035 893 1073 veritatem
934 1035 1024 1072 fidei
1055 1049 1190 1073 coram
1223 1036 1526 1086 quibuscunque

206 1092 387 1129 hostibus
421 1093 616 1139 confiteri,
652 1107 742 1131 cum
772 1094 950 1130 Christus
983 1095 1223 1145 confitebitur
1251 1108 1382 1131 coram
1413 1104 1527 1145 patre

205 1151 327 1187 talem
359 1163 442 1188 esse
470 1164 586 1188 suum
617 1152 784 1189 militem
815 1161 1019 1190 strenuum
1051 1153 1090 1189 in
1121 1162 1255 1190 eterna
1280 1153 1526 1190 beatitudine

154 1211 509 1250 15coronandum?
543 1210 777 1247 Consideret
811 1210 945 1259 itaque
979 1210 1106 1248 fidelis
1141 1211 1169 1247 si
1205 1211 1294 1248 talis
1330 1212 1525 1248 confessio

206 1267 354 1304 Christi
382 1268 499 1304 fuerit
528 1268 601 1305 sibi
630 1282 792 1317 presens
824 1282 944 1318 quam
974 1271 1194 1317 gaudenter
1219 1279 1254 1306 et
1279 1271 1527 1307 confidenter

206 1325 333 1374 ipsam
368 1326 569 1375 acciperet
601 1340 744 1376 penam
772 1327 993 1376 quamlibet
1016 1328 1214 1376 paciendo
1240 1337 1276 1364 et
1300 1328 1525 1365 consideret

206 1385 314 1432 quod
339 1396 382 1421 ex
406 1384 484 1422 alio
507 1385 630 1422 latere
656 1394 820 1434 propter
844 1386 1144 1433 elongacionem
1170 1386 1347 1423 veritatis
1378 1386 1526 1423 credite

207 1443 255 1478 ab
286 1443 361 1479 hoc
391 1442 554 1480 instanti
579 1456 699 1492 quam
734 1444 860 1492 ipsam
892 1456 971 1480 non
997 1445 1122 1481 credit
1145 1445 1206 1481 vel
1230 1458 1349 1493 quam
1376 1444 1527 1481 exiliter

150 1519 190 1541 20
207 1500 335 1548 ipsam
370 1501 495 1537 credit
529 1510 565 1538 et
598 1511 692 1538 tunc
727 1511 857 1550 potest
892 1502 1127 1539 convincere
1163 1515 1204 1539 ex
1240 1504 1401 1540 racione
1436 1503 1524 1539 fidei

205 1558 236 1594 si
277 1559 437 1596 Christo
477 1559 604 1596 fidelis
643 1560 761 1596 fuerit
802 1561 861 1597 vel
900 1559 1025 1598 eciam
1069 1561 1253 1597 infidelis.
1294 1562 1371 1611 Qti
1401 1569 1526 1597 autem

204 1617 428 1654 vecorditer
461 1617 664 1654 Christum
699 1618 757 1655 vel
791 1618 997 1655 veritatem
1035 1619 1125 1655 fidei
1160 1620 1361 1669 negaverit
1394 1632 1525 1655 coram

205 1674 418 1712 hominibus
451 1676 486 1711 in
515 1676 715 1725 presencia
750 1677 916 1713 omnium
950 1678 1180 1727 angelorum
1224 1678 1261 1713 in
1302 1678 1364 1713 die
1398 1677 1527 1714 finalis

206 1732 343 1769 iudicii
382 1734 613 1784 repelletur;
656 1743 692 1771 et
738 1736 876 1772 eadem
925 1744 981 1772 est
1022 1735 1298 1772 consideracio
1345 1737 1392 1773 de
1431 1734 1527 1772 taci-

150 1799 187 1832 25
205 1791 396 1828 turnitate
429 1792 591 1829 vecordi
625 1806 700 1840 que
734 1793 932 1842 equivalet
957 1793 1182 1830 consensui.
1217 1795 1347 1839 Quam
1384 1806 1528 1841 magna

206 1862 298 1898 ergo
348 1849 450 1887 foret
501 1851 683 1888 confusio
738 1864 810 1900 pro
857 1851 1005 1888 Christi
1057 1852 1181 1888 milite
1226 1861 1321 1888 tunc
1364 1851 1526 1900 negari?

205 1910 356 1945 Instant
379 1908 484 1945 enim
515 1908 721 1955 mundani,
753 1909 807 1946 hii
837 1923 910 1958 pro
934 1910 1150 1956 beneficiis,
1177 1909 1231 1946 hii
1260 1923 1332 1958 pro
1363 1909 1525 1959 prediis,

206 1965 259 2002 hii
298 1979 371 2014 pro
419 1967 693 2005 mercimoniis
733 1977 770 2004 et
809 1968 862 2004 hii
903 1981 976 2017 pro
1016 1968 1416 2007 confederacionibus
1458 1977 1525 2004 aut

205 2024 445 2073 magisteriis
479 2025 747 2076 acquirendis.
782 2027 859 2063 Sed
894 2027 960 2076 qui
993 2039 1074 2063 non
1098 2036 1259 2075 torpent
1284 2040 1357 2075 pro
1391 2025 1525 2074 acqui-

147 2090 188 2123 30
204 2084 329 2119 rendo
360 2083 554 2121 beneficio
591 2084 849 2121 beatitudinis
878 2084 917 2121 in
942 2085 1110 2122 ecclesia
1133 2085 1420 2133 triumphante,
1453 2097 1525 2132 pro

204 2140 424 2178 hereditate
446 2142 556 2191 regni
580 2143 735 2179 celestis
756 2151 952 2191 perpetuo
971 2143 1225 2192 possidenda,
1242 2156 1315 2192 pro
1342 2143 1526 2179 mercede

204 2198 484 2248 copiosissima
524 2209 560 2237 et
600 2200 897 2237 durabilissima
940 2201 1099 2238 modico
1141 2201 1356 2250 temporali
1391 2200 1526 2249 precio

203 2259 492 2295 commutanda
526 2267 562 2295 et
595 2272 668 2308 pro
703 2259 1034 2296 confederacione
1069 2272 1157 2296 cum
1190 2262 1273 2296 Deo
1307 2268 1344 2296 et
1375 2258 1527 2296 cunctis

203 2315 353 2364 angelis
383 2329 429 2353 ac
464 2316 692 2366 magisterio
714 2317 923 2354 Trinitatis
958 2317 1224 2354 insolubiliter
1257 2317 1527 2366 acquirenda?

147 2373 364 2414 35indubie
403 2377 771 2424 quomodocunque
811 2375 1025 2412 dixerimus
1065 2376 1240 2412 defectus
1275 2375 1366 2412 fidei
1398 2384 1455 2412 est
1487 2374 1527 2411 in

203 2445 335 2470 causa.
389 2433 514 2470 Aliter
559 2434 663 2474 enim
710 2443 885 2471 moveret
930 2434 1155 2471 intellectus
1201 2447 1290 2471 cum
1330 2446 1429 2482 eque
1466 2433 1526 2469 vel

204 2491 292 2538 plus
316 2491 469 2529 credito
492 2493 739 2529 voluntatem
765 2494 998 2535 humanam,
1033 2501 1075 2528 ut
1111 2492 1320 2529 inclinaret
1344 2493 1526 2528 membra

204 2550 253 2586 ad
295 2551 472 2588 dandum
518 2564 683 2600 operam
730 2564 802 2599 pro
849 2550 926 2588 fine
967 2563 1085 2600 quem
1132 2550 1257 2598 magis
1298 2550 1525 2587 desiderant

274 2682 294 2709 1⁷
309 2681 334 2702 2.
351 2673 394 2702 D:
415 2674 610 2708 adversario;
631 2674 655 2703 E
670 2674 817 2702 correxit:
840 2673 1047 2701 adversarius.
1104 2683 1132 2707 4.
1148 2674 1193 2701 A:
1215 2678 1242 2700 et
1257 2673 1375 2705 nullus;
1397 2673 1436 2700 ib.
1454 2672 1523 2711 Dljjt

204 2709 286 2737 cadit
304 2709 398 2737 deest.
460 2709 483 2737 5.
499 2710 544 2738 A:
566 2710 620 2737 Dei
641 2710 735 2737 deest.
800 2717 826 2744 7,
842 2709 869 2736 8.
885 2709 929 2736 A:
950 2709 1033 2736 Deus
1053 2724 1086 2728 —
1106 2716 1215 2735 omnes
1236 2708 1329 2735 deest.
1395 2716 1428 2735 11.
1450 2707 1474 2735 E
1494 2716 1523 2734 111

205 2752 317 2780 marg:
333 2744 448 2773 Fidelis
463 2752 524 2772 non
540 2744 628 2772 debet
643 2745 750 2772 timere
766 2743 824 2772 nisi
840 2744 949 2771 Deum.
1007 2751 1046 2779 17.
1062 2744 1106 2771 A:
1127 2743 1242 2779 ipsum.
1300 2743 1339 2770 18.
1355 2742 1424 2770 DE:
1441 2742 1523 2781 quod

204 2779 299 2806 deest.
355 2787 402 2807 20.
417 2779 486 2807 DE:
507 2784 535 2806 et
551 2779 603 2807 sic.
661 2787 699 2807 21.
715 2778 784 2806 DE:
806 2779 901 2806 eciam
919 2778 1013 2805 deest.
1069 2785 1113 2809 22,
1130 2777 1172 2805 23.
1188 2777 1224 2804 D:
1246 2785 1350 2805 coram
1366 2779 1522 2805 omnibus.

204 2814 244 2841 25.
266 2815 309 2842 A:
332 2822 400 2848 que.
473 2822 518 2848 27.
540 2814 562 2841 E
583 2814 611 2841 in
635 2822 701 2842 nun·
726 2824 748 2840 .:
771 2814 915 2842 Studium
938 2813 1179 2840 mundanorum.
1254 2820 1300 2847 29.
1323 2812 1392 2840 DE:
1413 2816 1523 2847 torpet.

205 2848 249 2882 31-
262 2849 362 2876 Codd.
374 2859 379 2875 ε
393 2849 590 2885 acquirendo.
631 2848 672 2876 ⁴35.
688 2849 711 2875 Γ)
727 2849 755 2876 j:
770 2848 916 2876 diximus.
956 2847 999 2882 37.
1011 2849 1053 2875 A:
1068 2852 1099 2876 ut
1111 2847 1204 2874 deest.
1244 2846 1289 2875 38.
1302 2848 1346 2874 A:
1360 2847 1524 2874 desiderat.

279 2934 307 2961 2,
335 2921 365 2959 3,
393 2921 424 2954 8.
455 2923 569 2954 Lucae
599 2922 669 2961 XII,
699 2920 730 2960 ὁ,
759 2932 789 2963 7.
893 2920 942 2953 13.
972 2930 1022 2952 22.
1052 2921 1096 2952 ib.
1124 2922 1156 2959 8,
1185 2931 1216 2963 9.

1734 289 1810 326 31⁶

1559 1222 1636 1250 Tllis
1657 1223 1716 1250 will
1739 1228 1795 1250 test

1577 1266 1633 1285 our
1654 1258 1726 1285 saith
1750 1259 1777 1285 in

1621 1293 1735 1320 Christ.

1560 2092 1625 2130 Our
1647 2095 1754 2126 torpor
1773 2092 1802 2130 in

1559 2131 1661 2162 trymg
1680 2131 1711 2153 to
1732 2135 1800 2161 gain

1621 2162 1745 2188 heaven.
