1986 3380
187 281 324 311 SERMO
346 268 443 327 xxm]
662 280 874 313 SECUNDA
906 280 1030 311 PARs.

187 401 395 439 tamquam
441 387 661 438 probabilis
700 387 760 423 vel
797 398 841 423 ex
885 385 1081 434 scripture
1128 397 1297 434 corpore
1342 384 1504 422 eliniata

186 450 247 486 vel
287 449 402 485 aliter
435 449 529 483 dum
568 445 643 494 ipsi
684 444 886 481 contraria
924 453 1131 493 tamquam
1173 456 1194 480 a
1228 445 1310 479 Deo
1351 452 1387 478 et
1420 452 1505 479 tota

187 507 462 554 triumphante
487 503 654 541 ecclesia
678 504 914 551 reprobata3
944 515 1017 539 nec
1046 511 1137 538 sunt
1161 514 1300 538 omnes
1331 513 1504 537 canones

189 574 256 601 aut
296 566 455 600 decreta
493 563 553 599 vel
592 561 810 598 decretales
844 562 1023 596 Romane
1063 559 1228 596 ecclesie
1272 558 1504 607 accipiendc¹

155 626 211 659 521
251 622 435 658 fidelibus
469 631 675 669 tamquam
716 619 812 654 fides
851 620 919 654 sed
959 618 1131 666 plurime
1171 627 1379 665 tamquam
1414 630 1504 665 pro-

191 680 339 717 babiles
368 680 428 716 vel
457 687 652 727 suspecte,
677 676 781 712 utin
812 676 980 712 materia
1005 678 1051 712 de
1082 684 1335 712 sacramento
1368 674 1505 711 altaris

191 738 335 775 erravit
379 737 501 773 inscie
549 745 585 773 et
629 734 793 772 ecclesie
839 734 964 782 priori
1008 747 1053 771 ac
1092 733 1244 770 racioni
1285 732 1503 775 contrarie3

191 809 313 832 unum
348 804 483 832 tamen
515 795 596 831 scio
627 795 734 842 quod
767 805 839 828 nec
871 791 998 828 sancti
1032 805 1075 828 ex
1107 805 1176 828 sua
1211 791 1423 828 sanctitate
1446 791 1504 827 vel

192 856 376 891 doctores
400 865 443 890 ex
465 865 535 889 sua
558 851 778 889 subtilitate
800 860 965 899 possunt
986 850 1212 898 extinguere
1236 849 1503 897 evangelicam

137 913 412 957 xoveritatem,
458 912 526 947 sed
576 910 677 946 sicut
722 910 827 946 circa
881 908 1057 956 primum
1099 908 1245 944 Christi
1291 909 1504 944 adventum

190 983 391 1018 synagoga
415 978 596 1017 patenter
619 976 832 1012 erraverat,
858 967 990 1003 celans
1014 967 1073 1003 vel
1097 965 1362 1014 sophisticans
1387 965 1504 1001 fidem

190 1028 399 1076 scripture,
431 1026 703 1075 multiplicans
726 1024 969 1062 tradiciones
994 1024 1202 1060 hominum
1227 1025 1312 1060 zelo
1336 1023 1507 1060 avaricie

191 1096 227 1123 et
261 1084 537 1133 multipliciter
570 1084 823 1133 prevaricans
863 1092 1003 1120 contra
1036 1083 1140 1130 leges
1174 1082 1304 1119 divine
1338 1081 1506 1127 iusticie,

190 1145 245 1181 sic
275 1145 313 1180 in
344 1144 520 1180 secundo
545 1143 692 1180 Christi
724 1144 896 1179 adventu
928 1140 1189 1189 multiplicius
1213 1153 1259 1177 ac
1283 1139 1507 1176 coloracius

137 1202 348 1239 15deficiet
387 1201 656 1238 Antichristus
709 1210 745 1237 et
789 1202 1010 1237 secundum
1060 1199 1165 1235 idem
1212 1198 1369 1235 devium
1416 1197 1507 1234 licet

192 1260 443 1309 profundius.
496 1262 585 1296 Non
630 1259 734 1295 enim
787 1258 869 1295 scio
921 1257 1157 1295 convincere
1202 1255 1504 1293 excusacionem

192 1322 370 1355 Romane
394 1317 557 1354 ecclesie
580 1327 660 1354 tam
685 1325 867 1366 patenter
889 1316 928 1353 in
952 1329 1023 1353 suo
1047 1315 1160 1352 devio
1180 1328 1299 1364 quam
1324 1323 1507 1363 patenter

191 1378 419 1414 sacerdotes
464 1384 501 1412 et
545 1375 719 1424 pharisei
763 1374 859 1423 legis
898 1374 1040 1411 veteris
1084 1382 1273 1422 poterunt
1314 1372 1505 1409 excusari.

193 1439 280 1472 Non
311 1434 415 1471 enim
444 1442 600 1470 tantum
625 1434 921 1470 declinaverant
944 1446 965 1469 a
994 1433 1079 1480 lege
1102 1434 1289 1480 Mosayca
1312 1440 1507 1480 quantum

135 1506 176 1528 20
191 1493 317 1530 nostri
362 1491 504 1540 prelati
543 1491 744 1528 declinant
783 1500 865 1527 tam
907 1504 928 1527 a
965 1490 1028 1527 via
1065 1503 1186 1539 quam
1226 1503 1247 1527 a
1291 1489 1506 1535 sentencia,

193 1565 214 1588 a
252 1552 336 1599 lege
375 1559 412 1586 et
450 1550 587 1598 regula
625 1549 855 1595 christiana,
897 1550 964 1586 sed
1006 1547 1213 1597 patencius
1254 1547 1508 1596 decipiuntur

193 1619 229 1646 et
263 1608 468 1656 decipiunt
500 1607 540 1644 in
572 1607 730 1645 fallacia
768 1607 980 1656 peticionis
1020 1605 1220 1655 principii,
1259 1614 1508 1642 assumentes

194 1668 426 1716 blaspheme
460 1667 568 1715 quod
606 1665 682 1715 ipsi
721 1674 813 1703 sunt
851 1674 990 1703 sancta
1030 1664 1197 1701 ecclesia
1230 1663 1292 1700 eui
1326 1663 1508 1700 Christus

193 1724 379 1775 promisit
417 1737 457 1761 se
496 1737 621 1773 usque
660 1724 699 1760 in
741 1724 860 1761 finem
901 1723 1084 1761 assistere
1124 1731 1161 1759 et
1200 1731 1339 1759 contra
1372 1720 1509 1758 omnia

137 1786 177 1819 25
194 1783 371 1833 pericula
416 1782 575 1831 dyaboli
614 1783 675 1819 vel
719 1782 894 1820 hominis
937 1781 1119 1819 liberare.
1167 1779 1358 1826 Quamvis
1403 1779 1507 1816 enim

193 1841 377 1889 (Jeremie
399 1842 555 1887 XV1110,
581 1841 642 1886 18)
667 1840 849 1878 dixerunt
873 1839 1034 1889 reprobi
1067 1839 1180 1876 istius
1213 1838 1378 1887 capituli
1401 1839 1508 1886 quod

195 1913 267 1937 non
302 1899 446 1950 peribit
485 1899 551 1935 Iex
588 1912 609 1934 α
650 1900 852 1936 sacerdote
890 1911 1006 1948 neque
1045 1898 1243 1934 consilimn
1281 1910 1303 1933 a
1341 1896 1510 1946 sapiente

195 1971 311 2008 neque
347 1970 475 1994 sermo
513 1970 534 1993 a
571 1958 765 2007 propheta
805 1966 842 1994 et
881 1958 931 1994 ad
975 1957 1080 1993 hunc
1118 1967 1279 1992 sensum
1313 1954 1508 1999 dixerunt,

197 2018 256 2065 (ut
289 2025 398 2065 patet
431 2016 600 2052 Jeremie
631 2017 734 2062 V110,
767 2015 827 2062 4):
874 2015 1072 2065 Templum
1106 2014 1275 2059 Domini,
1323 2012 1507 2062 templum

139 2077 180 2109 30
195 2075 366 2122 Domini,
394 2074 576 2124 templum
601 2073 762 2110 Domini
787 2081 855 2121 est,
885 2073 979 2122 quia
1008 2082 1143 2110 tamen
1176 2073 1247 2108 sub
1272 2070 1510 2108 condicione

195 2132 318 2170 tacita
356 2132 428 2168 fuit
461 2131 675 2181 promissio
714 2131 791 2168 illis
822 2132 926 2168 facta
965 2140 1001 2168 et
1034 2140 1116 2168 tam
1150 2130 1354 2166 intellectu
1388 2141 1508 2177 quam

196 2191 340 2228 affectu
373 2198 613 2236 erraverant,
649 2199 685 2227 et
718 2190 773 2227 sic
802 2191 922 2226 verba
957 2188 1155 2226 mendacii
1188 2189 1260 2225 sub
1292 2188 1384 2224 fuco
1417 2199 1510 2235 pro-

196 2247 395 2286 missionis
413 2247 576 2285 Domini
599 2248 899 2297 applicaverant
921 2247 1118 2296 sibiipsis,
1136 2260 1226 2284 cum
1242 2244 1511 2283 Antichristus

197 2321 287 2345 cum
306 2306 387 2343 suis
407 2306 645 2356 sequacibus
662 2306 758 2343 dicit
772 2306 1040 2344 incoloracius
1056 2307 1224 2342 eandem
1242 2302 1486 2341 sentenciam
1502 2316 1510 2347 ;

139 2368 178 2400 '35
196 2379 288 2403 nam
334 2366 460 2413 legem
500 2363 648 2402 Christi
694 2377 784 2402 curn
828 2364 908 2401 suis
948 2363 1156 2413 prophetis
1196 2362 1344 2399 scimus
1385 2360 1510 2408 magis

197 2424 292 2473 ipsis
330 2423 500 2460 deficere
544 2432 581 2460 et
620 2422 728 2471 ipsos
773 2436 795 2460 a
833 2422 1034 2472 probabili
1081 2423 1129 2458 de
1167 2421 1248 2458 vita
1287 2419 1435 2458 Christi
1474 2427 1511 2454 et

199 2481 377 2519 moribus
412 2482 686 2519 membrorum
720 2494 885 2518 suorum
920 2480 1092 2530 amplius
1126 2479 1339 2517 declinare.

269 2625 294 2645 2.
316 2616 383 2645 DE:
405 2616 478 2645 dum
500 2617 546 2649 fit;
568 2616 608 2644 E:
630 2616 661 2644 fit
680 2615 805 2644 Christo
826 2614 989 2643 contraria.
1133 2612 1157 2641 3.
1179 2614 1223 2641 A:
1245 2611 1510 2641 canonisaciones.

200 2650 855 2687 7.E:insene;ib.DE:Ronmne;ib
877 2648 1295 2684 Ain1nmg.:Conduffio.
1406 2648 1511 2674 12.A:

201 2687 350 2722 scripture
371 2687 465 2714 deest.
539 2695 580 2720 14.
595 2687 640 2714 A:
662 2685 841 2714 coleracius.
915 2685 952 2713 15.
974 2684 1043 2712 DE:
1066 2683 1236 2712 secundum
1258 2683 1298 2710 id.
1373 2689 1419 2709 20.
1440 2681 1509 2708 DE:

199 2722 259 2749 vita
280 2729 371 2757 quam
393 2722 541 2755 sciencia3
561 2721 601 2748 ib.
622 2722 650 2748 A
671 2721 701 2748 in
723 2728 838 2756 marg:
859 2719 940 2747 Nota
959 2724 1066 2746 contra
1086 2718 1181 2746 vitam
1202 2718 1326 2745 ecclesie
1348 2716 1512 2748 moderne;

199 2757 238 2783 ib.
261 2756 285 2783 E
304 2756 334 2783 in
356 2764 468 2795 marg:
490 2755 581 2783 Nota.
696 2756 743 2783 26.
764 2756 808 2783 A:
828 2755 919 2782 istius
939 2754 997 2781 cui.
1114 2753 1159 2781 28.
1180 2753 1251 2780 DE:
1273 2760 1396 2779 sensum
1418 2750 1511 2777 deest.

199 2790 601 2853 {3-le31ssppllcaverunt3
630 2790 671 2817 ib.
693 2790 732 2817 E:
753 2790 830 2826 ipsi;
860 2790 900 2817 ib.
922 2790 967 2817 A:
988 2793 1053 2816 tum
1073 2787 1295 2816 Antichristus.
1398 2784 1445 2812 36.
1466 2786 1512 2812 A:

208 2836 209 2839 ¹
231 2830 396 2853 nticiristi.

273 2908 325 2941 23.
353 2907 404 2941 Cf.
432 2909 483 2941 De
509 2908 678 2950 Ecclesia,
705 2918 784 2951 pag.
806 2918 816 2940 1
849 2918 947 2951 seqq.
975 2906 1232 2946 Introduction,
1259 2915 1336 2947 pag.
1363 2915 1388 2935 1.

1716 271 1789 318 157

1555 682 1620 710 The
1641 683 1757 710 Romuli

1556 718 1678 745 Clmrcll
1700 718 1754 744 lias

1553 754 1638 779 erred
1661 753 1689 779 iu
1711 754 1759 779 the

1545 792 1652 814 mutter
1673 787 1706 814 of
1722 788 1771 814 the

1573 822 1744 854 Eucharist,

1547 1495 1606 1522 and
1627 1494 1780 1530 generally

1575 1530 1604 1557 in
1626 1529 1745 1564 leaving

1550 1565 1682 1593 Cllrist's
1703 1565 1770 1591 law.
