1986 3380
198 322 275 356 412

231 1192 290 1220 We
312 1193 387 1219 have
408 1197 437 1219 to

199 1228 296 1254 walch
320 1232 372 1254 not
393 1227 464 1262 only

217 1263 263 1289 for
285 1263 333 1289 {lle
355 1262 448 1292 Lord,

200 1297 251 1324 but
274 1297 392 1331 against
413 1297 461 1323 tlic

291 1332 373 1359 Illius.

781 322 1004 354 JOHANNIS
1025 323 1206 354 WYCMF
1228 323 1482 355 SERMONUM
1550 311 1701 367 [SERMO
1723 321 1801 349 INl-

489 428 754 470 discumbere,
780 430 942 476 quando
966 429 1110 465 limitat
1136 428 1189 465 eis
1213 438 1427 477 perpetuas
1452 430 1698 476 mansiones;
1733 434 1799 468 sed

488 485 684 523 transiens
716 487 915 523 ministrat
947 486 1130 523 fidelibus
1164 486 1415 534 introductis,
1450 490 1613 536 quando
1647 490 1714 526 dat
1747 489 1802 526 eis

489 545 527 580 in
562 546 666 581 facto
700 544 988 581 beatitudinem
1019 545 1320 593 sempiternam.
1355 547 1401 582 Et
1425 546 1606 595 quamvis
1630 548 1701 583 hec
1725 547 1801 584 tria

489 602 786 650 distinguantur
825 603 986 639 racione
1026 603 1252 651 multiplici,
1294 616 1375 640 non
1414 613 1548 641 tamen
1581 617 1621 642 se
1655 606 1801 642 habent

490 661 528 697 in
561 661 794 697 tardacione
828 662 887 696 vel
920 660 1192 698 vicissitudine
1225 662 1459 699 successiva.
1819 667 1834 699 5

547 719 597 754 E!
635 719 669 755 si
707 719 849 755 veneri!
882 720 917 754 in
950 720 1115 755 secunda
1151 720 1283 770 vigilia
1317 727 1351 756 et
1382 721 1416 756 si
1446 721 1480 757 in
1515 721 1633 757 tercia
1668 722 1801 771 vigilia

490 777 633 814 venerit
656 784 689 813 et
713 777 764 812 ita
788 777 986 819 invenerit,
1011 777 1111 813 beati
1130 785 1217 813 sunt
1239 779 1344 814 servi
1364 779 1432 814 illi.
1459 778 1650 825 Quamvis
1669 788 1800 816 autem

489 844 579 871 sunt
613 844 786 883 quatuor
820 844 943 871 etates
978 835 1154 872 hominis
1188 840 1243 881 (ut
1268 845 1377 884 patet
1402 836 1441 873 in
1464 838 1659 873 Sermone
1681 838 1802 883 XV0),

488 902 621 930 tamen
653 902 736 929 tota
755 892 944 941 periodus
969 893 1253 930 salvandorum
1276 903 1414 931 notata
1438 907 1508 943 per
1530 894 1684 943 vigilias
1707 895 1803 932 divi-

489 951 595 987 ditur
612 951 743 987 intres
762 960 909 999 partes,
930 951 984 988 ita
1000 953 1107 1000 quod
1124 961 1266 1000 quarta
1287 961 1369 989 etas
1387 965 1557 1001 sompno
1573 953 1633 990 vel
1652 953 1692 990 in
1711 966 1803 990 con-
1825 969 1861 989 10

488 1009 737 1045 sideracione
756 1009 963 1046 celestium
984 1011 1209 1058 deputetur.
1235 1010 1275 1047 Si
1294 1023 1388 1058 ergo
1402 1011 1579 1047 Trinitas
1598 1011 1653 1048 sic
1671 1012 1803 1060 pulsa-

487 1067 585 1104 verit
605 1067 644 1103 in
664 1066 747 1103 istis
766 1067 910 1115 vigiliis
931 1077 967 1104 et
987 1067 1025 1103 in
1044 1068 1231 1105 omnibus
1250 1068 1328 1104 illis
1347 1082 1480 1106 servos
1500 1082 1591 1106 suos
1611 1069 1803 1107 invenerit

488 1125 622 1162 taliter
644 1125 865 1173 vigilantes,
898 1138 1059 1162 necesse
1092 1135 1148 1163 est
1172 1128 1278 1175 quod
1303 1140 1560 1176 summopere
1583 1127 1660 1164 sint
1684 1127 1803 1164 beati.

547 1185 623 1220 Sed
657 1183 750 1232 quia
783 1196 863 1220 non
897 1185 1027 1220 solum
1060 1194 1221 1232 oportet
1254 1186 1302 1221 ad
1336 1186 1615 1234 recepcionem
1641 1185 1802 1222 Domini

489 1241 583 1277 boni
645 1243 864 1287 attendere,
928 1243 996 1278 sed
1056 1242 1359 1280 insidiacionem
1418 1244 1513 1281 furis
1570 1243 1860 1291 diligencius15

491 1312 716 1348 precavere,
763 1300 852 1336 ideo
898 1300 1031 1336 subdit
1077 1301 1346 1349 evangelium:
1387 1302 1474 1338 Hoc
1511 1310 1635 1338 autem
1675 1303 1807 1338 scitole

489 1358 680 1406 quoniam,
719 1358 753 1394 si
788 1359 903 1394 sciret
938 1360 1257 1408 paterfamilias
1295 1372 1366 1409 qua
1406 1360 1503 1396 hora
1530 1361 1610 1409 fur
1648 1361 1806 1403 veniret,

491 1416 673 1466 vigilaret
724 1417 850 1465 utique
900 1424 932 1453 el
978 1429 1050 1452 non
1094 1417 1237 1453 sineret
1275 1418 1438 1467 perfodi
1483 1419 1637 1454 aloinum
1682 1431 1804 1454 suam.

490 1473 667 1519 Quilibet
717 1483 849 1510 autem
902 1474 1030 1511 viator
1081 1477 1300 1512 secundum
1347 1476 1526 1513 animum
1572 1486 1630 1513 est
1673 1485 1805 1524 pater-

489 1532 674 1577 familias,
709 1545 799 1568 cum
832 1532 985 1569 racioni
1019 1534 1135 1570 debet
1157 1533 1310 1570 familia
1342 1547 1529 1571 sensuum
1564 1543 1601 1571 et
1634 1534 1802 1571 aliarum
1821 1548 1863 1569 20

489 1590 767 1638 potenciarum
809 1590 942 1628 anime
982 1591 1217 1629 subservire.
1255 1594 1455 1640 Dyabolus
1487 1601 1619 1629 autem
1655 1602 1712 1629 est
1744 1593 1806 1628 fur

489 1649 724 1685 insidianter
746 1648 898 1686 instans
921 1663 994 1698 pro
1019 1649 1314 1699 dampnacione
1338 1650 1525 1697 hominis,
1551 1660 1587 1687 et
1616 1650 1806 1699 precipue

489 1708 650 1756 quando
675 1709 780 1744 Deus
813 1708 946 1756 pulsat
979 1708 1197 1745 instancius
1230 1710 1280 1745 ad
1313 1709 1458 1745 ostium
1492 1709 1668 1746 viatoris.
1704 1710 1804 1745 Cum

490 1779 583 1814 ergo
616 1765 747 1802 omnis
770 1765 899 1803 viator
922 1767 1041 1803 habet
1064 1766 1189 1803 furem
1225 1767 1344 1803 talem
1379 1768 1440 1804 vel
1473 1768 1642 1814 hostem,
1677 1767 1802 1803 eciam

489 1825 574 1873 ipse
619 1823 814 1869 Christus,
859 1837 1020 1861 necesse
1066 1833 1123 1861 est
1166 1826 1214 1861 de
1259 1825 1338 1861 suis
1384 1825 1536 1862 insidiis
1578 1829 1861 1873 precavere.25

489 1885 558 1919 Est
603 1891 737 1919 autem
784 1883 937 1919 cautela
984 1882 1144 1930 dyaboli
1189 1895 1211 1919 a
1257 1883 1430 1920 fossione
1476 1885 1619 1920 domus
1664 1882 1806 1931 patris-

489 1940 660 1978 familias
685 1939 888 1977 inchoare.
913 1942 982 1977 Est
1008 1949 1141 1977 autem
1166 1942 1310 1978 domus
1335 1941 1374 1977 in
1390 1955 1468 1990 qua
1494 1943 1615 1978 homo
1639 1941 1805 1977 interior

489 2012 578 2035 cum
609 2007 693 2035 tota
722 2011 793 2035 sua
823 1998 975 2035 familia
1004 1998 1158 2035 habitat
1189 2012 1334 2048 corpus
1364 2013 1478 2036 suum
1505 2001 1611 2049 quod
1642 2008 1806 2048 propter

489 2056 745 2104 fragilitatem
786 2065 822 2092 et
856 2057 1122 2093 exclusionem
1164 2066 1272 2094 extra
1311 2058 1483 2106 patriam
1520 2060 1657 2094 Petrus
1689 2066 1805 2094 vocat

488 2115 808 2152 tabernaculum.
870 2115 969 2161 Scio,
1015 2114 1157 2163 inquit,
1203 2117 1304 2166 quod
1348 2117 1464 2153 velox
1513 2124 1568 2153 est
1615 2115 1864 2166 depos1'ci030

489 2173 728 2209 tabernaculi
758 2173 832 2209 mei
852 2174 917 2219 (IIa
944 2172 1049 2210 Petri
1073 2175 1124 2220 Γ),
1143 2176 1217 2220 14).
1242 2175 1275 2210 A
1300 2175 1472 2222 dyabolo
1503 2182 1634 2211 autem
1661 2175 1804 2210 domus

490 2231 565 2267 ista
611 2230 831 2277 diffiditur,
879 2232 1041 2280 quando
1087 2241 1272 2280 separata
1318 2232 1484 2269 caritate
1528 2234 1578 2269 ab
1616 2231 1804 2280 operibus

491 2288 690 2326 evacuatis
715 2289 841 2326 eciam
867 2289 1056 2338 operibus
1079 2289 1194 2326 bonis
1217 2291 1265 2327 de
1293 2302 1437 2338 genere
1460 2290 1500 2327 in
1522 2290 1602 2327 vita
1625 2290 1804 2327 vacuitas

490 2347 702 2384 indicatur.
755 2348 855 2384 Cum
903 2360 996 2395 ergo
1041 2356 1176 2384 tantus
1220 2349 1433 2385 thesaurus
1478 2348 1517 2385 in
1562 2350 1684 2386 domo
1729 2348 1802 2385 ista

490 2404 707 2442 includitur
741 2414 777 2442 et
816 2414 970 2442 tantum
1011 2405 1234 2454 periculum
1275 2405 1315 2443 in
1347 2406 1626 2455 perforacione
1659 2407 1803 2443 domus
1823 2410 1862 2444 35

490 2463 728 2509 ostenditur,
774 2463 867 2512 quia
919 2472 1055 2500 eterna
1097 2464 1354 2513 dampnacio,
1400 2473 1508 2513 patet
1553 2477 1596 2502 ex
1642 2465 1803 2501 racione

491 2534 579 2558 cum
616 2529 766 2570 quanta
799 2521 997 2559 instancia
1029 2521 1197 2571 quilibet
1230 2521 1340 2559 vians
1379 2522 1669 2571 paterfamilias
1708 2522 1801 2570 vigi-

491 2580 603 2617 laret.
651 2582 740 2616 Non
780 2579 884 2616 enim
925 2588 1058 2628 potest
1097 2579 1161 2617 hic
1200 2580 1304 2617 latro
1345 2581 1510 2618 domum
1556 2580 1674 2618 istam
1714 2593 1803 2629 per-

559 2702 587 2728 6.
609 2701 728 2735 vigilia:
750 2700 818 2729 DE:
840 2701 910 2729 add.
933 2702 1041 2730 noctis.
1144 2703 1171 2729 3.
1194 2701 1260 2730 DE:
1282 2703 1311 2730 in
1333 2703 1434 2737 ἀρθείς
1463 2703 1503 2730 ib.
1524 2703 1596 2731 AE:
1617 2703 1688 2732 ΧΨ
1709 2704 1802 2731 deest.

490 2736 522 2763 Iu
545 2737 644 2764 Serm.
666 2737 737 2764 XV⁰
759 2736 806 2763 hic
826 2737 912 2764 locus
933 2745 993 2764 nou
1015 2737 1154 2765 habetur.
1242 2745 1274 2764 u.
1296 2738 1341 2765 A:
1363 2737 1414 2765 Sic
1434 2746 1516 2773 ergo.
1602 2738 1642 2766 18.
1664 2739 1707 2766 A:
1729 2738 1804 2773 vigi-

491 2772 563 2798 laret
584 2772 678 2799 deest.
798 2779 844 2798 20.
868 2772 890 2798 E
911 2771 939 2799 iu
962 2780 1076 2806 marg:
1099 2771 1329 2799 Paterfamilias,
1454 2780 1494 2801 2¹.
1515 2774 1560 2801 A:
1581 2777 1681 2801 autem
1703 2773 1803 2806 dees13

492 2806 531 2833 ib.
554 2806 575 2833 1⁴:
596 2814 710 2840 marga
733 2806 790 2833 sur.
856 2806 902 2833 26.
926 2806 963 2834 li:
985 2807 1142 2834 effusione.
1210 2806 1255 2835 26.
1277 2814 1321 2842 27.
1341 2807 1385 2834 A:
1409 2807 1504 2842 patris
1523 2823 1556 2827 —-
1576 2808 1688 2835 domus
1709 2808 1803 2834 deest.

491 2848 534 2875 27.
557 2840 628 2902 Ediu
652 2849 765 2875 marga
797 2841 924 2868 Domus
1046 2841 1083 2868 3¹.
1106 2841 1174 2868 mi:
1202 2841 1229 2868 1⁰
1249 2841 1350 2875 det-sn
1381 2841 1421 2869 ib.
1445 2843 1466 2870 1·:
1487 2842 1516 2870 in
1538 2851 1651 2877 marga
1684 2842 1803 2869 pomus

493 2875 577 2910 perso
604 2875 672 2903 itur.

563 2947 591 2979 5.
619 2948 733 2979 Lucae
758 2947 830 2988 ΧΠ,
858 2945 912 2979 38.
1014 2946 1062 2979 16.
1092 2948 1204 2980 Lucae
1232 2948 1305 2988 XII,
1334 2947 1387 2991 39.
