1986 3380
230 733 278 759 ΛΗ
302 734 413 767 priests
435 741 484 760 are

272 768 382 795 biddcn
405 773 434 794 ιω

295 803 415 837 preach.

243 1542 416 1571 command
439 1547 469 1570 to

291 1578 420 1612 baptizo.

809 275 1033 306 JOHANNIS
1054 274 1236 306 WYCIJF
1257 274 1513 307 sERMONuM
1590 261 1740 318 [SERMO
1763 273 1823 301 LX-

514 379 730 416 materialis
764 380 991 416 substancia
1024 392 1105 415 non
1138 379 1314 416 variatur
1346 380 1420 416 nisi
1455 380 1592 416 formis
1626 394 1702 429 que
1735 391 1824 418 sunt

511 437 778 475 accidentales
819 437 1016 474 materiali
1051 437 1237 476 essencic.
1273 447 1313 473 ut
1348 439 1469 474 homo
1503 438 1568 487 qui
1603 448 1660 475 est
1694 439 1824 487 prima

510 509 615 533 nunc
654 505 710 532 est
750 509 827 532 una
865 495 1016 544 species
1057 495 1237 543 corporis
1277 504 1314 532 et
1346 509 1450 532 nunc
1489 496 1566 533 alia
1605 499 1822 533 secundum

511 556 618 603 quod
658 554 724 591 illa
770 553 988 590 materialis
1028 553 1205 590 essencia
1245 553 1432 590 variatur.
1479 554 1652 603 Spiritus
1691 564 1823 592 autem

510 612 576 660 qui
622 621 678 648 est
723 611 857 648 anima
903 612 1078 648 humana
1124 620 1180 648 est
1227 624 1350 658 genus
1396 621 1576 648 creature
1616 612 1858 649 cuiuslibet5

510 670 742 718 spiritualis.

567 730 643 764 Sed
682 727 813 764 notari
853 728 970 764 debet
1010 727 1229 763 moralibus
1269 729 1476 776 quomodo
1517 728 1669 765 cunctis
1709 729 1824 766 disci-

510 786 612 835 pulis
652 795 688 822 et
723 786 760 821 in
794 784 890 833 ipsis
924 785 1077 821 cunctis
1115 785 1357 833 preshyteris
1396 785 1614 834 iniungitur
1646 786 1821 823 officium

508 844 754 892 predicandi,
779 843 1004 879 annectitur
1028 843 1196 880 materia
1219 844 1277 880 vel
1304 843 1398 893 quid
1424 845 1594 880 debeant
1618 844 1824 892 predicare

509 913 545 939 et
561 902 756 938 limitatur
772 900 1017 937 auditorium
1035 900 1097 937 cui
1120 901 1392 938 indifferenter
1408 903 1577 939 debeant
1596 902 1822 950 predicare:
1844 918 1882 938 ιο

510 974 599 997 nam
647 960 780 1008 quoad
830 958 1005 1007 primum
1059 958 1100 995 in
1144 960 1228 1007 lege
1275 959 1421 996 Christi
1466 973 1547 997 non
1591 960 1824 997 fundabitur

509 1020 616 1067 quod
657 1018 784 1054 clerus
823 1029 867 1053 ex
904 1016 1093 1053 instinctu
1126 1017 1197 1053 Dei
1238 1026 1370 1054 motus
1408 1030 1478 1066 per
1524 1017 1825 1055 iurisdicciones

510 1078 704 1113 humanas
728 1075 828 1111 foret
851 1076 900 1111 ab
917 1074 992 1111 isto
1016 1087 1136 1123 opere
1159 1075 1403 1124 prepeditus.
1439 1077 1581 1121 Quoad
1604 1078 1822 1113 secundum

509 1143 617 1183 patet
661 1135 769 1182 quod
819 1132 1092 1181 predicatores
1145 1146 1225 1170 non
1271 1135 1415 1170 debent
1459 1133 1667 1182 predicare
1713 1134 1824 1171 fictas

509 1193 675 1237 fabulas,
715 1204 755 1227 se
788 1190 896 1239 ipsos
928 1191 988 1227 vel
1027 1204 1120 1227 suos
1160 1192 1332 1228 honores
1371 1201 1438 1228 aut
1479 1194 1694 1229 commoda
1725 1197 1881 1229 tem-15

509 1250 676 1299 poralia.
728 1251 776 1285 Et
814 1250 948 1298 quoad
992 1249 1161 1285 tercium
1208 1258 1317 1297 patet
1362 1251 1469 1299 quod
1509 1250 1824 1298 evangelizantes

508 1321 589 1345 non
620 1309 765 1345 debent
787 1307 996 1355 predicare
1026 1306 1281 1354 singulariter
1303 1309 1453 1356 populo
1484 1309 1531 1345 de
1555 1321 1634 1357 quo
1663 1318 1824 1357 sperant

510 1367 664 1403 lucrum
714 1364 943 1401 huiusmodi
988 1366 1056 1401 sed
1101 1365 1374 1403 indifferenter
1419 1366 1665 1414 evangelium
1713 1367 1821 1403 omni

509 1434 710 1469 creature3
734 1424 802 1460 sed
826 1422 945 1460 hodie
968 1431 1074 1459 totus
1098 1423 1173 1460 iste
1196 1425 1296 1460 ordo
1316 1424 1507 1472 evangelii
1531 1437 1602 1472 per
1617 1424 1820 1461 diabolum

509 1491 567 1519 CSt
600 1494 771 1519 CVCI‘SUS.
1839 1497 1882 1518 20

566 1543 607 1577 In
640 1539 763 1577 tercia
797 1547 909 1587 parte
942 1538 1135 1587 evangelii
1168 1540 1335 1576 docetur
1367 1540 1518 1576 fructus
1552 1539 1668 1576 huius
1701 1540 1822 1577 offleii

509 1608 545 1635 et
579 1611 649 1647 per
672 1610 748 1647 que
781 1597 894 1645 signa
928 1597 1043 1633 huius
1077 1596 1160 1633 eius
1194 1598 1394 1635 rectitudo
1426 1597 1574 1646 poterit
1606 1598 1822 1635 declarari:

513 1657 602 1707 Qei,
641 1655 784 1705 inquit,
824 1655 1035 1692 crediderit
1077 1663 1113 1691 et
1150 1656 1367 1708 baptizatus
1394 1657 1525 1705 fuerit
1562 1656 1694 1692 salvus
1731 1657 1824 1696 erit,-

507 1715 571 1763 qui
592 1727 683 1751 vero
706 1726 778 1750 non
802 1713 1013 1749 crediderit
1033 1714 1387 1763 condempnabitur.
1422 1716 1521 1750 Nam
1554 1713 1631 1750 fide
1661 1715 1823 1751 credere

507 1772 578 1809 fuit
608 1784 766 1820 semper
795 1771 1064 1808 necessarium
1095 1770 1257 1808 cuilibet
1278 1771 1421 1808 viatori
1445 1771 1474 1808 si
1499 1771 1643 1808 salvari
1667 1773 1822 1817 debeat,
1841 1777 1878 1808 25

508 1840 544 1867 et
584 1843 673 1867 cum
714 1838 799 1866 tota
839 1829 936 1866 fides
974 1829 1200 1866 necessario
1240 1829 1440 1877 colligitur
1472 1829 1510 1865 in
1545 1829 1677 1866 media
1710 1839 1823 1878 parte

506 1887 666 1925 simboli
712 1888 912 1924 credendo
952 1887 990 1924 in
1030 1886 1239 1923 dominum
1278 1889 1411 1924 Jesum
1453 1887 1671 1933 Christum,
1714 1897 1822 1936 patet

507 1947 615 1995 quod
643 1946 711 1982 illa
741 1945 837 1982 fides
867 1957 943 1994 que
972 1954 1030 1982 est
1053 1945 1302 1993 evangelium
1334 1954 1391 1982 est
1412 1945 1661 1982 necessarius
1692 1946 1822 1994 predi-

507 2005 648 2041 canda.
702 2003 893 2048 Quamvis
938 2012 1070 2040 autem
1117 2004 1347 2051 predicator
1392 2017 1471 2040 non
1511 2016 1581 2052 per
1621 2016 1662 2040 se
1701 2004 1819 2041 fidem

507 2062 640 2108 faciat,
680 2063 747 2098 sed
788 2061 970 2098 Christus
1012 2061 1117 2097 intus
1157 2074 1340 2109 operam,
1374 2071 1679 2110 verumptamen
1715 2071 1820 2099 recte
1838 2065 1879 2098 30

506 2120 717 2169 predicans
751 2128 808 2156 est
831 2118 978 2156 Christi
1010 2132 1207 2167 organum
1240 2132 1329 2156 cum
1360 2132 1440 2168 quo
1474 2119 1594 2156 fidem
1629 2119 1821 2169 evangelii

507 2177 688 2215 Christus
738 2176 870 2226 sepius
917 2186 1121 2226 operatur,
1173 2177 1266 2226 quia
1317 2177 1423 2214 iuxta
1466 2178 1704 2226 Apostolum
1755 2179 1820 2223 (ad

508 2238 621 2273 Rom.
661 2237 729 2282 XO,
770 2239 830 2283 17)
877 2235 1025 2271 Christi
1059 2235 1166 2285 fides
1215 2248 1266 2272 ex
1316 2236 1462 2272 auditu.
1518 2238 1617 2272 Nam
1665 2248 1821 2273 summe

507 2294 674 2343 Sapiens
706 2306 788 2330 non
820 2293 1026 2330 ordinaret
1059 2294 1109 2330 ad
1141 2293 1425 2342 publicandam
1462 2293 1580 2330 fidem
1606 2293 1711 2331 istud
1735 2293 1821 2330 offi-

507 2351 626 2397 cium,
650 2351 725 2388 nisi
748 2351 975 2400 specialiter
997 2350 1070 2387 sibi
1105 2351 1318 2397 assisteret,
1354 2351 1472 2388 finem
1507 2365 1625 2400 quem
1660 2351 1876 2389 ordinat35

506 2409 781 2459 adimplendo.
816 2410 931 2446 Unde
963 2409 1129 2446 Matthei
1159 2410 1226 2456 X0‚
1254 2420 1303 2446 20
1337 2408 1522 2446 elidendo
1555 2409 1820 2458 predicatoris

507 2467 735 2517 superbiam
776 2476 812 2504 et
851 2467 1116 2504 confortando
1155 2480 1293 2504 eorum
1335 2467 1605 2505 diffidenciam
1641 2467 1820 2504 Christus

507 2526 562 2563 sic
594 2525 789 2575 loquitur:
823 2525 910 2561 Non
939 2525 1035 2562 enim
1061 2538 1127 2561 vos
1155 2525 1244 2562 estis
1266 2525 1330 2574 qui
1350 2525 1548 2574 loquimini
1572 2526 1641 2562 sed
1660 2526 1820 2576 spiritus

508 2583 640 2620 Patris
672 2583 793 2620 vestri
822 2583 886 2632 qui
916 2583 1085 2632 loquitur
1116 2583 1152 2619 in
1186 2583 1302 2620 vobis.

566 2640 839 2678 Predicacioni
879 2649 1010 2678 autem
1045 2650 1204 2689 oportet
1238 2641 1554 2689 baptizacionem
1588 2641 1816 2689 adiungere,
1833 2656 1876 2688 40

507 2712 597 2736 cum
651 2711 720 2747 per
771 2700 846 2735 hoc
898 2698 1093 2736 memoria
1144 2698 1341 2747 passionis
1395 2708 1432 2736 et
1483 2699 1624 2736 mortis
1669 2699 1815 2737 Christi

507 2756 693 2794 devocius
724 2765 971 2793 memoratur
995 2766 1031 2793 et
1055 2756 1144 2793 ideo
1168 2756 1390 2805 baptismus
1415 2757 1590 2794 fluminis
1613 2770 1634 2794 a
1658 2758 1818 2794 Christo

577 2902 618 2929 31³.
641 2902 690 2933 X0,
715 2911 742 2938 ¹7
763 2903 845 2930 deest
866 2903 894 2929 iu
917 2904 984 2930 cod.
1059 2902 1098 2930 1⁴5,
1121 2903 1177 2930 nisi
1201 2903 1294 2930 deest.
