1986 3380
228 242 364 272 SERMO
386 232 524 290 xxxii]
697 246 907 279 SECUNDA
937 246 1065 278 PARS.
1744 241 1822 287 239

222 353 421 390 maliciam
475 353 620 390 servire
666 353 835 389 fideliter
882 352 1108 401 utrobique.
1166 355 1214 388 Et
1259 362 1369 401 patet
1414 366 1621 401 quamewn
1644 367 1673 389 to
1696 367 1811 398 tyr-ants

219 412 356 448 leviter
399 421 435 448 et
479 411 638 447 sinistre
681 413 898 459 loquuntur
941 411 1007 459 qui
1051 411 1263 447 hortantur
1302 423 1434 447 servos
1474 412 1533 447 vel

220 470 391 506 famulos
425 469 630 510 rebellare,
665 482 710 505 eo
745 470 852 517 quod
885 468 1037 504 domini
1070 468 1265 505 tirannice
1289 477 1428 516 regunt
1453 481 1533 505 eos.

221 529 320 563 Nam
364 529 582 563 secundum
623 528 747 574 legem
791 526 982 574 evangelii
1022 535 1103 562 tam
1138 526 1284 563 Christi
1320 539 1439 575 quam
1474 526 1532 562 sui

188 585 407 633 5apostoli,
438 585 537 621 servi
562 593 599 621 et
624 584 760 620 famuli
786 586 929 620 debent
954 584 1158 620 humiliter
1180 584 1327 621 servire
1351 584 1532 623 tirannis,

221 655 299 678 non
344 644 415 678 sub
460 642 620 678 racione
660 655 738 689 qua
778 643 876 678 tales
916 644 983 678 sed
1023 643 1094 678 sub
1136 642 1296 678 racione
1335 655 1412 690 qua
1454 655 1534 678 ser-

220 700 330 736 viunt
365 700 530 736 domino
562 702 653 736 Jesu
689 699 862 736 Christo.

129 786 190 816 Fol
278 761 325 794 Et
359 758 389 794 si
424 758 608 806 discipuli
643 757 803 805 dyaboli
836 757 1015 794 obiciunt
1048 766 1189 794 contra
1222 758 1338 795 istam
1374 757 1532 805 pacien-
1567 808 1598 814 Δ.
1644 766 1730 793 False
1772 802 1776 805 ἱ
1805 811 1810 814 ἡ

122 811 202 863 2,θᾶ
220 815 321 852 ciam
347 825 383 852 et
408 817 588 852 colorent
613 815 874 852 rebellionem
908 829 954 852 ac
987 816 1299 864 repugnanciam
1329 811 1334 870 Ι
1363 828 1433 864 per
1457 816 1532 851 hoc
1566 805 1803 863 ΗἾΪΕᾎῙῘῙᾏᾟΜ

164 889 202 909 10
219 876 326 922 quod
359 874 474 910 aliter
507 874 675 910 facinori
708 874 991 910 consentirent.

277 935 386 977 Item,
421 932 568 968 subditi
603 933 749 968 habent
781 940 824 968 ut
857 932 916 968 sui
950 931 1103 968 domini
1137 931 1365 980 potenciam
1390 931 1532 968 invasi-

217 1003 320 1035 vam,
346 1003 468 1038 quare
492 1003 585 1038 ergo
608 1003 689 1026 non
712 989 942 1026 resisterent
965 989 1247 1026 iniuriantibus
1270 999 1312 1025 ut
1337 989 1532 1026 Dominus

217 1048 398 1084 omnium
431 1048 568 1085 docuit
602 1057 639 1084 et
671 1049 901 1096 serpentes?

276 1109 386 1152 Item,
421 1108 526 1142 Deus
561 1115 691 1143 movet
730 1115 896 1154 propter
935 1106 1175 1142 demeritum
1214 1105 1532 1142 inhabitancium

165 1168 199 1199 15
218 1165 267 1200 ad
301 1173 563 1214 conquestus:
598 1177 721 1213 quare
745 1177 839 1212 ergo
862 1177 942 1201 non
968 1173 1099 1201 movet
1122 1164 1304 1201 subditos
1327 1173 1369 1199 ut
1393 1172 1532 1200 contra

219 1222 487 1270 deprimentes
521 1223 629 1271 ipsos
668 1222 946 1259 recalcitrent?
999 1224 1086 1259 Hoc
1125 1235 1218 1271 ergo
1257 1235 1301 1259 ex
1340 1222 1530 1258 instinctu

218 1281 390 1317 naturali
415 1282 534 1317 hahet
558 1280 724 1330 quilibet
747 1290 802 1327 ut,
829 1281 930 1318 sicut
954 1280 1106 1329 appetit
1129 1280 1272 1327 vivere,
1289 1280 1345 1317 sic
1369 1288 1532 1328 appetat

218 1338 460 1375 libertatem.

276 1397 353 1433 Sed
388 1396 451 1433 hic
484 1397 629 1433 dicitur
661 1396 806 1433 scolari
841 1396 1000 1445 dyaboli
1025 1397 1133 1444 quod
1157 1396 1288 1433 omnis
1312 1396 1532 1433 instructus
1630 1405 1760 1446 Reply:⁸

161 1468 202 1489 20
218 1454 257 1490 in
290 1455 375 1502 lege
409 1463 445 1491 et
477 1455 612 1503 gracia
650 1454 803 1491 domini
835 1457 926 1491 Jesu
959 1454 1107 1491 Christi
1150 1456 1267 1492 debet
1307 1455 1346 1490 in
1385 1454 1533 1491 talibus
1568 1441 1809 1507 ῃῖἰῗῗζῇῗῗξῚζῖι

217 1512 372 1549 iniuriis
411 1526 491 1549 non
531 1514 724 1549 rebellare
764 1514 832 1549 sed
872 1513 955 1561 pati
997 1512 1214 1549 humiliter.
1262 1512 1384 1549 Cuius
1423 1512 1533 1549 racio
1681 1508 1686 1511 ⁵

217 1579 287 1616 est,
322 1570 416 1619 quia
448 1571 667 1619 propositis
701 1572 854 1607 duabus
888 1571 960 1608 viis
994 1571 1206 1607 contrariis
1246 1584 1416 1619 quarum
1456 1583 1534 1607 una

217 1638 274 1665 est
309 1628 484 1666 difficilis
517 1638 638 1678 atque
672 1629 860 1677 ambigua
894 1630 1027 1678 quoad
1064 1642 1208 1675 mores,
1244 1638 1280 1665 et
1304 1629 1381 1665 alia
1406 1628 1533 1665 facilis

215 1696 335 1735 atque
371 1696 491 1733 certa,
532 1688 591 1724 lex
631 1700 724 1735 ergo
764 1687 897 1735 gracie
931 1696 989 1724 est
1022 1688 1129 1735 quod
1163 1687 1274 1735 prior
1308 1687 1534 1723 dimittatur

158 1749 251 1781 25et
293 1746 419 1782 altera
459 1745 640 1794 eligatur.
686 1748 763 1781 Lex
804 1745 1008 1781 humiliter
1047 1745 1231 1793 paciendi
1270 1745 1436 1781 iniurias
1476 1754 1533 1781 est

213 1803 340 1840 facilis
379 1812 498 1852 atque
537 1812 644 1840 certa
685 1812 721 1840 et
755 1805 812 1839 lex
846 1803 1059 1840 invadendi
1093 1804 1152 1840 vel
1187 1803 1396 1840 resistendi
1430 1802 1531 1839 diffi-

214 1862 300 1898 cilis
337 1871 456 1910 atque
498 1861 705 1909 ambiguae
748 1862 838 1897 ideo
874 1862 982 1898 scola
1018 1862 1119 1897 foret
1155 1861 1316 1909 dyaboli
1354 1861 1528 1909 priorem

214 1920 440 1968 relinquere
464 1929 500 1956 et
519 1920 634 1956 istam
660 1919 890 1967 ambiguam
915 1928 1139 1967 acceptare.
1169 1922 1217 1955 Et
1241 1920 1334 1956 hinc
1350 1919 1530 1957 Christus
1567 1929 1626 1955 and
1649 1929 1674 1956 is
1695 1930 1802 1974 taught

216 1978 346 2027 ipsam
395 1978 531 2015 docuit
574 1987 656 2014 tarn
703 1990 823 2026 opere
863 1991 984 2026 quarn
1030 1990 1235 2023 sermone:
1274 1991 1368 2015 nam
1408 1977 1530 2026 gratis
1591 1964 1780 2034 bg'xffissgfgs

158 2041 199 2073 30
216 2049 355 2085 passus
407 2045 464 2072 est
516 2045 686 2073 mortem
738 2036 994 2073 durissimam
1048 2045 1084 2072 et
1137 2036 1274 2073 docuit
1325 2037 1531 2084 apostolos

216 2095 332 2132 istam
382 2095 547 2131 scolam.
602 2095 643 2130 In
682 2095 892 2144 paciencia,
934 2094 1076 2143 inquit,
1118 2103 1245 2131 vestra
1286 2095 1533 2144 possidebitis

214 2154 362 2189 animas
392 2160 552 2189 vestras.
588 2152 665 2199 Qui
695 2165 788 2201 ergo
818 2153 1002 2188 hortatur
1031 2154 1080 2189 ad
1114 2153 1374 2189 rebellionem
1398 2152 1532 2188 huius-

216 2211 325 2248 modi
364 2211 513 2247 indicat
545 2222 585 2247 se
625 2223 707 2247 esse
747 2219 945 2258 expertem
986 2210 1187 2258 sapiencie
1225 2210 1529 2259 scripturarum.

215 2271 291 2306 Sed
329 2270 404 2305 hoc
435 2268 649 2305 dicendum
680 2268 854 2305 dominis
889 2269 1135 2305 secularibus
1171 2277 1207 2305 et
1237 2268 1399 2305 cuilibet
1428 2267 1531 2304 chri-

159 2332 197 2364 35
215 2327 344 2364 stiano
378 2328 486 2376 quod
518 2339 600 2363 non
633 2326 893 2363 consenciant
916 2326 1085 2363 facinori
1118 2328 1374 2363 sacerdotum
1404 2326 1531 2363 rebel—

214 2385 388 2422 lancium
420 2385 495 2432 legi
519 2384 689 2429 Christi3
716 2385 791 2421 hoc
815 2384 921 2421 enim
953 2384 1274 2433 inseparabiliter
1298 2394 1354 2422 est
1379 2385 1529 2421 malum

284 2505 304 2524 1.
326 2497 368 2524 D:
389 2497 517 2525 fideliter
534 2498 672 2533 utrique;
693 2498 732 2525 E:
755 2497 883 2525 fideliter
902 2497 1050 2533 utrisque.
1130 2505 1156 2525 2.
1177 2497 1219 2524 D:
1241 2502 1269 2525 et
1289 2497 1355 2525 sine
1374 2502 1529 2533 tempore:

214 2532 259 2559 A:
280 2540 373 2567 quam
395 2532 543 2566 breviter:
566 2533 604 2560 E:
626 2532 691 2560 sine
712 2532 850 2566 racione;
872 2532 897 2559 D
919 2532 949 2559 in
971 2540 1084 2567 marg:
1107 2532 1240 2560 racione.
1296 2531 1321 2560 3.
1342 2532 1385 2560 D:
1406 2532 1529 2559 tiranni.

214 2576 244 2600 4.
260 2566 284 2593 D
300 2567 330 2594 in
352 2575 439 2594 martY
459 2576 465 2582 ·
488 2568 572 2596 Serti
596 2567 706 2595 debent
727 2567 840 2594 servire
859 2567 991 2594 tirannis
1011 2571 1039 2594 et
1059 2567 1147 2595 malis
1168 2575 1228 2594 non
1250 2567 1307 2594 sub
1329 2567 1450 2595 racione
1471 2575 1530 2601 qna

215 2602 289 2640 tales
310 2602 362 2640 sed
384 2587 584 2641 suB'}acione
604 2611 663 2638 qua
685 2602 821 2641 serviunt
841 2601 871 2629 d.
891 2602 915 2629 J.
937 2601 971 2629 C.
1116 2611 1143 2637 7.
1164 2603 1193 2629 A
1212 2602 1242 2629 in
1264 2610 1378 2637 marg:
1399 2601 1529 2637 Triplex

215 2637 351 2663 obieccio
373 2645 398 2671 1;
420 2637 443 2664 E
463 2645 493 2664 in
514 2645 628 2672 marg.:
651 2637 796 2664 Obiecclo
817 2645 839 2664 1.
929 2644 958 2669 o.
979 2636 1048 2664 DE:
1069 2637 1214 2664 colarent.
1307 2645 1347 2664 ιο.
1368 2637 1437 2664 DE:
1458 2644 1530 2663 con-

216 2671 389 2699 sentiretur.
472 2680 506 2699 11.
526 2672 581 2699 ΑΕ
601 2672 630 2699 in
652 2680 765 2707 marg:
787 2680 819 2703 ες
849 2671 890 2699 ib.
912 2668 951 2699 E:
974 2672 1089 2699 subditi
1110 2672 1195 2699 taleS.
1270 2670 1308 2699 13.
1328 2672 1402 2699 AD:
1425 2671 1529 2698 docuit

216 2706 310 2733 deest.
332 2706 376 2733 De
395 2706 455 2733 Sex
473 2707 575 2742 Jugis:
597 2707 744 2734 dominns
764 2706 879 2733 ovium.
960 2715 1002 2740 14.
1023 2707 1078 2734 ΑΕ
1098 2706 1128 2734 in
1150 2714 1264 2768 marg..-
1286 2705 1311 2733 3.
1395 2714 1436 2742 ¹9·
1457 2706 1528 2733 AE:

215 2740 388 2776 Responsio
407 2742 476 2777 (A:)
496 2742 616 2777 triplex.
724 2749 770 2769 22.
789 2742 832 2768 A:
855 2741 1040 2777 supponitis.
1149 2749 1195 2774 24.
1247 2742 1285 2768 E:
1307 2741 1407 2777 gracie
1428 2741 1529 2773 deest:

218 2776 241 2802 D
258 2785 263 2802 :
281 2776 382 2811 gracie
400 2776 430 2802 in
452 2784 547 2811 marg.
568 2776 677 2803 added.
705 2776 821 2804 Codd.:
843 2776 905 2803 Lex
925 2784 1007 2812 ergO.
1080 2775 1126 2803 30.
1143 2776 1212 2803 DE:
1233 2781 1363 2803 mortem
1385 2775 1529 2811 gravissi—

218 2818 310 2837 mam.
384 2809 428 2838 33.
449 2811 488 2838 E:
511 2811 664 2847 sapiencie
686 2811 779 2838 deest.
853 2809 898 2839 36.
920 2811 964 2838 A:
987 2811 1060 2846 lege.

290 2871 342 2903 31.
370 2872 486 2904 Lucae
513 2872 606 2913 XXI,
639 2882 687 2916 ¹9-
