1986 3380
182 281 317 310 SERMO
339 271 435 329 xm]
652 285 866 317 SECUNDA
897 286 1019 317 PARS.
1730 295 1780 331 97

238 392 285 426 Et
312 391 370 438 (ut
392 390 653 438 probabiliter
669 391 859 438 creditur)
887 391 959 427 iste
977 391 1192 428 Zacharias
1215 392 1288 428 fuit
1311 406 1492 431 summus
1545 404 1694 444 bevotism
1716 409 1748 433 of

179 450 366 484 sacerdos
412 447 573 496 cupiens
617 448 750 484 viuere
796 449 995 495 Messiam‚
1043 463 1132 486 cum
1187 463 1231 486 ex
1275 453 1493 500 prophecia
1528 439 1770 501 ᾗὲῗζῗῑᾟέζξοᾶ

178 507 313 542 Yacob
347 505 526 554 predicta
559 505 689 553 ipsum
725 506 895 542 credidit
929 508 1154 547 advenisse:
1195 517 1232 544 et
1272 510 1342 545 hec
1383 510 1491 546 racio
1596 509 1699 543 priest.

178 576 301 611 quare
333 563 491 600 servivit
524 563 710 600 dex-ocius
744 574 834 600 ante
859 567 999 611 Deum,
1034 578 1105 602 nec
1139 567 1318 614 oportuit
1352 567 1390 603 in
1424 568 1492 604 illo

145 621 413 658 5abscondito
460 621 680 658 ministerio
727 622 924 659 seminare
968 623 1199 671 ypocrisim,
1254 637 1343 661 cum
1398 634 1492 662 tunc

177 688 260 715 tota
302 679 516 715 multitudo
555 679 694 727 populi
734 690 817 716 erat
863 680 969 716 foris.
1018 683 1192 718 Tantum
1238 682 1343 718 enim
1389 685 1492 720 valet

176 739 282 784 apud
308 740 448 776 Deum,
483 739 589 786 quod
624 739 795 785 populus
828 740 932 774 nude
965 740 1151 776 devocius
1188 742 1307 776 corde
1342 743 1490 787 credat,

176 795 278 831 sicut
311 797 417 843 quod
452 808 541 831 cum
577 796 794 832 devocione
828 796 1046 832 remissiori
1071 806 1163 834 actu
1186 798 1337 834 senciat
1360 812 1490 835 sacra-

177 862 369 889 mentum.
408 853 582 900 Angelus
622 862 755 889 autem
792 854 952 890 Domini
986 855 1025 891 in
1060 856 1149 892 loco
1183 857 1320 893 dextro
1354 858 1491 894 altaris

121 924 160 946 10
175 911 367 947 Zacharie
399 911 586 959 apparuit
620 920 657 947 et
690 911 809 952 stetit,
845 914 894 948 ad
929 914 1204 950 denotandum
1239 923 1489 952 constantem

174 968 213 1003 in
260 968 437 1005 moribus
483 968 723 1009 stacionem:
771 979 806 1006 et
845 971 1059 1007 Zacharias
1105 971 1295 1008 nimirum
1342 973 1488 1019 timuit,

173 1035 256 1062 tum
304 1027 397 1075 quia
441 1036 534 1062 tunc
580 1028 758 1074 angelica
803 1028 901 1064 visio
949 1029 1020 1064 fuit
1065 1043 1174 1073 rara;
1220 1032 1287 1067 sed
1327 1032 1489 1079 angelus

174 1097 285 1120 more
308 1085 401 1121 boni
427 1084 561 1121 nuncii
585 1086 821 1122 Zachariam
839 1086 1023 1122 timidum
1050 1088 1308 1134 confortavitg
1332 1102 1488 1126 verum-

173 1151 307 1178 tamen
350 1143 442 1191 quia
487 1143 756 1180 communiter
800 1157 879 1181 non
924 1145 996 1181 fuit
1044 1155 1224 1182 assuetus
1270 1146 1487 1193 miraculis,

120 1203 308 1237 15narrat
341 1201 414 1237 sibi
447 1201 610 1248 angelus
644 1203 691 1238 de
724 1203 836 1250 prole
869 1215 940 1239 sua
975 1203 1188 1240 duodecim
1213 1206 1318 1241 bona
1340 1205 1488 1242 nuncia

173 1258 379 1306 gaudiosa.

232 1318 372 1353 Patent
405 1326 538 1354 autem
572 1318 647 1355 ista
681 1318 893 1354 duodecim
928 1331 971 1355 ex
1004 1320 1172 1355 decursu
1212 1320 1404 1368 evangelii
1438 1323 1485 1357 de
1535 1328 1602 1356 The
1623 1330 1737 1369 angers

79 1355 363 1432 IF‘ssJohanne.
394 1371 398 1428 Ι
428 1376 516 1411 Fuit
561 1377 666 1412 enim
704 1377 904 1413 Johannes
949 1379 1163 1423 Nazareus,
1210 1391 1291 1416 non
1335 1380 1484 1415 habens
1500 1364 1775 1434 Νζιζζςῗξξζῖξῖξῶ

173 1445 293 1479 supra
325 1445 365 1468 se
397 1433 591 1470 maiorem
627 1446 725 1482 pure
758 1434 963 1470 hominem
997 1437 1054 1482 (ut
1087 1444 1196 1484 patet
1229 1438 1370 1473 Matth.
1395 1438 1483 1484 XIO)
1591 1433 1681 1461 John.

115 1503 157 1525 20
173 1499 209 1526 et
233 1490 324 1526 hinc
346 1503 427 1527 non
458 1491 556 1527 bibit
584 1491 865 1528 inebriativum
897 1496 952 1537 (ut
975 1493 1195 1542 precipitur
1217 1494 1383 1530 Numeri
1403 1495 1482 1541 VI),

172 1556 208 1584 et
241 1557 456 1596 propterea
489 1562 712 1586 consonum
745 1550 817 1585 fuit
850 1550 980 1598 ipsum
1011 1551 1130 1587 fuisse
1164 1554 1401 1589 mundatum
1435 1555 1483 1589 ab

170 1605 355 1653 originali
394 1616 561 1655 peccato
606 1607 647 1644 in
691 1616 805 1644 utero
852 1608 991 1644 matris
1035 1621 1116 1645 sue.
1163 1610 1211 1645 Et
1257 1612 1304 1646 de
1349 1611 1483 1647 officio
1515 1629 1593 1657 John
1615 1631 1754 1658 cleansed

168 1664 359 1700 Johannis
391 1674 500 1712 patet
533 1667 641 1714 quod
674 1665 868 1702 convertit
901 1668 1023 1703 corda
1056 1676 1287 1704 sanctorum
1321 1678 1482 1716 patrum
1509 1665 1759 1728 {f12f115112gn15g11

168 1722 311 1758 veteris
355 1724 584 1759 testamenti
628 1723 669 1760 in
712 1723 827 1770 filios,
881 1724 976 1772 quia
1019 1724 1059 1760 in
1105 1738 1197 1762 suos
1251 1726 1481 1774 discipulos,
1748 1723 1753 1728 ’

113 1784 152 1817 25
170 1781 369 1817 credendo
403 1781 652 1829 presenciam
684 1782 827 1818 Messie
865 1795 984 1830 quern
1030 1782 1184 1831 priores
1229 1784 1483 1821 crediderant

168 1838 415 1875 nasciturum
451 1840 509 1886 (ut
554 1849 662 1888 patet
696 1841 836 1876 Matth.
886 1842 986 1888 1110).
1032 1843 1081 1877 Et
1124 1841 1218 1890 quia
1262 1843 1482 1890 prudencia

167 1895 365 1933 iustorum
400 1906 457 1933 est
489 1898 686 1935 seminare
720 1898 926 1935 caritative
965 1898 1084 1935 fidem
1126 1908 1163 1935 et
1201 1901 1307 1937 bona
1344 1913 1480 1949 opera,

166 1963 210 1990 ut
242 1964 394 1991 metant
425 1958 684 2003 postmodum
726 1956 926 2005 copiosius
974 1957 1057 1993 eius
1100 1957 1275 1994 fructum
1321 1968 1358 1994 et
1406 1960 1482 1996 hoc

166 2013 261 2049 facit
293 2014 343 2049 ad
365 2014 673 2062 perfeccionem,
709 2027 798 2051 cum
823 2015 882 2051 lex
905 2027 1008 2052 nova
1031 2017 1080 2052 ad
1104 2029 1226 2064 quarn
1251 2017 1482 2065 preparavit

108 2071 365 2108 30Johannes
399 2071 566 2108 existens
599 2072 639 2109 in
679 2074 849 2109 duarum
889 2073 1022 2121 legum
1068 2074 1243 2111 confinio
1290 2074 1340 2110 sit
1383 2075 1480 2123 legis

165 2129 328 2178 antique
361 2130 703 2178 complementum
738 2139 857 2180 atque
891 2131 1107 2179 perfeccio:
1147 2132 1237 2168 ideo
1277 2132 1480 2181 signanter

165 2187 261 2223 dicit
284 2188 530 2235 evangelium
558 2190 666 2237 quod
688 2190 888 2226 Johannes
913 2189 1107 2226 convertit
1124 2190 1234 2238 prius
1249 2190 1478 2228 incredulos

163 2247 213 2281 ad
246 2246 507 2294 prudenciam
541 2246 752 2293 iustorum,
793 2260 882 2284 cum
923 2260 967 2283 ex
1000 2248 1281 2296 predicacione
1314 2261 1385 2285 sua
1420 2250 1479 2297 (ut

162 2312 272 2351 patet
286 2305 427 2340 Matth.
445 2306 531 2352 1110>
556 2306 605 2341 ad
629 2305 781 2353 frugem
806 2314 940 2342 sancte
963 2305 1041 2342 vite
1065 2307 1259 2343 convertit
1281 2307 1478 2355 plurimos

107 2366 146 2398 35
163 2370 280 2398 antea
312 2361 490 2398 ociantes
525 2371 561 2398 et
594 2371 675 2399 tam
710 2363 794 2411 ipse
827 2376 947 2412 quam
971 2363 1028 2399 illi
1052 2374 1295 2413 paraverunt
1317 2365 1476 2413 plebem

163 2419 328 2456 domino
342 2421 434 2456 Jesu
450 2420 609 2457 Christo
632 2422 865 2469 perfectam.
889 2424 1105 2468 Quomodo
1129 2431 1262 2459 autem
1286 2423 1477 2471 precessit

160 2476 200 2513 in
243 2477 386 2526 spiritu
431 2487 468 2514 et
511 2479 656 2515 virtute
702 2480 837 2527 Helye,
884 2489 994 2528 patet
1038 2481 1205 2517 Matthei
1249 2482 1336 2528 X10‚
1382 2481 1476 2530 quia

160 2537 301 2572 eodem
326 2536 477 2584 Spiritu
493 2537 641 2574 Sancto
666 2546 702 2573 et
725 2539 866 2574 eadem
890 2537 1034 2574 virtute
1057 2538 1167 2576 verbi
1191 2539 1261 2576 Dei
1284 2539 1476 2588 precessit

230 2713 251 2732 1.
273 2705 341 2733 DE:
363 2710 392 2733 et
411 2705 512 2741 deest3
532 2707 573 2734 ib.
590 2706 658 2734 DE:
679 2706 814 2735 creditur
834 2715 989 2736 summus,
1068 2706 1096 2734 6..
1112 2708 1157 2736 A:
1179 2707 1258 2736 Cum
1279 2707 1359 2735 enim
1380 2707 1471 2735 videt.

157 2747 184 2775 7.
203 2739 272 2767 DE:
293 2740 375 2767 nude
396 2740 553 2769 devocius.
670 2750 710 2770 12.
731 2743 777 2771 A:
798 2750 868 2769 cum
890 2746 972 2769 tunc.
1082 2750 1091 2770 1
1116 2764 1122 2770 .
1143 2743 1169 2770 D
1191 2743 1222 2770 in
1243 2751 1357 2778 marg:
1379 2743 1470 2770 Nota.

159 2774 199 2802 18.
219 2775 244 2802 E
263 2775 294 2802 in
315 2783 428 2811 marg.:
449 2775 614 2804 Johannes.
722 2784 769 2804 20.
790 2776 830 2804 E:
852 2777 1055 2810 inebriat11m;
1083 2751 1124 2805 ih.
1144 2777 1169 2805 E
1189 2777 1220 2804 in
1241 2785 1358 2816 ma1·g.3
1377 2777 1471 2804 addit.

159 2813 277 2848 potum.
349 2810 397 2837 26.
417 2811 462 2838 A:
484 2811 609 2839 Matthei
630 2811 696 2839 XIo.
769 2819 815 2848 27.
836 2811 905 2839 DE:
927 2811 1097 2839 caritatem.
1170 2811 1216 2840 28.
1237 2812 1278 2839 E:
1299 2817 1332 2839 ut
1352 2817 1470 2840 meant:

157 2852 188 2871 m
209 2852 323 2879 marg.:
345 2845 486 2873 habeant.
558 2844 601 2874 33.
617 2847 662 2874 A:
684 2850 716 2873 ut
734 2851 790 2883 est.
863 2845 906 2874 35.
921 2846 990 2873 DE:
1014 2851 1134 2882 parant.
1206 2845 1251 2882 37,
1267 2845 1313 2874 38.
1328 2846 1424 2882 Helye
1438 2861 1471 2865 —

157 2878 267 2906 virtute
288 2878 381 2906 deest.
453 2879 498 2916 37.
520 2880 544 2907 E
564 2881 594 2908 in
616 2889 729 2915 marg:
752 2881 794 2908 De
816 2889 961 2916 procursu
977 2880 1064 2908 Helie
1085 2885 1153 2908 ante
1168 2880 1284 2909 Christi
1305 2881 1470 2909 adventum

158 2917 239 2941 nota.
312 2913 357 2941 38.
379 2913 418 2941 E:
440 2916 588 2950 precessit
607 2915 702 2943 deest.

1310 2975 1329 3006 7
