1986 3380
175 1006 262 1042 They
283 1006 392 1033 should

175 1043 208 1069 be
228 1041 398 1076 compelled

180 1082 209 1103 to
231 1084 325 1112 proxc
346 1075 395 1102 the

159 1112 240 1139 trull]
263 1120 295 1137 as
317 1115 346 1137 to
367 1110 415 1136 the

250 1147 328 1172 host.

736 304 959 336 JOHANNIS
978 303 1160 335 WYCLIF
1180 303 1434 336 SERMONUM
1510 290 1662 347 [SERMO
1684 301 1749 329 ΧΠ-

438 410 601 455 destrui,
642 423 722 447 non
761 410 923 447 sacrari.
970 410 1124 446 Fideles
1165 419 1296 447 autem
1339 423 1439 459 quos
1473 410 1749 447 scandalizant

438 478 645 517 tamquam
699 469 894 505 hereticos
946 468 1082 504 dicunt
1134 480 1223 504 cum
1270 468 1475 516 evangelio
1521 478 1557 504 et
1603 468 1750 504 sanctis

438 527 670 563 doctoribus
704 528 812 575 quod
846 528 920 562 hoc
954 535 1250 562 sacramentum
1285 527 1334 562 sit
1368 527 1486 562 simul
1525 526 1586 562 vel
1625 526 1750 562 diver-

437 585 592 622 simode
624 598 738 621 verus
773 584 886 632 panis
921 593 957 620 et
991 596 1136 632 corpus
1171 584 1331 620 Domini
1372 594 1407 620 et
1449 585 1602 620 addunt
1643 585 1750 632 quod

439 643 558 680 tidem
597 653 677 680 tam
731 651 1000 691 expressatam
1051 655 1120 690 per
1165 642 1434 679 millenarium
1480 641 1626 678 Christi
1671 654 1753 679 non

439 703 583 738 debent
629 714 671 738 ex
715 700 994 737 declaracione
1039 700 1264 737 innocencii
1309 703 1355 737 III
1411 710 1631 748 expectare,
1685 701 1751 736 sed

438 760 664 808 spirituales
698 759 779 795 ceci
813 760 958 795 debent
990 758 1031 794 in
1063 771 1208 807 penam
1233 758 1481 795 infidelitatis
1505 768 1542 795 et
1577 760 1753 795 destruc-

439 819 564 856 cionis
597 817 834 867 quiditatem
869 816 974 852 illius
1004 816 1245 853 sacramenti
1275 829 1317 853 ex
1348 816 1531 853 doctrina
1561 815 1753 864 evangelii

440 886 477 914 et
522 876 693 914 aliorum
740 883 973 912 sanctorum
1017 887 1092 924 pro
1137 875 1205 911 illo
1259 884 1442 923 tempore
1492 875 1643 923 populo
1689 875 1754 910 de-

438 936 603 972 clarare.

496 995 544 1029 Et
596 991 750 1028 utinam
795 991 871 1028 ista
916 990 1088 1028 racionis
1133 991 1306 1027 scintilla
1351 991 1500 1027 luceret
1546 990 1584 1026 in
1634 991 1754 1026 corde

438 1051 666 1099 principum
701 1051 809 1098 quod
841 1061 915 1086 nec
953 1049 1141 1086 fratribus
1182 1051 1353 1085 donetur
1393 1048 1643 1085 domicilium
1683 1060 1754 1084 nec

440 1109 526 1146 aliis
550 1107 860 1156 possessionatis
884 1107 1062 1144 seculare
1093 1107 1331 1152 dominium,
1365 1116 1581 1155 antequam
1615 1106 1755 1142 funda-

438 1167 565 1203 verint
590 1179 632 1202 ex
655 1165 896 1202 fundacione
919 1174 1010 1201 ante
1033 1165 1153 1201 istum
1180 1165 1463 1201 Innocencium
1488 1173 1525 1200 et
1546 1164 1755 1200 docuerint

441 1225 537 1273 quid
561 1224 610 1260 sit
635 1225 710 1260 hoc
732 1223 959 1260 venerabile
982 1232 1295 1260 sacramentum.
1331 1225 1431 1259 Nam
1462 1234 1527 1258 rex
1550 1234 1592 1258 ex
1615 1230 1756 1258 notato

440 1296 511 1320 suo
535 1290 770 1330 contemptu
793 1281 985 1318 confiscat
1008 1281 1187 1317 redditus
1211 1281 1493 1329 episcoporum
1519 1292 1564 1316 ac
1585 1279 1755 1316 aliorum

440 1340 734 1389 religiosorum,
769 1348 920 1388 quanto
955 1338 1080 1387 magis
1114 1351 1157 1375 ex
1191 1338 1334 1375 maiori
1367 1346 1602 1386 contemptu
1626 1337 1697 1374 Dei
1721 1346 1757 1374 et

439 1399 569 1436 tocius
615 1397 780 1435 ecclesie
824 1410 904 1446 quo
949 1396 1044 1433 dicti
1089 1396 1350 1433 ecclesiastici
1383 1396 1557 1432 illudunt
1590 1395 1756 1432 ecclesie

441 1457 479 1493 in
513 1458 588 1493 hoc
622 1456 740 1493 casu?
773 1455 814 1492 Si
847 1468 940 1503 ergo
964 1455 1039 1491 ista
1061 1467 1164 1503 pena
1187 1454 1474 1503 temporalium
1499 1466 1575 1503 que
1597 1462 1753 1490 tantum

441 1516 688 1564 ponderatur
732 1514 833 1550 foret
878 1513 932 1549 eis
976 1512 1129 1549 inflicta
1167 1525 1376 1562 quousque
1410 1512 1653 1549 sufficienter
1686 1512 1754 1548 do-

441 1573 597 1610 cuerint
649 1572 765 1608 huius
811 1571 933 1608 edulii
978 1571 1274 1619 quiditatatem,
1327 1580 1423 1607 tunc
1475 1583 1497 1607 a
1548 1569 1755 1606 verisimili

442 1633 584 1668 darent
616 1643 782 1679 operam
816 1631 866 1666 ad
900 1630 1162 1665 scrutandum
1195 1628 1235 1665 in
1260 1629 1368 1665 fonte
1392 1627 1589 1676 scripture
1622 1627 1755 1663 huius-

441 1689 552 1726 modi
576 1688 743 1725 materie
757 1687 980 1724 veritatem.
1004 1689 1053 1723 Et
1075 1687 1181 1723 idem
1207 1688 1322 1723 debet
1346 1685 1494 1723 servari
1518 1686 1558 1721 in
1574 1687 1756 1722 Romano

442 1747 632 1796 pontifice
647 1755 684 1783 et
703 1758 943 1794 quocunque
959 1744 1059 1781 eitra
1081 1754 1265 1781 auctores
1281 1743 1490 1792 scripture,
1513 1744 1757 1780 attendendo

442 1807 492 1842 ad
525 1804 785 1841 fundaciones
818 1803 1018 1840 sentencie
1051 1816 1119 1840 sue
1151 1802 1207 1839 sic
1241 1803 1343 1849 ficte,
1379 1811 1416 1838 et
1448 1802 1550 1838 forte
1579 1801 1758 1838 redditus

443 1871 580 1901 sancte
613 1862 778 1899 ecclesie
809 1862 939 1898 forent
978 1861 1018 1898 in
1057 1860 1242 1898 manibus
1281 1860 1523 1897 secularium
1562 1868 1758 1908 perpetuo

443 1921 546 1958 sicut
577 1920 688 1958 olim.

499 1978 688 2016 Tercium
721 1986 855 2015 autem
889 1976 1152 2013 homicidium
1177 1978 1225 2013 ab
1249 1975 1458 2013 iracundia
1479 1976 1540 2012 vel
1563 1987 1759 2012 consensu

445 2037 722 2074 manifestatur
766 2035 807 2073 in
850 2034 1040 2072 fratribus
1086 2047 1129 2071 ex
1183 2034 1341 2071 cadenti
1394 2033 1488 2070 odio
1533 2046 1612 2082 quo
1657 2033 1758 2070 alios

443 2095 644 2143 simplices
667 2093 921 2131 constancius
944 2093 1047 2129 inter
1072 2094 1253 2129 membra
1276 2091 1436 2139 dyaboli
1465 2099 1759 2140 persequuntur

445 2163 482 2190 et
522 2156 535 2190 I
573 2154 660 2189 Joh.
708 2154 793 2198 1110,
834 2152 877 2188 15
926 2150 1132 2187 scribitur:
1184 2151 1318 2187 Omnis
1361 2150 1425 2199 qui
1466 2149 1546 2185 odit
1578 2150 1756 2198 fratrem

443 2224 554 2248 suum
588 2211 780 2247 homicida
812 2217 878 2246 est.

503 2271 557 2305 Ex
590 2268 674 2305 istis
708 2267 922 2316 colligitur,
956 2267 1061 2304 ultra
1093 2267 1169 2303 hoc
1191 2267 1300 2315 quod
1324 2265 1419 2302 dicit
1444 2262 1756 2313 Lyncolniensis,

446 2326 754 2364 monstruositas
770 2327 914 2362 horum
931 2325 1112 2371 fratrum,
1138 2337 1184 2361 eo
1210 2325 1318 2373 quod
1342 2331 1594 2360 cruentatum
1612 2322 1759 2359 habent

445 2386 588 2434 pedem
634 2384 831 2433 superbie,
885 2396 975 2420 cum
1020 2383 1159 2420 volunt
1203 2394 1293 2419 suas
1339 2381 1505 2418 ficticias
1549 2389 1592 2416 ut
1638 2379 1756 2416 fidem

446 2442 611 2480 ecclesie
644 2441 826 2479 stabiliri.
868 2441 992 2478 Labia
1030 2442 1178 2478 habent
1216 2452 1261 2477 ex
1300 2438 1520 2476 infeccione
1559 2436 1757 2474 mendacii

446 2509 654 2538 cruentata
699 2508 736 2536 et
780 2512 922 2536 manus
965 2499 1104 2547 plenas
1142 2497 1335 2546 sanguine
1380 2497 1576 2542 humano;
1622 2503 1659 2532 et
1702 2494 1758 2531 sic

517 2631 536 2650 1.
558 2621 627 2650 DE:
648 2621 769 2650 Fideles
789 2630 879 2657 ergo;
909 2621 950 2649 ib.
971 2621 995 2648 E
1016 2621 1045 2649 in
1067 2628 1181 2656 marg.:
1211 2619 1304 2648 Fides
1325 2618 1362 2646 de
1382 2622 1585 2646 sacramento.
1667 2616 1693 2646 3.
1714 2618 1758 2646 A:

447 2658 492 2686 vel
513 2657 618 2689 deest;
639 2657 679 2685 E:
702 2656 831 2684 rectius:
853 2656 916 2684 sed.
997 2655 1022 2684 5.
1044 2655 1086 2683 D:
1108 2662 1308 2694 expressum;
1329 2653 1369 2681 E:
1390 2660 1580 2689 expressam.
1663 2651 1691 2680 6.
1713 2653 1757 2680 A:

447 2693 551 2726 debet,
573 2692 641 2719 DE:
663 2695 794 2727 oportet.
862 2691 899 2726 15,
922 2690 963 2718 16.
985 2691 1030 2718 A:
1052 2694 1150 2718 vocati
1171 2693 1378 2724 contemptus.
1437 2687 1478 2715 16.
1500 2688 1543 2715 A:
1566 2691 1594 2714 et
1614 2687 1757 2715 aliorum.

449 2736 487 2763 ¹7·
508 2728 552 2755 A:
575 2727 700 2754 maiore.
763 2726 803 2754 18.
824 2727 868 2754 A:
892 2725 948 2753 viri
969 2724 1179 2753 ecclesiastici.
1245 2731 1292 2751 20.
1314 2722 1383 2750 DE:
1405 2722 1587 2758 ponderant.
1612 2755 1618 2761 ἢ
1649 2729 1692 2750 22.
1713 2723 1758 2750 A:

447 2762 484 2790 ad
506 2761 732 2789 instruendum.
830 2760 872 2788 23.
894 2761 938 2788 A:
961 2760 1045 2787 modi
1069 2759 1164 2787 deest.
1264 2758 1308 2786 25.
1329 2758 1374 2785 A:
1395 2765 1517 2784 summe
1538 2765 1575 2784 ne
1595 2761 1655 2783 smt
1676 2757 1758 2790 ficte3

448 2796 577 2825 rectius:
599 2795 828 2834 fundacionem.
851 2830 856 2834 ¹
910 2794 956 2822 28.
976 2794 1032 2822 ΑΕ
1052 2794 1219 2833 ἰι]4η]ιιι·ὶ;.;
1241 2791 1267 2821 3.
1339 2790 1383 2820 33.
1404 2791 1433 2818 A
1453 2791 1482 2819 in
1506 2799 1620 2827 marg.:
1643 2791 1759 2830 Contra

448 2832 574 2866 fratres3
605 2831 644 2858 ib.
666 2829 706 2858 E:
728 2829 955 2858 Lincomcnsis.
1058 2827 1105 2857 30.
1126 2828 1151 2856 E
1171 2837 1200 2855 m
1223 2835 1336 2863 marg.:
1356 2825 1448 2854 Nota.
1557 2825 1601 2861 37.
1622 2826 1667 2853 A:
1688 2833 1759 2862 quta

449 2874 569 2894 manus.

521 2927 549 2959 3.
577 2926 629 2959 Cf.
647 2926 870 2967 Trialogum,
895 2935 972 2968 pag.
1003 2924 1080 2965 263,
1108 2923 1173 2966 264
1199 2930 1232 2957 et
1258 2933 1359 2966 seqq.

1777 945 1813 966 10

1777 1224 1811 1256 15

1771 1527 1814 1548 20

1775 1805 1814 1838 25

1775 2096 1817 2128 30

1775 2385 1814 2419 35
