1986 3380
168 305 184 329 Ιυ

225 305 242 329 [ζα

749 304 974 336 JOHANNIS
996 303 1176 336 WYCLIF
1196 303 1450 335 SERMONUM
1495 288 1645 348 [SERMO
1661 300 1768 329 XXIX-

453 420 585 447 autem
621 412 684 460 qui
721 411 829 459 prius
864 421 974 448 erant
1000 411 1150 448 inimici
1186 420 1221 448 et
1255 411 1293 447 in
1328 411 1404 448 fine
1437 411 1555 448 amici
1591 411 1765 448 animam

453 482 564 505 suam
600 469 745 517 posuit.
781 479 821 505 ut
855 470 1068 513 salventur,
1104 478 1140 506 et
1174 474 1228 514 (ut
1253 469 1491 518 quibusdam
1518 471 1662 518 placet>
1696 482 1767 518 pro

452 527 639 564 omnibus
691 527 919 576 dampnatis
972 527 1148 564 animam
1202 540 1313 564 suam
1361 527 1494 576 posuit
1539 537 1580 564 ut
1628 527 1767 564 micius

455 587 815 634 condempnentur.

233 650 366 688 liumus.—
512 644 587 680 Sed
642 644 679 679 in
730 652 936 691 assumpto
982 642 1057 679 isto
1102 652 1192 680 sunt
1238 644 1363 680 multa
1412 644 1545 682 dubia.
1592 644 1800 692 primum&

199 685 397 746 iiulzilii'lhllss
454 703 660 750 quomodo
693 701 824 737 omnis
858 703 979 737 humo
1013 703 1129 738 debet
1165 704 1290 738 Deum
1326 702 1413 750 plus
1447 702 1612 749 diligere
1646 715 1765 751 quam

165 754 430 816 (⁷²¹'ffuzllssff'fcfffffl'
453 772 492 795 se
538 759 687 808 ipsum2
734 769 770 795 ct
809 759 964 796 videtur
1003 762 1111 809 quod
1149 773 1243 806 non,
1284 760 1377 809 quia
1423 760 1553 796 omnis
1593 762 1768 796 humana

454 817 621 854 dileccio
661 826 847 854 causatur
885 819 933 854 ab
973 817 1059 866 ipso
1099 818 1273 864 homine,
1314 831 1407 866 crgo
1447 820 1563 855 debet
1602 819 1690 866 plus
1729 817 1767 854 in

453 875 582 924 ipsum
640 877 803 912 tendere
849 889 968 924 quam
1016 876 1054 912 in
1100 878 1240 913 Deum.
1287 877 1561 913 Confirmatur
1606 889 1649 913 ex
1693 877 1768 913 hoc

453 935 559 981 quod
612 946 730 970 nemo
777 936 903 970 Deum
958 934 1099 982 diligit,
1145 934 1219 971 nisi
1267 934 1360 983 quia
1405 943 1462 970 est
1507 935 1579 971 sibi
1626 936 1764 978 bonus,
1790 950 1826 970 ιο

453 992 491 1027 in
530 1001 685 1028 tantum
733 993 840 1040 quod
881 992 913 1028 si
954 994 1059 1028 Deus
1104 1005 1185 1029 non
1234 993 1334 1029 foret
1379 992 1452 1029 sibi
1498 994 1638 1038 bonus,
1686 1006 1765 1029 non

452 1059 654 1086 teneretur
683 1049 813 1098 ipsum
845 1050 1019 1097 diligere.
1056 1051 1187 1087 Causa
1217 1063 1311 1098 ergo
1341 1063 1464 1099 quare
1495 1053 1618 1087 homo
1641 1050 1767 1098 diligit

452 1110 579 1144 Deum
609 1117 666 1145 est
696 1108 789 1157 quia
820 1110 924 1145 Deus
955 1118 1011 1145 est
1042 1108 1114 1145 sibi
1148 1111 1288 1155 bonus,
1315 1118 1351 1145 et
1382 1122 1470 1145 cum
1497 1122 1615 1146 causa
1641 1109 1766 1145 eciam

453 1166 581 1202 finalis
615 1166 721 1203 illius
754 1165 804 1202 sit
838 1179 921 1203 esse
955 1167 1141 1212 hominis,
1166 1167 1324 1204 videtur
1352 1168 1458 1216 quod
1494 1180 1612 1204 causa
1646 1179 1768 1216 quare

452 1226 573 1260 homo
606 1224 734 1273 diligit
768 1226 895 1261 Deum
936 1234 992 1262 est
1026 1225 1110 1274 ipse
1143 1225 1310 1273 diligens
1349 1234 1385 1261 et
1419 1238 1508 1262 cum
1549 1227 1767 1262 secundum
1790 1230 1824 1261 15

451 1282 786 1331 philosophorum
838 1282 1036 1332 principia
1086 1292 1252 1332 propter
1297 1285 1404 1333 quod
1453 1285 1770 1332 unumquodque

451 1349 507 1376 est
530 1340 661 1389 ipsum
693 1340 831 1389 magis,
864 1341 1022 1378 videtur
1044 1343 1152 1390 quod
1186 1343 1308 1379 homo
1341 1341 1474 1390 gracia
1509 1342 1620 1378 cuius
1653 1343 1769 1378 bene-

451 1398 630 1435 ficiencie
673 1401 802 1436 Deum
853 1399 981 1447 diligit
1028 1401 1144 1436 debet
1194 1400 1318 1448 magis
1363 1399 1472 1447 diligi
1519 1413 1541 1437 a
1584 1412 1623 1436 se
1668 1399 1768 1448 ipso.

452 1458 624 1502 Quando
654 1457 759 1494 enirn
792 1457 926 1494 nutrix
949 1457 1127 1506 diligitur
1156 1471 1177 1494 a
1200 1467 1366 1507 parente
1395 1467 1561 1506 propter
1583 1470 1767 1507 puerum,

451 1514 535 1563 ipse
568 1528 667 1564 puer
701 1516 827 1564 magis
862 1515 1053 1563 diligitur.
1784 1531 1826 1553 20

242 1580 363 1643 Regin:-
509 1573 584 1610 Hic
613 1573 758 1610 dicitur
788 1575 896 1623 quod
920 1575 1025 1610 Deus
1056 1575 1171 1611 debet
1201 1587 1356 1611 summe
1386 1574 1496 1623 diligi
1527 1576 1575 1611 ab
1606 1573 1768 1610 homine

162 1616 254 1679 05:¹25
272 1618 577 1678 ssss⁹111¹1¹ffi11eciam
603 1632 691 1680 plus
719 1645 759 1669 se
788 1632 889 1681 ipso.
923 1633 970 1668 Et
1000 1641 1193 1681 quantum
1224 1634 1272 1669 ad
1297 1642 1577 1681 argumentum
1602 1641 1769 1680 negatur

261 1688 335 1713 love.
453 1690 759 1739 consequencia‚
794 1690 888 1740 quia
928 1691 1105 1727 humana
1139 1691 1307 1727 dileccio
1346 1691 1438 1728 licet
1477 1699 1662 1727 causetur
1700 1703 1768 1726 na-

452 1747 647 1794 turaliter,
673 1748 892 1785 efficienter
925 1757 963 1784 et
996 1750 1301 1797 quodammodo
1335 1749 1507 1786 finaliter
1540 1762 1561 1786 a
1594 1761 1634 1785 se
1667 1748 1767 1797 ipso,

450 1815 585 1843 tamen
618 1806 728 1855 prius
762 1815 799 1843 et
831 1807 1092 1856 principalius
1132 1816 1318 1844 causatur
1358 1807 1575 1844 efficienter
1614 1820 1636 1844 a
1670 1808 1824 1846 De0.25

451 1864 640 1912 cumipse
656 1865 704 1900 sit
729 1864 816 1901 finis
839 1865 1003 1901 ultimus
1027 1865 1237 1902 cuiuslibet
1253 1874 1454 1910 creature3
1480 1865 1569 1902 ideo
1593 1866 1767 1901 humana

451 1922 618 1958 dileccio
652 1924 768 1959 debet
801 1923 1077 1971 principaliter
1111 1923 1149 1959 in
1182 1926 1308 1960 Deum
1343 1925 1519 1969 tendere,
1554 1936 1642 1960 cum
1684 1922 1768 1971 ipse

450 1993 531 2017 non
563 1980 612 2016 sit
645 1980 718 2017 nisi
745 1981 919 2017 efficiens
953 1981 1256 2018 instrumentale
1290 1991 1326 2018 ct
1357 1981 1444 2018 finis
1478 1981 1665 2030 parcialis
1698 1994 1767 2017 cur

452 2040 577 2074 Deum
609 2038 750 2086 diligit.
784 2039 831 2075 Et
855 2041 903 2076 ad
935 2040 1291 2076 confirmacionem
1322 2040 1468 2076 dicitur
1492 2041 1598 2088 quod
1623 2040 1764 2075 falsum

451 2096 679 2142 assumitur,
732 2110 821 2134 cum
875 2098 977 2134 sicut
1022 2099 1144 2135 homo
1190 2099 1306 2134 debet
1352 2097 1533 2135 confiteri
1581 2097 1765 2143 Domino,
1784 2102 1825 2134 30

451 2155 643 2203 quoniam
668 2156 809 2202 bonus,
839 2156 894 2192 sic
919 2157 1034 2193 debet
1064 2156 1194 2205 ipsum
1226 2156 1390 2204 diligere
1416 2156 1606 2204 quoniam
1638 2157 1766 2191 bonus

451 2222 487 2249 et
511 2225 581 2260 per
609 2226 856 2263 consequens
885 2214 994 2262 prius
1025 2216 1141 2251 debet
1170 2214 1299 2263 ipsum
1325 2214 1502 2263 diligere,
1527 2227 1607 2250 non
1634 2214 1764 2250 solum

452 2270 545 2319 quia
574 2280 630 2308 est
662 2273 789 2308 bonus
818 2271 904 2319 sibi,
936 2285 1024 2309 cum
1057 2281 1197 2309 notum
1221 2273 1270 2309 sit
1293 2274 1399 2321 quod
1425 2272 1535 2321 prius
1558 2281 1615 2308 est
1638 2273 1765 2308 bonus

452 2342 571 2378 quarn
607 2338 664 2366 est
696 2331 824 2366 bonus
848 2330 936 2376 sibi,
971 2331 1061 2367 ideo
1085 2340 1237 2367 certum
1264 2339 1321 2367 est
1345 2332 1452 2379 quod
1476 2343 1556 2367 non
1581 2342 1765 2367 consum-

453 2386 628 2423 mabitur
652 2388 828 2425 humana
852 2388 924 2425 Dei
958 2388 1139 2435 dileccio‚
1174 2397 1389 2437 antequam
1424 2390 1615 2436 absorpta
1648 2387 1765 2424 fuerit
1783 2392 1823 2426 35

452 2445 627 2494 quelibet
665 2446 830 2495 propria
871 2446 1038 2483 dileccio
1080 2455 1275 2493 creature,
1322 2455 1364 2483 ut
1408 2446 1512 2483 beati
1552 2448 1679 2483 Deum
1725 2445 1765 2482 in

521 2625 547 2661 3,
567 2634 597 2660 4.
619 2625 659 2654 E:
680 2626 791 2655 micius
812 2628 977 2655 salventur.
1079 2627 1102 2656 5.
1125 2627 1194 2656 DE:
1216 2631 1285 2655 sunt
1306 2627 1458 2662 notanda;
1488 2627 1528 2655 ib.
1548 2628 1577 2655 A
1597 2627 1627 2655 in
1649 2635 1762 2663 marg.t

453 2661 591 2689 Primum
612 2660 758 2697 dubium3
788 2662 812 2689 D
834 2662 864 2689 in
887 2670 1001 2697 marg:
1028 2662 1191 2697 Notanda;
1220 2663 1245 2690 E
1266 2662 1295 2690 in
1318 2671 1432 2697 marga
1462 2661 1579 2697 Dubia3
1610 2662 1763 2698 primum3

452 2696 492 2723 ib.
516 2696 584 2724 DE:
606 2696 719 2732 primo.
794 2696 822 2724 6.
844 2697 868 2724 D
891 2697 920 2724 in
943 2705 1058 2733 marg:
1080 2697 1214 2733 Diligerc
1234 2697 1324 2725 debet
1344 2697 1439 2725 homo
1461 2697 1530 2732 plus
1550 2697 1647 2724 Deum
1669 2706 1762 2733 quam

453 2740 483 2758 se
503 2731 509 2758 i
538 2739 616 2759 sum.
673 2740 699 2772 7.
722 2731 745 2758 1)
767 2732 796 2759 in
819 2740 934 2767 marg:
954 2733 1195 2767 Argumentum.
1252 2741 1281 2768 9.
1303 2732 1328 2759 D
1350 2732 1378 2759 in
1401 2740 1515 2767 marg:
1537 2732 1762 2765 Consti-macim

453 2767 492 2793 ib.
527 2766 582 2793 313:
605 2768 805 2794 confirmatur
826 2767 883 2794 hoc
904 2767 1008 2794 modo.
1100 2776 1134 2795 11.
1155 2769 1199 2795 A:
1223 2767 1304 2794 Deus
1326 2767 1419 2794 deest.
1511 2775 1548 2795 12.
1571 2766 1611 2794 E:
1633 2771 1761 2795 tenetur.

453 2800 556 2829 13—15.
578 2802 622 2829 A:
643 2801 714 2837 quia
736 2801 817 2828 Deus
837 2817 868 2822 —
889 2802 987 2829 Deum
1009 2806 1054 2829 cst
1074 2802 1167 2830 deest.
1283 2810 1322 2837 ¹7-
1345 2802 1383 2829 18.
1406 2803 1450 2829 A:
1472 2802 1593 2830 videtur
1614 2817 1642 2821 —
1665 2802 1763 2835 magis

453 2836 546 2864 deest.
608 2843 647 2863 21.
663 2837 691 2863 A
711 2836 740 2864 in
763 2844 876 2871 mar-u:
898 2836 954 2864 Res
966 2837 1070 2864 musio
1092 2845 1118 2871 1;
1140 2837 1164 2864 E
1184 2837 1212 2864 in
1235 2844 1349 2871 marg:
1371 2837 1506 2865 solucio.
1568 2836 1612 2869 23,
1629 2837 1761 2872 24.1)13:

452 2871 658 2898 materialiter.
772 2878 819 2911 24.
852 2872 879 2899 ἐς
901 2872 938 2899 ab
968 2871 1084 2899 tomine
1104 2876 1204 2899 tamen
1226 2871 1399 2898 efficienter.
1512 2879 1559 2906 24.
1580 2872 1623 2900 25.
1645 2871 1714 2900 DE:
1735 2876 1763 2899 ct

476 2906 685 2933 uodammodo
705 2921 738 2925 —
757 2906 922 2933 efficienter
941 2906 1035 2933 deest.
1178 2906 1216 2933 31.
1239 2906 1280 2933 D:
1312 2906 1354 2933 sic
1382 2906 1469 2933 debet
1492 2922 1518 2926 —
1543 2907 1641 2934 bonus
1668 2907 1760 2934 deest.

452 2941 495 2976 ¹2,
517 2939 558 2968 33.
579 2942 623 2968 A:
645 2949 704 2968 non
727 2941 825 2968 solum
847 2941 918 2977 quia
940 2941 1063 2968 bonum.
