1986 3380
205 289 339 318 SERMO
361 277 456 335 LVI]
679 288 891 321 SECUNDA
919 287 1045 318 PARS.

205 412 288 436 esse
339 400 389 435 ad
443 397 733 446 expectandum
788 394 991 431 humiliter
1036 402 1072 429 et
1117 402 1256 441 parate
1308 392 1521 429 adventum

205 456 364 502 Christi,
406 469 485 504 quo
524 454 647 491 trahit
685 467 758 490 nos
798 453 837 489 in
877 452 1047 489 articulo
1088 451 1228 487 mortis
1267 452 1317 487 ad
1350 448 1522 496 patriam

206 525 242 552 et
283 514 494 552 revertitur
528 526 549 549 a
590 512 744 561 nupciis
785 511 1009 556 celestibus,
1049 509 1151 546 sicut
1189 517 1354 557 perante
1393 506 1524 555 sepius

205 572 428 610 alternavit.
453 574 500 608 Et
522 572 742 607 secundum
766 570 888 606 talem
911 568 1147 606 varietatem
1171 566 1344 603 racionis
1367 564 1525 601 videtur

172 635 185 664 5
205 631 355 668 dictum
382 628 581 678 Sapientis
604 627 771 676 intelligi
797 629 903 676 quod
928 627 1101 663 omnibns
1123 625 1325 662 mobilibus
1347 624 1525 660 mobilior

204 697 258 726 est
296 688 500 738 sapiencia.
548 686 587 723 Si
629 686 734 723 enim
774 698 954 722 summus
995 683 1194 721 Dominus
1234 683 1446 731 copulatus
1486 681 1522 717 in

203 746 361 795 nupciis
384 745 599 793 gaudiosus
624 744 855 792 dignaretur
878 742 1099 780 successive
1123 741 1253 779 redire
1277 742 1327 778 ad
1350 739 1524 777 stadium

204 814 241 841 et
274 816 477 841 assumere
510 802 583 839 sibi
617 804 668 839 ad
696 803 795 838 tales
828 801 1041 849 gaudiosas
1073 800 1240 849 nupcias
1265 811 1524 848 quoscunque

203 872 366 912 paratos
411 860 620 906 invenerit,
668 860 755 909 quis
801 869 909 896 stans
956 860 995 896 in
1041 859 1172 896 stadio
1211 871 1292 895 non
1330 857 1525 894 instanter

149 933 187 955 ιο
205 921 435 969 disponeret
468 932 508 955 se
542 920 591 955 ad
624 918 907 966 accepcionem
942 917 1057 954 huius
1092 926 1129 954 et
1162 924 1388 965 expectaret
1411 915 1521 951 illum

204 992 407 1016 summum
445 977 661 1013 Dominum
695 976 910 1024 gaudiose?

261 1037 378 1074 Venit
425 1044 559 1072 autem
605 1034 786 1072 Christus
832 1043 868 1070 et
907 1034 1039 1082 pulsat
1078 1035 1127 1070 ad
1167 1032 1268 1070 ostia
1307 1032 1522 1076 viatorum,

206 1096 530 1144 quandocunque
563 1095 655 1130 data
686 1092 763 1129 illis
793 1092 927 1140 gracia
957 1090 1318 1141 predestinacionis
1349 1091 1416 1126 dat
1446 1089 1523 1125 illis

204 1153 315 1202 signa
344 1152 573 1202 prenostica
605 1151 745 1187 mortis
776 1163 857 1197 sue,
889 1150 943 1187 ita
967 1152 1073 1199 quod
1104 1150 1264 1198 pulsare
1288 1150 1337 1185 ad
1361 1148 1522 1185 ianuam

151 1213 186 1245 15
204 1212 253 1248 sit
286 1223 463 1248 reserare
504 1209 645 1247 mortis
685 1209 899 1246 articulum
934 1221 1060 1257 prope
1094 1220 1190 1254 esse,
1225 1206 1339 1256 quasi
1374 1206 1524 1242 diceret

205 1283 302 1319 para
342 1278 393 1315 te,
435 1268 528 1317 quia
567 1280 694 1317 prope
735 1276 792 1304 est
831 1268 931 1303 hora
971 1267 1011 1303 in
1049 1279 1127 1315 qua
1165 1275 1202 1302 te
1242 1264 1440 1313 accipiam
1474 1265 1521 1300 ad

206 1328 369 1365 celestes
415 1326 595 1375 nupcias.
649 1327 716 1362 Ille
760 1334 894 1362 autem
943 1324 1152 1362 confestim
1193 1323 1322 1372 aperit
1361 1322 1523 1359 Christo

206 1386 353 1423 ostium
388 1385 454 1434 qui
488 1393 627 1434 parate
661 1385 728 1421 dat
761 1383 834 1420 sibi
858 1392 988 1420 totum
1024 1396 1091 1420 cor
1115 1381 1317 1419 interioris
1349 1380 1524 1417 hominis

207 1444 408 1493 diligendo
456 1452 492 1480 et
537 1451 720 1491 acceptat
760 1441 934 1478 divinam
981 1440 1227 1478 sentenciam
1269 1439 1523 1488 gratulando.

148 1513 190 1535 20
207 1502 271 1540 Sic
304 1502 408 1540 enirn
433 1501 524 1538 fecit
549 1502 694 1538 Paulus
724 1501 877 1550 cupiens
901 1500 1061 1536 dissolvi
1081 1507 1116 1536 et
1138 1511 1219 1536 esse
1241 1511 1325 1534 cnnz
1355 1497 1523 1533 Christo.

126 1598 139 1604 q
206 1564 287 1598 Nec
326 1573 369 1597 cx
403 1561 478 1596 hoc
517 1559 698 1608 sequitur
731 1560 839 1607 quod
873 1558 1040 1607 quilibet
1073 1558 1104 1594 si
1142 1557 1325 1606 pulsatur
1358 1557 1408 1592 ad
1442 1555 1525 1592 eius

110 1597 190 1687 §2⁶31ss
206 1618 353 1655 ostium
394 1619 514 1655 habet
542 1613 547 1672 Ι
576 1617 870 1654 revelacionem
905 1618 951 1653 de
992 1616 1074 1653 eius
1108 1614 1355 1652 beatitudine
1387 1626 1524 1651 conse-

206 1678 377 1726 quenda,
425 1677 518 1725 quia
562 1675 652 1713 talis
697 1675 878 1724 pulsacio
925 1683 982 1712 est
1020 1674 1177 1711 locucio
1223 1673 1400 1710 confusa.
1447 1674 1524 1709 Sed

206 1736 282 1772 hoc
328 1744 386 1772 est
426 1734 532 1771 fideli
579 1733 769 1771 credibile
809 1734 917 1782 quod
957 1733 1118 1769 clariori
1164 1744 1262 1768 sono
1301 1731 1437 1780 pulsat
1475 1732 1525 1768 ad

150 1793 353 1831 25ostium
393 1792 655 1841 predestinati
702 1800 738 1829 et
776 1791 942 1828 omnino
982 1791 1154 1828 finaliter
1194 1791 1261 1827 sed
1302 1789 1525 1827 obscuriori

206 1865 304 1889 sono
334 1853 384 1889 ad
409 1851 556 1888 ostium
580 1850 755 1900 presciti.
781 1849 955 1897 Quidam
980 1858 1113 1886 autem
1137 1848 1177 1885 in
1199 1848 1269 1885 tali
1293 1848 1527 1897 pulsacione

207 1910 412 1947 dormiunt
450 1910 490 1946 in
527 1918 708 1958 peccato,
743 1910 811 1946 sed
844 1908 946 1945 beati
974 1915 1061 1944 sunt
1092 1907 1198 1944 servi
1227 1907 1286 1943 illi
1316 1919 1410 1956 qnos
1441 1919 1524 1943 cum

208 1969 353 2005 venerit
384 1968 576 2004 Dominus
608 1967 795 2004 invenerit
826 1966 1040 2004 virtutibus
1074 1966 1292 2017 vigilantes.
1328 1965 1386 2002 Illi
1421 1964 1523 2002 enim

206 2026 370 2063 indubie
410 2039 483 2063 suo
516 2034 699 2074 tempore
739 2034 830 2062 sunt
869 2024 988 2071 beati,
1024 2033 1060 2061 et
1102 2025 1150 2061 de
1188 2023 1259 2060 tali
1292 2023 1526 2072 pulsacione

147 2087 188 2119 30
206 2084 369 2122 amabili
415 2093 547 2133 potest
587 2083 784 2121 verificari
829 2083 926 2119 illud
973 2082 1125 2119 dictum
1179 2081 1344 2118 ecclesie
1391 2081 1525 2118 Canti-

205 2156 345 2180 corum
367 2145 435 2189 VO,
463 2153 504 2179 2:
538 2142 624 2179 Vox·
651 2142 781 2178 dilecti
808 2141 883 2178 mei
909 2141 1116 2191 pulsantis,
1144 2141 1257 2190 aperi
1282 2140 1377 2176 mihi
1411 2152 1527 2176 soror

205 2214 302 2248 mea,
341 2201 464 2237 amica
509 2213 606 2247 mea,
650 2200 825 2237 columba
870 2212 967 2246 mea,
1012 2198 1259 2235 immaculata
1304 2211 1400 2235 mea.
1448 2198 1525 2234 Sed

204 2259 400 2309 prescitus
432 2272 514 2296 non
547 2267 643 2295 tunc
674 2257 811 2306 vigilat
844 2266 880 2294 et
910 2269 980 2306 per
1003 2269 1252 2305 consequens
1285 2256 1326 2292 in
1357 2264 1525 2305 peccato

205 2317 409 2355 dormiens
442 2330 524 2354 non
556 2325 651 2353 tunc
685 2316 810 2353 audit.

1727 285 1802 318 411

1558 1029 1662 1057 Christ
1684 1031 1799 1057 knocks

1545 1065 1633 1092 when
1656 1065 1690 1091 hc
1712 1074 1813 1091 warns

1574 1108 1610 1126 ns
1631 1100 1665 1126 ot'
1682 1100 1781 1126 death.

148 2377 189 2412 35
268 2376 403 2423 Amen,
436 2375 578 2424 inquit,
614 2375 697 2411 dico
738 2374 844 2410 vobis
882 2373 983 2423 quod
1015 2373 1221 2423 precinget
1258 2385 1298 2409 se
1335 2380 1371 2409 et
1398 2371 1526 2421 faciet
1564 2378 1671 2406 Christ
1692 2379 1797 2406 makes

1539 2413 1596 2440 His
1617 2418 1756 2441 servants
1778 2413 1816 2440 sit

206 2435 294 2471 illos
339 2435 578 2470 discumbere
622 2441 657 2469 et
695 2432 887 2469 transiens
926 2431 1158 2467 ministrabit
1197 2430 1286 2468 illis.
1341 2430 1524 2467 Christus
1557 2448 1649 2476 down
1671 2453 1701 2475 to
1723 2453 1803 2475 meat

208 2505 302 2530 vero
336 2491 541 2540 precinget
575 2504 614 2528 se
648 2491 780 2539 ipsum
814 2490 854 2526 in
886 2489 1031 2538 patria,
1071 2490 1232 2538 quando
1267 2490 1452 2526 ostendet
1484 2501 1524 2525 se

206 2550 507 2599 paratissimum
542 2551 593 2586 ad
625 2548 794 2598 gloriam
829 2548 1130 2594 conferendam,
1165 2556 1202 2584 et
1233 2547 1353 2585 faciet
1377 2547 1524 2584 electos

274 2680 305 2706 4.
325 2673 370 2700 A:
391 2671 471 2699 Nam
493 2671 675 2700 secundum.
772 2671 799 2699 8.
820 2672 864 2699 A:
885 2676 914 2699 et
933 2671 1066 2699 assidue.
1165 2679 1193 2706 9.
1215 2671 1257 2699 D:
1279 2670 1425 2698 imbuerit
1444 2670 1522 2705 quis.

207 2716 249 2735 10.
270 2707 313 2735 D:
335 2707 525 2735 huiusmodi.
587 2705 626 2743 13,
648 2715 690 2740 14.
712 2707 756 2734 A:
780 2706 1058 2742 predestinacionis
1076 2722 1111 2726 —
1131 2706 1218 2741 signa
1239 2707 1333 2733 deest.
1397 2714 1438 2740 14.
1454 2705 1478 2733 E
1494 2705 1524 2732 in

207 2750 322 2776 marg:
345 2741 488 2769 Christus
503 2742 605 2778 pulsat
619 2741 656 2769 ad
673 2741 821 2770 hostium.
878 2741 920 2769 16.
936 2741 1005 2769 DE:
1028 2745 1143 2777 parate
1159 2746 1196 2768 et.
1252 2740 1296 2777 37.
1311 2741 1357 2768 A:
1380 2740 1522 2768 ostendit.

281 2825 310 2865 Ξ,
336 2824 368 2857 6.
395 2827 473 2868 Sap.
497 2826 568 2866 VII,
597 2835 649 2866 24.
780 2835 832 2857 πο.
860 2823 948 2856 Phil.
976 2825 999 2863 Ι,
1029 2824 1081 2856 23.
1113 2824 1279 2865 Vulgate:
1305 2823 1521 2857 desiderium

207 2872 340 2950 gabeigs
371 2872 516 2904 dissolvi
551 2877 585 2904 et
616 2881 689 2904 esse
721 2882 798 2904 cum
830 2871 982 2904 Christo.
1128 2881 1179 2914 27.
1217 2872 1328 2902 Lucae
1363 2871 1435 2909 XII,
1468 2869 1521 2912 37.

233 2924 262 2950 ἑ).
293 2929 300 2949 1
330 2942 338 2949 .

1600 2484 1690 2511 when
1711 2484 1764 2511 He·
1780 2499 1781 2502 =

1558 2519 1693 2546 receives
1714 2519 1797 2545 them

1586 2554 1651 2581 into
1672 2554 1769 2590 glory.
