1986 3380
220 304 297 339 442

289 937 419 972 Anyone

228 971 422 1005 per-sexering
446 971 472 998 in

215 1006 394 1040 opposition
418 1011 447 1032 to
470 1007 488 1033 it

283 1046 361 1067 must
386 1041 419 1068 be

278 1075 421 1103 danim-d.

226 1631 420 1659 Foundatinu
442 1633 476 1659 of

214 1667 321 1694 orders
342 1672 396 1694 etc.
421 1668 479 1694 will

244 1706 295 1728 not
318 1703 406 1736 profit
428 1703 457 1729 in

220 1736 268 1763 tlte
287 1736 480 1771 Jtidgeiiieiit.

796 304 1022 335 JOHANNts
1043 303 1225 335 WYcrtr
1246 303 1500 335 SERMONUM
1566 290 1718 346 [sumto
1743 301 1818 330 mx.

510 411 684 457 repletus
716 411 805 446 oleo
845 410 940 457 legis
975 409 1121 445 Christi
1156 409 1387 445 salvabitur.
1443 412 1489 445 Et
1522 410 1679 446 videtur
1712 413 1818 459 quod

508 480 606 507 non:
647 467 739 516 quia
780 478 874 504 tunc
914 481 1053 504 omnes
1093 467 1235 515 privati
1276 467 1436 503 ordines
1482 477 1517 504 et
1563 469 1820 505 adversantes

507 525 654 562 Christi
688 526 940 563 ordinacioni
974 525 1013 561 in
1041 538 1111 561 sua
1145 525 1312 561 ecclesia
1337 526 1666 573 dampnarentur.
1704 528 1819 572 Quod

505 583 660 620 videtur
693 584 812 620 nimis
845 583 1019 627 difficile,
1060 596 1148 619 cum
1184 582 1297 619 multi
1328 584 1526 619 seculares
1557 584 1817 621 devocionem

506 642 678 678 habeant
711 644 760 678 ad
794 642 1020 678 faciendum
1053 640 1292 677 elemosinas
1317 642 1414 677 tales
1438 651 1672 689 perpetuas;
1708 643 1854 678 multi5

505 699 630 736 eciam
666 709 702 736 et
737 700 870 748 magni
905 701 952 735 de
986 699 1245 747 religionibus
1269 698 1353 735 istis
1386 699 1551 747 privatis
1576 701 1722 736 habent
1756 702 1821 737 dc-

504 757 712 794 vocionem
748 757 1013 794 rectissimam
1049 757 1086 793 in
1119 756 1202 793 istis
1225 757 1433 793 ordinibus
1458 757 1675 794 militandi:
1710 759 1821 795 here-

504 815 626 851 ticum
663 828 756 863 ergo
790 816 889 852 foret
922 816 982 851 vel
1016 816 1208 851 donatum
1243 816 1291 851 ab
1317 814 1524 852 ordinibus
1557 815 1642 851 istis
1666 816 1820 853 auferre

504 874 563 910 vel
598 873 705 922 ipsos
739 873 809 909 niti
844 873 1083 921 extinguere.

564 931 637 968 Hic
677 931 834 968 videtur
880 931 976 967 mihi
1018 930 1231 967 dicendum
1273 943 1315 967 ex
1358 931 1434 967 fide
1479 931 1670 978 evangelii
1710 932 1877 968 salvom

506 1002 664 1038 semper
704 989 851 1025 iudicio
893 989 1048 1026 meliori
1090 990 1197 1037 quod
1243 988 1414 1025 finaliter
1458 1001 1742 1026 consummans
1780 989 1818 1025 in

505 1047 580 1083 isto
614 1047 824 1096 proposito
858 1049 905 1084 de
945 1046 1109 1095 privatis
1149 1046 1357 1083 ordinibus
1397 1055 1433 1083 et
1473 1048 1520 1083 de
1560 1047 1818 1084 adversancia

506 1105 579 1153 legi
620 1105 768 1142 Christi
818 1105 979 1141 indubie
1026 1114 1081 1141 est
1128 1106 1424 1153 dampnandus.
1480 1107 1527 1141 Et
1565 1105 1620 1141 sic
1659 1117 1701 1142 ex
1742 1105 1817 1142 fide

505 1163 696 1211 evangelii
731 1172 787 1199 est
821 1163 986 1199 dubium
1013 1164 1337 1208 concedendum3
1372 1171 1408 1199 et
1444 1172 1574 1199 movet
1598 1175 1661 1199 rne
1683 1164 1816 1212 quoad

505 1221 676 1269 primam
712 1230 867 1270 partem
902 1221 999 1257 fides
1038 1220 1222 1269 Apostoli
1255 1223 1283 1266 (I
1318 1222 1410 1257 Cor.
1451 1220 1629 1267 ultimo):
1664 1222 1706 1257 Si
1736 1221 1874 1270 quis-15

504 1293 576 1315 mm
609 1287 714 1315 amat
747 1280 942 1315 dominum
973 1280 1102 1315 Jesum
1132 1279 1345 1324 Christum,
1378 1280 1581 1315 anathema
1614 1279 1674 1315 sit.
1709 1281 1816 1325 Quo-

506 1339 627 1373 modo
672 1350 765 1386 ergo
810 1347 919 1374 amat
965 1336 1173 1374 dominum
1218 1338 1351 1373 Jesum
1399 1337 1465 1385 qui
1511 1337 1814 1374 ordinacionem

503 1408 615 1432 suam
651 1396 858 1444 postponit
897 1404 934 1432 et
973 1395 1148 1443 negligit,
1190 1394 1495 1431 ordinacionem
1534 1404 1668 1432 autem
1701 1394 1816 1432 unius

504 1453 696 1501 prepositi
737 1453 856 1490 nimis
889 1453 1071 1490 errabilis
1104 1453 1222 1499 fovet,
1257 1452 1513 1501 amplectitur
1546 1462 1583 1490 et
1615 1452 1815 1490 defendit?

504 1514 591 1548 Non
626 1511 766 1548 dubito
799 1512 896 1560 quin
929 1511 1070 1548 finiens
1109 1511 1148 1547 in
1186 1511 1262 1547 isto
1295 1511 1504 1559 proposito
1538 1511 1587 1547 sit
1620 1512 1814 1560 reprobus
1832 1523 1873 1545 20

503 1569 775 1606 ascribendus.

559 1628 620 1664 Ad
653 1627 828 1676 primum
862 1636 1143 1675 argumentum
1178 1626 1324 1663 dicitur
1347 1628 1455 1675 quod
1487 1639 1579 1663 vera
1612 1626 1817 1664 conclusio

503 1685 746 1722 subinfertur
786 1685 1017 1722 modificate
1055 1687 1105 1723 ad
1144 1684 1232 1721 illos
1271 1685 1338 1733 qui
1379 1684 1525 1721 Christi
1565 1684 1816 1722 ordinacioni

505 1744 677 1780 finaliter
711 1745 983 1780 adversantur.
1039 1745 1086 1779 Et
1119 1751 1312 1792 quantum
1353 1744 1403 1779 ad
1437 1743 1674 1779 devociones
1706 1755 1816 1779 secu-

504 1801 649 1838 larium
683 1802 722 1838 in
756 1801 998 1838 fundacione
1037 1800 1177 1838 talium
1218 1800 1516 1849 possessionum
1559 1809 1595 1837 et
1628 1800 1814 1837 ordinum
1834 1802 1872 1835 25

505 1868 645 1896 contra
679 1859 895 1906 Christum,
931 1867 1083 1896 certum
1125 1867 1182 1895 est
1219 1860 1325 1908 quod
1365 1871 1437 1895 nec
1478 1871 1615 1895 eorum
1652 1858 1816 1895 devocio

502 1930 574 1954 nec
608 1917 965 1954 elemosinatorum
991 1916 1234 1965 promericio
1257 1916 1403 1953 valebit
1439 1916 1493 1953 eis
1516 1916 1556 1952 in
1579 1916 1642 1953 die
1666 1916 1815 1963 iudicii,

503 1976 595 2024 quia
628 1988 707 2012 non
741 1977 888 2012 habent
911 1976 1047 2012 lucens
1081 1975 1213 2011 oleum
1238 1974 1277 2011 in
1310 1974 1390 2011 suis
1413 1974 1680 2023 lampadibus.
1714 1977 1813 2011 Nam

503 2033 648 2082 pagani
682 2034 769 2082 plus
794 2035 1068 2070 accenduntur
1096 2032 1172 2069 illis
1196 2032 1235 2069 in
1268 2033 1347 2069 suis
1371 2032 1482 2069 tetris
1516 2032 1814 2078 devocionibus‚

503 2091 597 2140 quia
630 2091 756 2128 nostri
789 2091 920 2128 vocati
954 2091 1098 2137 devoti,
1133 2100 1347 2139 postquam
1383 2090 1660 2139 obligaverunt
1692 2102 1732 2127 se
1765 2092 1813 2128 ad
1831 2093 1874 2126 30

504 2149 723 2195 Christum,
749 2150 896 2186 habent
914 2149 1174 2187 devocionem
1191 2149 1230 2186 in
1248 2150 1451 2185 mundana
1473 2148 1614 2197 gloria,
1633 2147 1815 2185 faciendo

503 2207 662 2244 Christo
696 2207 958 2252 contrarium,
993 2207 1136 2256 pagani
1160 2219 1254 2244 vero
1278 2207 1424 2244 habent
1457 2206 1716 2244 devocionem
1752 2219 1814 2243 ac-

503 2265 723 2302 censiorem
760 2267 892 2314 quoad
927 2267 1053 2302 Deum
1095 2274 1132 2302 et
1166 2265 1297 2301 minus
1337 2273 1612 2313 expectantem
1647 2264 1815 2301 retribu-

504 2323 661 2360 cionem
696 2323 799 2360 fame
823 2324 883 2361 vel
907 2323 1050 2372 premii
1074 2324 1206 2372 quoad
1232 2324 1440 2359 mundum.
1475 2324 1567 2359 Ideo
1591 2322 1814 2359 timendum

501 2382 657 2418 videtur
680 2383 788 2430 quod
822 2381 898 2418 illis
932 2381 1086 2418 dicetur
1118 2381 1157 2417 in
1192 2381 1300 2418 finali
1335 2380 1483 2418 iudicio
1518 2382 1872 2417 consummat0235

503 2441 557 2476 Ite
583 2440 719 2489 pocius
740 2441 792 2475 ad
825 2441 1027 2476 vendentes
1051 2447 1085 2476 et
1108 2439 1218 2476 emite
1250 2439 1355 2476 vobis
1383 2439 1519 2475 lucens
1552 2439 1684 2475 oleum
1710 2439 1817 2487 quod

572 2593 592 2612 1.
614 2586 642 2612 A
663 2585 691 2612 iu
714 2592 780 2612 mar
804 2594 828 2612 .:
856 2592 875 2611 1.
1003 2583 1026 2611 3.
1048 2585 1076 2612 A
1097 2584 1126 2611 in
1149 2591 1215 2611 mar
1240 2593 1262 2611 .:
1291 2592 1316 2611 a.
1448 2592 1478 2618 4.
1501 2583 1569 2611 DE:
1601 2583 1816 2611 donacionem.

501 2620 524 2648 5.
547 2620 575 2647 A
595 2619 624 2647 in
647 2627 760 2654 marg.:
806 2640 811 2645 .
869 2619 896 2646 (3.
917 2618 986 2646 DE:
1010 2619 1118 2654 magis.
1174 2626 1200 2654 7.
1259 2618 1288 2646 in
1305 2627 1418 2655 marg.:
1439 2626 1464 2646 c.
1521 2618 1547 2646 8.
1563 2617 1603 2645 E:
1625 2618 1816 2646 damnatum.

504 2663 543 2682 ιο.
564 2654 620 2682 ΑΕ
640 2654 669 2682 in
692 2662 758 2681 mar
782 2663 804 2680 .:
826 2653 883 2681 Res
910 2653 1009 2681 onsio.
1126 2653 1162 2681 13.
1185 2653 1254 2680 DE:
1276 2653 1359 2689 legis.
1470 2660 1508 2715 1L2.
1531 2653 1575 2680 A:
1595 2652 1699 2681 Jesum
1721 2653 1815 2680 deest.

503 2697 549 2716 20.
564 2689 632 2716 DE:
654 2688 734 2721 Nec;
755 2697 763 2716 ι
791 2687 852 2715 ,Εε
898 2688 987 2722 ubi0;
1009 2688 1048 2715 ib.
1071 2688 1115 2715 A:
1138 2687 1305 2723 preposito.
1374 2695 1417 2715 22.
1439 2688 1488 2715 A·
1514 2687 1543 2715 in
1566 2695 1679 2723 marg.:
1701 2687 1750 2716 Ad
1772 2693 1816 2716 1¹¹¹.

503 2723 545 2752 23.
567 2723 606 2751 E:
630 2723 813 2751 modificata.
921 2730 967 2756 24..
989 2722 1014 2750 F,
1034 2722 1063 2750 in
1086 2731 1200 2757 marg.:
1222 2722 1265 2750 De
1286 2722 1470 2750 fundacione
1490 2721 1728 2750 elemosinarum
1751 2730 1818 2758 per-

504 2763 675 2794 petuarum.
737 2765 784 2791 247
800 2757 841 2785 25.
857 2757 901 2784 A:
923 2757 1106 2785 secularium
1129 2757 1158 2784 in
1180 2757 1364 2785 fundacione
1384 2757 1477 2785 deest.
1540 2756 1586 2784 26.
1608 2756 1677 2784 DE:
1701 2764 1816 2784 carum.

503 2801 549 2828 29.
572 2793 613 2820 D:
644 2792 673 2820 in
696 2791 760 2820 suis
781 2793 881 2823 deest;
913 2792 953 2819 ib.
975 2791 998 2819 E
1019 2791 1047 2819 in
1071 2800 1184 2827 marg.:
1205 2791 1296 2819 Nota.
1438 2790 1484 2819 30.
1506 2791 1574 2819 DE:
1603 2791 1815 2826 obligaverint.

503 2827 550 2861 34.
572 2827 640 2855 DE:
663 2827 742 2854 fame
762 2831 799 2854 et.
872 2826 918 2855 36.
934 2828 977 2854 A:
1000 2831 1026 2854 et
1047 2826 1137 2854 emite
1158 2826 1257 2861 deest;
1279 2826 1319 2854 ib.
1340 2825 1380 2853 E:
1402 2825 1485 2861 quid.

579 2921 627 2954 15.
656 2922 678 2954 1.
707 2922 786 2955 Cor.
814 2921 903 2961 XVI,
933 2931 984 2953 22.
