1986 3380
198 553 264 580 Οιιι·
284 558 333 580 tax
354 559 384 581 [υ

233 588 346 615 Christ.

208 2287 320 2327 Errprs
342 2289 376 2316 υ(

227 2331 348 2358 princes

743 325 967 358 JOHANNIS
989 327 1172 358 wvcmr
1191 327 1449 360 SERMONUM
1564 314 1716 371 [SERMO
1738 326 1758 353 1-

447 431 590 479 quibus
631 433 822 468 mundum
865 433 1011 468 creavit
1051 443 1087 469 et
1128 433 1394 470 deformatum
1431 434 1568 470 fraude
1601 434 1759 482 dyaboli

446 489 695 525 recreaverit.

503 549 584 583 llec
618 557 750 583 autem
777 548 999 596 descripcio
1034 548 1137 596 cepit
1172 549 1208 584 in
1245 549 1376 585 medio
1411 550 1562 589 mundi,
1595 550 1688 599 quia
1722 550 1759 586 in

443 605 651 642 creacione
690 605 761 642 celi
796 615 832 642 et
865 615 968 642 terre
1003 616 1038 642 et
1073 606 1110 642 in
1146 607 1331 654 passione
1356 607 1501 643 Christi
1525 609 1758 650 Jerusalem,

443 672 479 699 et
502 672 666 711 propter
690 663 799 700 illam
824 673 983 712 oportet
1007 677 1166 700 omnem
1193 665 1348 701 fidelem
1376 665 1476 701 libro
1492 666 1569 702 vite
1594 666 1759 714 inscrip-
1778 668 1794 699 5

442 730 527 757 tum
559 722 710 758 solvere
735 721 894 758 Christo
923 722 1123 758 numisma
1148 723 1296 759 laboris
1319 723 1515 771 perpetui,
1541 724 1634 771 quia
1669 737 1758 760 cum

443 779 782 816 consummaverit
812 781 934 816 homo
968 779 1054 825 iter,
1090 789 1183 816 tunc
1216 782 1436 817 secundum
1470 781 1757 829 perfecciorem

444 838 608 873 modum
656 837 819 885 incipiet
859 838 1001 874 celeste
1039 839 1252 886 splendens
1295 838 1520 875 servicium.
1562 841 1608 875 Et
1650 849 1758 887 patet

443 896 550 943 quod
596 907 715 932 omne
760 908 882 943 genus
930 897 1150 932 humanum
1191 898 1307 932 debet
1353 898 1467 944 plene
1506 898 1679 944 gaudere
1719 897 1758 933 in

442 952 648 989 nativitate
671 953 783 989 istius
807 953 937 1001 pueri:
966 954 1103 989 mundi
1127 954 1340 1002 principes,
1366 954 1459 1003 quia
1482 968 1580 1003 puer
1603 968 1758 992 summe
1781 968 1817 988 ιο

441 1010 599 1059 sapiens
623 1011 851 1047 eternaliter
872 1011 1071 1048 ordinavit
1095 1012 1203 1048 nasci
1228 1013 1505 1060 temporaliter
1528 1014 1600 1049 sub
1625 1026 1758 1050 cesare

441 1068 586 1104 summi
620 1070 765 1116 gradus
798 1069 944 1105 terreni
979 1069 1159 1113 dominii,
1190 1070 1383 1106 tributum
1420 1070 1544 1107 cesari
1578 1071 1756 1107 debitum

442 1126 645 1162 mandavit
669 1126 742 1162 sibi
765 1126 898 1169 tribui,
925 1136 961 1163 et
985 1140 1082 1175 puer
1105 1140 1260 1164 summe
1283 1128 1534 1164 auctoritatis
1557 1141 1603 1165 ac
1628 1129 1755 1165 domi-

441 1196 514 1220 nus
539 1184 676 1220 mundi
699 1184 908 1231 didragma
929 1198 1003 1232 pro
1026 1197 1065 1221 se
1089 1198 1135 1221 ac
1158 1198 1228 1222 sua
1245 1185 1396 1222 familia
1413 1186 1537 1222 cesari
1554 1187 1756 1234 persolvit.

442 1243 490 1278 Et
525 1254 614 1278 cum
652 1255 732 1278 non
768 1242 967 1278 invenitur
1004 1242 1279 1279 testimonium
1318 1245 1365 1279 de
1402 1256 1507 1291 papa
1543 1257 1632 1280 cum
1670 1247 1814 1281 tot015

442 1300 548 1336 clero
589 1312 750 1336 cesareo
789 1302 836 1336 de
877 1300 1029 1336 cunctis
1070 1300 1235 1348 privatis
1268 1301 1385 1337 sectis
1418 1301 1536 1338 hodie
1569 1302 1756 1338 adinven-

443 1357 506 1403 tis,
541 1357 632 1393 ideo
665 1366 822 1394 tenetur
856 1358 962 1394 dicta
996 1358 1145 1395 milicia
1170 1358 1276 1406 ipsos
1302 1361 1518 1405 destruere,
1543 1359 1573 1396 si
1598 1369 1757 1397 contra-

441 1415 595 1451 riantur
618 1415 657 1451 in
682 1415 818 1464 aliquo
833 1417 954 1452 verbo
977 1416 1229 1453 ordinacioni
1246 1418 1306 1454 vel
1329 1417 1442 1454 factis
1466 1426 1548 1454 tam
1572 1418 1756 1455 amabilis

439 1473 641 1510 Veritatis.

497 1531 690 1579 Vulgares
741 1531 868 1568 eciam
914 1541 1272 1581 quantumcunque
1323 1545 1520 1581 pauperes
1571 1542 1756 1570 tenentur
1774 1547 1815 1568 20

440 1590 613 1636 gaudere
636 1589 676 1625 in
699 1589 906 1625 nativitate
931 1589 1045 1626 huius
1069 1590 1196 1638 pueri,
1231 1603 1322 1626 curn
1352 1591 1453 1627 sicut
1482 1604 1600 1628 nemo
1623 1592 1755 1640 potuit

440 1646 528 1694 ipso
551 1659 634 1683 esse
657 1646 827 1694 dignior,
851 1647 907 1683 sic
930 1660 1001 1684 nec
1025 1660 1067 1684 ex
1093 1647 1235 1684 maiori
1259 1661 1396 1685 amore
1420 1649 1648 1697 pauperior:
1677 1651 1756 1685 Pro

440 1704 560 1750 nobis,
592 1704 721 1753 inquit
744 1705 974 1752 Apostolus,
1010 1718 1153 1755 egenus
1173 1707 1311 1755 factus
1344 1714 1418 1751 est;
1451 1716 1487 1743 et
1518 1708 1589 1744 hec
1620 1708 1755 1755 gracia

440 1762 544 1799 facta
574 1771 630 1798 est
655 1771 1012 1811 quantumcunque
1041 1763 1228 1812 inopibus
1252 1766 1359 1812 quod
1389 1764 1467 1800 sint
1497 1766 1591 1801 bone
1624 1767 1755 1802 volun-

439 1820 541 1866 tatis,
565 1829 601 1856 et
626 1832 706 1856 non
730 1821 876 1856 habent
900 1832 943 1856 ex
967 1821 1204 1869 indignitate
1237 1824 1441 1859 mundana
1475 1823 1753 1860 confusionem
1771 1827 1812 1858 25

439 1879 509 1913 sed
520 1877 831 1926 disposicionem
844 1880 893 1914 ad
905 1879 1194 1915 beatitudinem
1207 1879 1440 1928 prompcius
1451 1880 1752 1929 acquirendam.

495 1935 640 1972 Tercio
692 1938 971 1984 congaudeant
1017 1937 1136 1973 medii
1183 1937 1365 1974 homines
1412 1938 1514 1975 inter
1558 1939 1630 1976 hec
1675 1941 1754 1976 duo

439 2002 627 2038 extrema,
673 1994 766 2042 quia
807 1994 987 2030 Christus
1032 1994 1164 2031 vivens
1210 1995 1248 2031 in
1294 1995 1427 2033 medio
1472 1996 1754 2034 honestissimo

440 2051 739 2088 mendicitatem
773 2052 1042 2089 clamorosam
1077 2053 1319 2102 contempsit
1352 2066 1424 2090 nec
1454 2067 1650 2103 pauperes
1682 2068 1755 2092 nec

439 2108 580 2145 divites
603 2108 642 2145 in
669 2109 862 2157 capcione
886 2111 1084 2147 bonorum
1109 2111 1395 2160 temporalium
1434 2112 1615 2149 oneravit
1653 2112 1755 2150 sicut
1772 2117 1814 2149 30

439 2178 512 2203 nec
545 2168 738 2203 mundum
773 2167 813 2203 in
845 2168 1090 2216 sumptuosis
1120 2169 1286 2206 edificiis
1315 2170 1376 2206 vel
1406 2171 1522 2206 rebus
1554 2183 1627 2207 usu
1662 2183 1755 2207 con-

440 2224 740 2272 sumptibilibus
773 2225 812 2261 in
845 2238 885 2262 se
917 2227 977 2263 vel
1010 2226 1090 2263 suis
1123 2227 1318 2275 apostolis
1351 2228 1574 2277 occupavit.

499 2283 613 2318 Unde
653 2284 888 2320 erubescant
928 2284 1066 2320 mundi
1100 2284 1300 2333 principes
1333 2285 1400 2333 qui
1434 2294 1574 2323 contra
1607 2286 1753 2323 Christi

440 2338 742 2376 ordinacionem
778 2341 949 2378 fovendo
979 2341 1247 2380 Antichristos
1280 2356 1372 2379 suos
1407 2345 1632 2380 mundanos
1667 2346 1754 2381 red-

441 2396 559 2442 ditus,
584 2410 657 2445 pro
687 2398 831 2446 quibus
862 2401 1074 2436 redderent
1099 2400 1259 2438 Christo
1283 2413 1363 2437 non
1386 2402 1514 2438 solum
1540 2403 1753 2438 annualem
1771 2405 1811 2438 35

442 2454 644 2491 redditum
684 2457 751 2492 sed
793 2456 994 2502 diurnum,
1040 2458 1159 2494 stulte
1204 2467 1241 2495 et
1280 2459 1503 2496 vecorditer
1542 2459 1581 2495 in
1615 2472 1754 2496 manus

441 2512 603 2560 dyaboli
634 2513 907 2560 perdiderunt,
932 2524 969 2551 et
1001 2528 1120 2564 super
1145 2517 1219 2552 hoc
1242 2516 1282 2552 in
1306 2526 1581 2565 contemptum
1607 2517 1754 2554 Christi

511 2632 530 2652 1.
553 2624 594 2651 1›:
616 2624 738 2660 dyaboli
759 2625 882 2652 creavit.
962 2626 989 2652 (i.
1010 2627 1055 2654 A:
1076 2627 1127 2662 qui
1149 2635 1228 2655 cam.
1302 2636 1328 2663 7.
1351 2629 1394 2656 A:
1417 2629 1473 2656 iter
1493 2628 1592 2659 deest:
1623 2629 1662 2656 ib.
1685 2629 1751 2657 DE:

440 2663 512 2686 tunc
532 2659 626 2686 deest.
660 2693 664 2698 ι
705 2667 734 2695 9.
755 2661 799 2687 A:
823 2660 994 2688 hominum.
1076 2670 1115 2689 ιο.
1137 2662 1181 2689 A:
1204 2662 1356 2704 princeps.
1438 2671 1470 2691 ιι.
1493 2663 1560 2691 lili:
1582 2663 1751 2692 ordinatur,

442 2702 482 2727 1-1·
504 2694 547 2721 A:
571 2701 665 2720 cesari
688 2694 781 2721 deest.
844 2695 879 2722 15.
900 2695 970 2723 DE:
993 2695 1030 2723 1⁴21
1050 2701 1178 2723 tautum.
1237 2697 1278 2725 16.
1300 2697 1338 2725 h:
1361 2697 1451 2725 hodie
1472 2698 1564 2725 deest.
1622 2706 1660 2732 17.
1682 2699 1749 2726 mi:

441 2728 599 2756 instrucre.
673 2736 718 2755 20.
742 2729 765 2756 l)
787 2729 816 2756 in
839 2738 950 2765 marg.:
974 2731 1124 2766 l'aaperes
1146 2731 1255 2759 debent
1275 2732 1416 2767 gaudere.
1489 2740 1532 2760 22.
1547 2733 1591 2761 A:
1613 2742 1648 2760 eo
1668 2743 1751 2773 ωδε-,υἱ

443 2762 481 2790 Ες
505 2763 572 2802 ipso
588 2762 689 2793 deest:
711 2763 750 2790 ib.
767 2764 810 2790 A:
833 2764 957 2792 maiore.
1041 2773 1084 2799 27.
1106 2766 1173 2793 1³15:
1196 2766 1364 2801 gaudeant;
1385 2767 1424 2794 ib.
1441 2767 1465 2794 l)
1482 2767 1511 2794 in
1528 2775 1641 2802 marg-t
1660 2767 1750 2796 Medii

443 2798 594 2825 hommes.
659 2798 766 2836 293A:
788 2799 966 2826 clamosam.
1039 2800 1082 2827 30.
1101 2800 1140 2828 D:
1162 2801 1294 2835 curavit:
1312 2801 1334 2828 li
1349 2802 1465 2829 curavit
1480 2810 1576 2829 corin:
1598 2803 1750 2831 ‹meravit:

441 2832 481 2860 ib.
503 2833 547 2859 A:
569 2832 647 2859 sicui
667 2840 762 2859 cium.
854 2832 894 2861 35.
916 2835 959 2861 A:
982 2834 1107 2862 Clu-isto
1127 2835 1220 2863 deest.
1306 2834 1348 2869 35,
1364 2835 1410 2864 36.
1431 2836 1470 2864 E:
1491 2837 1677 2870 annu-alitem
1699 2838 1749 2864 sed

440 2866 580 2894 divinum
597 2866 770 2901 reddituum
793 2867 834 2895 l›:
856 2869 1017 2897 annualem
1035 2869 1187 2897 redditum
1203 2870 1254 2898 sed
1270 2869 1420 2898 divinum.
1459 2870 1502 2907 37.
1517 2872 1562 2899 A:
1579 2880 1671 2907 super
1686 2871 1749 2900 hec.

508 2937 561 2969 23.
588 2937 626 2970 11.
653 2937 732 2970 Cor.
763 2938 851 2979 VIII,
874 2949 908 2982 9.
