1986 3380
167 930 203 952 10

167 1211 203 1243 15

164 1510 206 1532 20

165 1790 204 1823 25

167 2082 208 2114 30

167 2373 206 2406 35

134 2421 207 2452 Fol.

130 2470 208 2499 220⁰

215 286 349 315 sermo
372 276 479 333 xrv]
686 289 898 321 SECUNDA
928 289 1052 321 PARS.

216 397 345 433 tiator
379 398 428 433 ad
463 397 672 432 rivendun]
709 395 993 444 perperanisst
1019 408 1193 439 securus,
1229 395 1322 442 quia
1357 408 1447 431 raro
1472 397 1529 431 vel

216 468 436 503 nuniquan]
473 454 667 502 contuufit
701 455 808 502 quod
840 453 969 490 vstuor
1003 453 1051 488 su
1087 452 1532 489 extmlcarstatenilere

218 526 341 561 usque
390 514 439 549 ad
480 521 665 553 mortem,
711 512 766 548 sic
806 524 925 559 agens
971 523 1180 558 perperam
1222 510 1342 546 faciat
1382 512 1530 547 bonum

218 571 351 616 finena,
391 570 492 606 ficut
532 579 697 606 econtra
731 583 822 606 raro
856 570 915 605 vel
955 582 1160 616 nunquan]
1197 568 1392 615 contuuffit
1426 571 1531 616 quod

217 630 296 665 fere
343 641 467 676 usque
513 629 561 664 ad
611 637 783 663 mortem
830 627 1070 663 continuans
1124 626 1162 662 in
1208 626 1287 662 vita
1342 626 1533 662 laudabili

219 686 327 723 finiet
362 687 467 722 mala
498 695 640 721 morte.
675 685 851 721 Medium
884 685 1045 733 quidem
1075 686 1123 721 ad
1156 684 1275 720 linem
1306 684 1532 721 necessitat.

219 746 310 781 Ideo
335 744 366 780 si
389 744 444 781 vis
470 745 615 780 habere
640 743 759 779 finem
784 743 1085 790 perseverancie
1108 742 1277 788 virtutis,
1304 742 1475 778 exercita
1498 751 1534 778 te

218 804 334 850 longe
359 802 469 850 prius
494 801 533 837 in
555 801 635 837 vita
659 810 695 837 et
720 800 907 848 operibus
932 800 1122 837 caritatis.
1149 800 1258 836 Sicut
1283 799 1387 836 enim
1413 801 1534 836 homo

219 868 350 908 potest
386 859 529 896 mereri
564 858 852 895 beatitudinem
876 860 936 894 vel
962 858 1157 894 demereri
1182 857 1534 905 dampnacionem,

219 918 274 954 sic
308 927 438 966 potest
472 917 737 965 propinquius
771 916 914 953 mereri
949 917 1006 952 vel
1033 916 1230 952 demereri
1255 916 1374 952 11116111
1399 916 1533 952 talem.

278 977 405 1012 Debes
453 988 546 1022 ergo
592 984 733 1011 notare
787 976 993 1022 quomodo
1039 974 1288 1010 difficultaris
1342 986 1383 1010 ex
1431 975 1534 1010 mala

220 1033 510 1070 consuetudine
543 1033 766 1081 antiquata,
801 1032 891 1069 ideo
925 1032 1025 1068 sieut
1060 1041 1116 1068 est
1150 1031 1362 1068 consilium
1387 1031 1533 1069 Christi

220 1094 268 1128 ab
308 1091 494 1128 omnibus
535 1093 826 1139 acceptandum
874 1092 980 1139 quod
1025 1090 1243 1138 propositis
1283 1091 1438 1126 duobus
1478 1090 1535 1126 in-

221 1162 320 1198 eque
354 1149 480 1193 bonis,
517 1161 616 1198 eque
650 1148 832 1186 facilibus
867 1158 923 1185 est
949 1150 1096 1184 bonum
1124 1148 1265 1184 melius
1291 1148 1530 1195 eligendum,

220 1208 275 1244 516
317 1217 373 1244 est
414 1209 648 1244 mandatum
690 1207 838 1243 Christi
884 1206 1102 1255 propositis
1142 1208 1260 1249 bono,
1304 1218 1458 1247 securo,
1500 1215 1535 1242 et

220 1265 340 1309 facili,
383 1266 489 1302 malo
535 1265 762 1313 periculoso
809 1274 928 1313 atque
973 1264 1138 1301 difficili.
1195 1264 1373 1300 Primum
1420 1265 1536 1300 debet

220 1323 422 1372 acceptari
446 1332 483 1360 et
507 1325 726 1360 secundum
762 1323 887 1369 renui,
921 1335 970 1359 ne
994 1322 1156 1359 devians
1179 1322 1218 1358 in
1252 1322 1329 1358 fine
1362 1322 1536 1370 pessimo

220 1383 446 1419 seducatur.
481 1383 581 1419 Cum
617 1394 710 1429 ergo
743 1381 822 1417 vita
856 1380 1034 1418 caritatis
1068 1381 1118 1417 sit
1150 1380 1278 1417 facilis
1313 1389 1349 1416 et
1383 1392 1535 1426 secura,

220 1440 300 1477 vita
334 1452 427 1477 vero
461 1439 550 1477 vicii
585 1439 634 1475 sit
668 1439 841 1476 difficilis
875 1448 911 1476 et
945 1438 1184 1487 periculosa,
1210 1438 1377 1487 quilibet
1408 1437 1538 1475 viator

221 1498 397 1546 priorem
428 1498 589 1546 eligeret
624 1506 661 1534 et
690 1498 905 1534 secundam
937 1497 1167 1545 negligeret,
1202 1509 1250 1533 ne
1274 1498 1375 1533 forte
1410 1505 1537 1533 morte

220 1556 395 1604 pessima
434 1556 672 1593 involvatur.
720 1555 817 1601 Quis
857 1555 962 1591 enim
1002 1555 1075 1591 scit
1115 1564 1265 1603 quanta
1306 1555 1412 1591 mala
1445 1567 1538 1591 con-

221 1615 390 1651 suetudo
424 1616 472 1650 ad
513 1614 623 1650 illam
663 1613 900 1650 necessitat'?
940 1614 1044 1649 unde
1084 1613 1115 1649 si
1149 1621 1260 1650 cavet
1293 1612 1538 1649 infirmitatis

222 1672 445 1721 corporalis
479 1672 717 1720 periculum,
751 1684 799 1708 ne
824 1684 933 1707 mors
967 1671 1148 1719 corporis
1172 1671 1311 1707 exinde
1335 1679 1537 1719 sequatur,

222 1739 372 1779 quanto
413 1730 538 1778 magis
572 1731 688 1766 debet
722 1742 861 1766 cavere
900 1729 1145 1766 infirmitatis
1184 1728 1403 1777 spiritualis
1436 1728 1539 1776 peri-

222 1789 370 1832 culum,
405 1801 454 1824 116
489 1801 595 1825 mors
628 1789 803 1825 secunda
837 1800 912 1836 que
947 1796 1003 1824 est
1037 1787 1237 1823 infinitum
1273 1786 1538 1835 periculosior

222 1848 514 1895 consequetur?
538 1846 649 1883 Sicut
673 1845 777 1882 enim
802 1846 912 1893 virga
935 1845 1143 1894 obliquata
1167 1845 1380 1881 rectificari
1404 1854 1539 1893 posset

221 1905 403 1950 faciliter,
437 1906 505 1941 sed
530 1917 619 1941 cum
644 1904 762 1940 fuerit
786 1904 973 1940 indurata
1006 1903 1045 1939 in
1079 1905 1265 1940 arborem
1299 1916 1380 1939 non
1406 1912 1540 1951 posset

222 1976 265 2000 ex
297 1972 609 2012 quantacunque
642 1961 932 1999 consuetudine
965 1963 1014 1998 ad
1049 1961 1224 2010 priorem
1258 1961 1537 1998 rectitudinem

223 2021 481 2058 habitualiter
526 2020 740 2069 obliquari,
790 2020 845 2057 sic
892 2029 949 2056 est
989 2021 1036 2056 de
1080 2020 1294 2056 virtutibus
1348 2029 1384 2056 et
1427 2019 1539 2056 viciis

224 2079 498 2116 senciendum.

281 2137 423 2174 Omnis
456 2137 561 2173 enim
597 2137 703 2173 mala
742 2138 992 2173 consuetudo
1033 2137 1149 2172 debet
1181 2144 1391 2184 tamquam
1425 2148 1540 2172 vene-

223 2209 319 2232 num
354 2194 586 2244 pestiferum
620 2194 828 2231 abhorreri
868 2196 936 2231 sed
970 2193 1198 2242 specialiter
1237 2193 1278 2230 in
1311 2195 1438 2242 gradu
1471 2193 1540 2229 tri-

223 2253 337 2302 plici:
383 2253 516 2302 primo
565 2254 660 2289 dum
707 2252 936 2301 quicunque
982 2261 1039 2288 est
1092 2252 1335 2288 inveteratus
1382 2251 1539 2288 dierum

224 2313 437 2357 malorum,
479 2311 584 2347 mala
614 2319 747 2347 autem
783 2311 1033 2347 consuetudo
1072 2309 1112 2346 in
1146 2309 1381 2346 criminibus
1416 2309 1538 2346 cicius

222 2370 446 2411 induratur.
476 2370 658 2406 consulat
681 2369 815 2417 itaque
839 2369 1080 2405 inveteratus
1103 2367 1345 2416 scripturam
1369 2380 1539 2414 sacram⁷

223 2428 254 2464 si
299 2441 369 2464 sua
415 2429 665 2465 consuetudo
710 2426 827 2463 fuerit
873 2440 915 2463 ex
960 2427 1115 2474 integro
1155 2428 1239 2462 Deo
1278 2427 1462 2474 placens;
1509 2426 1540 2462 si

222 2499 315 2531 non,
351 2486 509 2523 festinet
542 2485 731 2523 continue
753 2484 883 2533 ipsam
908 2486 957 2521 ad
985 2483 990 2536 Ι
1021 2483 1304 2521 rectitudinem
1338 2496 1539 2521 revocare.

223 2544 264 2580 Si
295 2544 363 2590 sic,
397 2544 547 2581 adiciat
579 2544 774 2581 instanter
806 2555 986 2592 operam,
1028 2551 1071 2579 ut
1111 2543 1361 2579 consuetudo
1402 2542 1541 2579 lauda-

224 2601 312 2639 bilis
346 2603 569 2639 roboretur.

291 2723 322 2748 4.
345 2714 411 2741 DE:
434 2713 525 2741 simu}
547 2714 632 2741 sicut.
697 2718 724 2740 o.
745 2713 785 2740 E:
810 2712 1005 2740 necessitant.
1062 2711 1088 2739 8.
1110 2712 1154 2739 A:
1176 2711 1206 2739 in
1227 2711 1384 2747 operibus.
1442 2719 1482 2738 10.
1497 2711 1541 2737 A:

225 2748 312 2776 sicut.
404 2757 437 2776 11,
460 2748 529 2775 DE:
550 2748 760 2779 difficultates:
788 2747 828 2775 ib.
849 2747 873 2775 E
893 2747 922 2774 111
945 2755 1059 2780 marcu:
1081 2747 1172 2774 Nota.
1272 2754 1309 2773 12.
1331 2745 1400 2773 DE:
1424 2745 1467 2772 sic
1487 2749 1540 2772 est.

226 2792 266 2820 11.
287 2784 332 2810 A:
354 2783 443 2810 bouis
464 2791 539 2818 eque
561 2783 654 2810 dees-t.
718 2782 755 2811 15.
777 2784 821 2810 A:
845 2790 953 2809 securo
973 2774 1071 2809 twice.
1136 2781 1174 2811 15.
1197 2781 1238 2808 16.
1261 2781 1378 2817 codd:
1401 2779 1482 2819 facili
1504 2784 1540 2818 et.

226 2822 266 2845 10.
288 2818 356 2845 DE:
379 2818 459 2845 malo
481 2819 580 2851 deest:
601 2818 645 2845 A:
667 2818 748 2845 malo
770 2817 905 2853 periculo
927 2821 1017 2852 atque
1038 2815 1198 2844 difficibili.
1263 2815 1304 2843 18.
1324 2815 1393 2842 DE:
1415 2823 1445 2842 111
1466 2822 1542 2841 cari-

225 2858 300 2885 tate:
322 2852 361 2879 ib.
377 2852 575 2888 Ei11marg.:
595 2853 666 2880 Vita
687 2852 831 2880 caritatis.
891 2860 932 2887 ¹9-
953 2852 998 2878 A:
1019 2859 1092 2878 vero
1113 2851 1206 2880 deest.
1263 2858 1309 2877 20.
1331 2850 1355 2877 E
1376 2849 1405 2877 111
1427 2857 1541 2885 marg:

226 2887 298 2914 Vita
318 2887 398 2915 vicii.
507 2886 545 2915 31.
566 2887 591 2915 E
611 2887 640 2914 iu
663 2895 778 2921 marga
800 2887 844 2914 De
865 2887 945 2914 mala
965 2885 1198 2913 consuetudine.
1308 2883 1354 2919 34.
1375 2885 1419 2912 A:
1442 2889 1541 2911 autem

228 2921 328 2956 deest3
359 2921 400 2949 ib.
421 2922 465 2949 A:
488 2922 517 2949 in
539 2921 660 2949 talibus.
735 2921 778 2950 35.
800 2922 845 2949 A:
868 2925 1016 2948 sanctam.

1551 982 1747 1044 Strciqgtqsttn*
1766 983 1821 1009 bad

1652 1026 1680 1044 ia
1707 1026 1712 1043 1
1732 1039 1736 1043 .

1568 2143 1670 2171 Three
1691 2144 1816 2180 degi-ees

1601 2179 1636 2206 of
1653 2179 1783 2215 danger:

1599 2222 1619 2241 1.
1662 2215 1782 2242 ersonal

1648 2249 1740 2283 iabin
