1986 3380
186 304 264 349 3⁴34

218 545 283 572 'l'he
305 545 420 572 wicked

254 584 391 613 serratim

237 963 318 985 most
340 958 397 985 like

247 1002 388 1028 perverse

247 1028 389 1062 prelatos.

766 310 988 343 JOHANle
1009 309 1191 341 Wchr
1209 307 1469 341 sERMONUM
1575 294 1725 352 [SERMO
1746 306 1780 333 1..

529 419 606 454 Sed
651 419 795 454 durum
841 427 897 454 est
942 417 1105 453 verbum
1153 417 1260 464 quod
1311 414 1508 463 sequitur:
1563 415 1605 450 Si
1655 422 1779 451 autem

473 476 618 512 dixerit
661 477 786 512 malus
830 488 966 511 servus
1010 475 1073 510 ille
1117 474 1152 509 in
1197 474 1315 510 corde
1356 486 1445 509 suo:
1488 473 1643 510 Μοναηι
1677 473 1782 522 facit

473 534 648 570 dominus
688 547 793 571 meus
832 533 981 571 venire:
1019 540 1052 568 et
1090 532 1233 580 ceperit
1265 539 1471 581 percutere
1508 544 1642 568 servos
1679 544 1782 575 suos,

472 593 673 629 manducet
711 600 836 629 autem
877 599 910 627 et
951 591 1051 627 bibat
1090 603 1173 626 cum
1219 590 1398 626 ebriosis:
1443 589 1563 626 veniet
1607 589 1783 625 dominus

471 651 577 687 servi
613 651 715 686 illius
753 650 788 686 in
822 650 881 686 die
919 661 992 697 qua
1032 662 1103 684 non
1141 655 1273 697 sperat
1313 655 1347 684 et
1385 648 1481 683 hora
1521 660 1593 696 qua
1626 648 1782 697 ignorat

471 716 505 745 et
539 709 679 744 dividet
712 721 810 751 eum,
845 715 1074 757 partemque
1105 707 1184 742 eius
1211 714 1327 755 pone!
1367 718 1450 742 cum
1476 706 1690 756 ypocritis,
1723 705 1785 741 ubi

471 767 543 802 erit
565 767 686 817 flelus
718 774 752 802 et
785 767 934 802 stridor
967 766 1151 801 dencinm.
1187 764 1263 800 Ubi
1296 773 1437 800 notum
1471 773 1526 800 est
1561 763 1782 812 quodlicet

471 826 636 861 verbum
670 824 775 860 istud
810 823 939 872 aptari
973 822 1098 871 possit
1130 824 1179 860 ad
1210 834 1471 871 quoscunque
1505 823 1783 870 dampnandos

471 892 508 919 et
531 884 579 918 ad
605 882 692 918 illos
715 882 942 930 specialiter
965 881 1031 930 qui
1055 882 1205 930 populo
1230 881 1334 917 male
1358 889 1535 929 presunt,
1559 880 1784 929 specialiter

470 951 604 977 tamen
650 940 779 988 aptari
819 941 935 977 debet
982 941 1031 976 ad
1072 952 1279 988 perversos
1322 939 1517 987 prelatos;
1564 938 1638 987 ipsi
1678 937 1782 974 enim

471 1000 530 1035 x‘el
565 999 749 1045 ignorant
781 999 843 1035 vel
874 1011 955 1034 non
979 998 1235 1035 considerant
1264 998 1404 1034 horam
1430 996 1570 1033 mortis
1593 997 1654 1033 vel
1677 995 1781 1032 diem

474 1056 602 1093 finalis
636 1056 773 1092 iudicii
802 1057 863 1093 vel
895 1069 1006 1105 spem
1046 1069 1159 1093 suam
1194 1056 1436 1092 confidendo
1470 1056 1518 1091 de
1550 1054 1784 1091 tardacione

473 1115 587 1150 huius
620 1113 814 1163 temporis
847 1114 965 1151 nimis
997 1114 1142 1151 laxant.
1198 1114 1262 1150 Sic
1296 1113 1401 1151 enim
1437 1113 1574 1150 dicunt
1606 1112 1785 1149 infideles

472 1173 697 1221 prosperati
730 1172 770 1209 in
801 1174 936 1210 seculo
975 1173 1083 1221 quod
1115 1184 1186 1221 per
1219 1181 1373 1209 tantum
1415 1181 1572 1220 tempus
1606 1178 1786 1219 expecta-

472 1231 600 1267 vimus
645 1240 681 1267 et
725 1240 917 1267 venerunt
962 1231 1077 1267 nobis
1122 1242 1329 1279 prospera,
1375 1230 1477 1267 sicut
1521 1238 1558 1266 et
1605 1228 1785 1277 patribus

473 1289 619 1325 nostris
659 1288 874 1337 prioribus,
914 1289 1127 1337 superfluit
1165 1301 1257 1336 ergo
1304 1290 1351 1325 de
1396 1287 1514 1325 minis
1552 1287 1642 1324 talis
1687 1296 1786 1323 tem-

472 1347 581 1395 poris
626 1346 856 1384 formidare.
902 1348 995 1384 Ideo
1048 1347 1144 1384 dicit
1187 1347 1389 1383 sentencia
1442 1345 1633 1394 evangelii
1678 1345 1785 1393 quod

473 1405 503 1441 si
557 1405 646 1442 talis
700 1405 953 1454 dispensator
1003 1405 1123 1442 nimis
1176 1405 1342 1442 confidit
1393 1406 1440 1441 de
1493 1403 1785 1452 prorogacione

474 1463 614 1500 mortis
645 1464 706 1499 vel
740 1463 817 1500 diei
855 1463 993 1500 iudicii
1026 1464 1087 1500 vel
1124 1476 1206 1501 non
1246 1463 1371 1500 credit
1409 1463 1483 1499 ista
1522 1463 1590 1499 sed
1629 1470 1785 1498 austere

473 1521 687 1558 tirannizat
739 1522 799 1558 vel
851 1522 1079 1558 collidendo
1125 1523 1306 1558 membra
1350 1530 1387 1558 et
1437 1520 1538 1558 vires
1582 1520 1784 1557 naturales

474 1592 550 1628 que
589 1579 860 1617 conservirent
898 1592 1033 1616 secum
1074 1582 1157 1616 Deo
1196 1581 1256 1617 vel
1296 1578 1628 1616 communitatem
1667 1590 1786 1626 super

1799 651 1815 683 5

1805 951 1842 973 10

1806 1233 1841 1265 15

1801 1533 1843 1554 20

474 1651 594 1687 quam
620 1638 852 1675 dominatur
883 1648 951 1674 aut
980 1638 1157 1687 ponitur,
1179 1638 1240 1675 vel
1263 1637 1388 1674 tercio
1421 1637 1452 1674 si
1484 1637 1661 1685 prelatus
1694 1640 1816 1673 con-‘

474 1705 636 1745 quassat
672 1696 838 1733 virtutes
883 1696 1135 1733 subditorum
1180 1696 1467 1745 opprimendo·
1491 1694 1616 1732 iustos
1661 1703 1698 1731 et
1730 1694 1787 1730 fo-

474 1756 602 1791 vendo
635 1763 885 1803 peccatores:
927 1754 1029 1801 talis,
1069 1754 1247 1803 inquam,
1289 1755 1505 1791 manducat
1545 1766 1634 1790 cum
1669 1752 1787 1789 ebriis

475 1826 522 1850 eo
555 1814 663 1861 quod
703 1813 975 1850 communicat
1015 1812 1216 1849 socialiter
1255 1825 1345 1849 cum
1385 1811 1526 1860 sopitis
1559 1811 1598 1847 in
1631 1811 1786 1848 actibus

477 1870 749 1908 mundialibus
788 1879 908 1919 atque
947 1871 1077 1908 carnis
1110 1870 1323 1907 contrariis
1357 1870 1526 1907 caritati.
1583 1869 1646 1906 Sic
1680 1869 1785 1906 enirn

476 1930 720 1966 manducant
761 1929 873 1965 multi
912 1928 1055 1977 prelati
1096 1941 1186 1965 cum
1227 1928 1359 1975 ebriis,
1400 1940 1536 1976 ymmo
1582 1927 1656 1976 ipsi
1694 1927 1786 1964 licet

474 1987 685 2024 videantur
706 1987 856 2035 vigiles,
891 1987 1037 2024 habent
1061 1996 1196 2024 tamen
1223 1999 1360 2023 sensus
1392 1986 1629 2023 intrinsecos
1652 1987 1785 2034 quoad

475 2045 679 2082 racionem
726 2045 1002 2093 sompniantes
1045 2046 1151 2082 velut
1197 2044 1295 2082 ebrii
1344 2044 1600 2090 dormientes,
1648 2052 1684 2080 et
1730 2043 1784 2080 hii

474 2112 640 2152 propter
677 2103 1015 2153 preeminenciam
1062 2115 1181 2152 super
1219 2103 1399 2139 subditos
1439 2111 1583 2140 vocant
1614 2101 1784 2150 singula-

476 2162 572 2198 riter
605 2175 720 2198 suum
755 2161 965 2198 dominum
996 2161 1052 2198 sic
1081 2170 1321 2198 morantem.
1356 2163 1460 2198 Deus
1489 2169 1620 2198 autem
1657 2159 1786 2197 veniet

476 2220 549 2256 sibi
603 2220 641 2256 in
688 2219 828 2257 mortis
871 2219 1040 2257 articulo
1092 2219 1293 2268 insperate
1338 2228 1375 2256 et
1426 2228 1581 2268 partem
1626 2230 1697 2267 per
1746 2230 1786 2254 se

477 2277 711 2326 punibilem‚
757 2278 796 2314 id
841 2286 899 2315 est
943 2278 1134 2324 animam,
1183 2286 1305 2326 ponet
1350 2290 1440 2314 cum
1483 2276 1675 2326 ypocritis
1719 2275 1785 2324 qui

477 2345 568 2373 sunt
601 2336 791 2385 precipue
823 2335 896 2373 viri
935 2336 1215 2373 nominetenus
1255 2335 1514 2372 ecclesiastici
1554 2343 1591 2371 et
1629 2333 1784 2383 prelati.

477 2397 558 2431 Nec
596 2402 654 2431 est
693 2407 796 2442 pena
834 2394 975 2431 talium
1014 2394 1109 2431 levis
1148 2395 1214 2431 sed
1253 2393 1486 2441 gravissima
1526 2402 1606 2430 tam
1653 2393 1785 2441 quoad

475 2464 621 2500 penam
656 2452 821 2501 dampni
860 2465 981 2501 quam
1021 2465 1158 2489 sensus
1198 2453 1304 2501 quod
1345 2460 1508 2488 notatur
1545 2463 1616 2499 per
1648 2451 1785 2487 fletum

478 2519 515 2547 et
547 2510 761 2547 stridorem
795 2510 980 2547 dencium
1016 2514 1072 2556 (ut
1096 2522 1189 2558 sepe
1222 2509 1415 2558 exposui).
1448 2509 1566 2546 Tales
1600 2508 1705 2545 enim
1729 2509 1787 2555 (ut

476 2577 586 2617 patet
619 2580 803 2606 sermone
835 2568 1034 2617 proximo)
1066 2577 1157 2605 sunt
1189 2567 1403 2617 precipuus
1435 2566 1717 2603 Antichristus.

547 2689 571 2718 3.
594 2690 663 2718 DE:
685 2690 778 2718 nimis
799 2690 917 2724 venire;
949 2690 988 2717 ib.
1009 2691 1054 2717 A:
1076 2689 1165 2725 cepit.
1245 2689 1269 2718 5.
1291 2690 1335 2717 A:
1380 2697 1416 2716 ua
1438 2697 1510 2716 non.
1591 2696 1628 2715 12.
1651 2689 1694 2716 A:
1716 2696 1788 2715 con-

479 2726 602 2754 nitendo.
660 2724 697 2753 13.
719 2725 743 2753 E
762 2725 791 2752 in
814 2733 880 2752 mar
905 2735 927 2752 ‚t
949 2725 1040 2752 Nota.
1097 2733 1138 2756 14-
1161 2724 1228 2752 DE:
1249 2724 1331 2759 quod
1376 2728 1453 2751 cest·
1484 2723 1522 2751 ib.
1545 2723 1589 2751 A:
1613 2731 1666 2758 per
1685 2723 1786 2755 deest;

479 2761 518 2787 ib.
539 2761 584 2788 A:
605 2760 764 2796 temporis,
865 2768 872 2787 1
900 2781 905 2786 .
927 2760 971 2787 A:
994 2759 1150 2795 prioribus
1170 2759 1264 2786 deest.
1363 2767 1401 2794 17,
1424 2745 1464 2786 ιέ
1486 2759 1528 2786 A:
1549 2757 1622 2785 Ideo
1642 2773 1679 2796 —.
1696 2757 1787 2796 nimis

478 2796 572 2823 deest.
652 2802 698 2822 20.
720 2794 788 2822 DE:
810 2794 993 2829 colligendo.
1076 2802 1115 2822 21.
1136 2795 1180 2822 A:
1202 2801 1304 2821 secum
1327 2793 1426 2823 deest:
1449 2794 1488 2820 lb.
1512 2792 1579 2819 DE:
1601 2796 1786 2819 comltsstu'e.

479 2838 521 2862 22,
543 2829 585 2857 23.
607 2830 651 2857 A:
673 2833 868 2865 conquasset.
924 2828 969 2856 28.
992 2829 1034 2856 1³:
1057 2829 1168 2856 habent
1188 2832 1315 2856 tantum.
1380 2836 1428 2864 29.
1450 2828 1491 2855 b:
1515 2827 1670 2862 sopientes
1690 2827 1786 2860 velim

481 2865 519 2892 li:
543 2865 662 2900 sopitos
683 2865 738 2892 vel.
812 2863 858 2898 34.
880 2863 948 2891 DE:
971 2864 1118 2900 precipui.

556 2946 649 2978 1—7.
679 2935 842 2967 Matthaei
870 2935 995 2974 XXIV,
1021 2934 1171 2976 48-51.

1804 1815 1843 1847 25

1803 2105 1844 2138 30

1805 2395 1843 2428 35
