1986 3380
191 312 267 357 348

221 435 288 462 The
311 437 364 472 hey
385 436 419 463 os

223 472 412 507 knowledge.

195 1193 262 1221 The
284 1194 339 1229 ke}⁷
360 1193 386 1220 is
407 1194 455 1220 tlu-

209 1228 388 1263 kuowlcdgc
409 1229 443 1255 os

231 1264 280 1290 the
300 1271 367 1299 way
389 1268 419 1290 to

263 1299 387 1325 heaven.

195 1707 292 1734 Alan's
313 1707 389 1733 laws
410 1709 463 1740 put

236 1742 266 1769 iu
310 1742 373 1768 lace
393 1740 428 1767 of

303 1775 380 1803 od's¹

751 313 976 346 JOHANle
997 312 1181 344 WYC1.1F
1201 311 1459 343 sERMONUM
1484 296 1637 355 [SERMO
1654 305 1791 334 xwm.

536 422 612 457 Sed
652 420 745 469 quia
784 421 857 456 ista
897 418 1107 467 generacio
1152 419 1269 454 habet
1303 419 1448 465 gradus
1482 417 1723 465 multiplices
1757 427 1793 454 et

478 491 707 527 perversum
753 478 934 515 ordinem
982 477 1020 512 in
1065 476 1144 512 suis
1183 475 1377 523 partibus,
1424 475 1513 511 ideo
1553 475 1733 512 Christus
1773 489 1794 512 a

478 537 732 586 perversione
772 535 985 583 incipiens:
1029 535 1091 578 l'e,
1130 533 1270 582 inquit„
1314 534 1416 569 vobis
1460 534 1696 584 legisperitis
1733 534 1797 582 qui

477 595 616 632 tulistis
661 595 804 631 clavem
850 593 1022 635 sciencie,
1072 592 1146 641 ipsi
1195 605 1266 627 noti
1319 592 1505 627 introistis
1549 599 1583 628 et
1627 604 1690 628 eos
1733 593 1797 640 qui

478 654 685 689 introibant
708 651 974 702 prohibuistis.
1005 650 1080 687 Ubi
1111 662 1190 686 non
1222 649 1386 685 dubium
1413 651 1520 697 quod
1545 649 1793 698 evangelium

479 711 663 759 intelligit
696 723 765 758 per
798 711 948 746 clavem
983 707 1153 744 sciencie
1186 707 1399 744 scienciam
1441 708 1660 756 apertivam
1701 708 1796 756 legis

480 769 640 806 Domini
686 781 755 816 per
794 780 914 816 quam
961 765 1246 814 compendiose
1293 775 1330 802 et
1369 765 1540 802 breviter
1572 766 1700 802 viator
1735 779 1798 803 ac-

480 828 609 876 quiret
649 839 813 874 regnum
855 825 938 862 Dei.
981 823 1173 871 Quamvis
1213 833 1346 861 autern
1387 825 1588 861 Johannes
1620 825 1721 861 XXII
1762 834 1797 860 et

479 886 598 922 ceteri
637 883 911 932 generacionis
950 895 1018 919 sue
1058 883 1302 919 contendant
1336 883 1443 930 quod
1486 883 1557 919 bec
1596 882 1716 919 clavis
1749 882 1797 918 sit

479 953 655 992 potestas
685 941 895 978 iudiciaria
927 941 1004 977 illis
1034 953 1107 988 pro
1136 939 1418 977 iurisdiccione
1449 953 1519 977 sua
1543 939 1798 988 singulariter

479 1010 692 1044 reservata,
728 999 821 1048 quia
854 1009 990 1036 tamen
1022 1011 1102 1035 non
1135 999 1326 1035 fundatur
1358 1000 1424 1035 sed
1459 998 1721 1046 probabiliter
1751 999 1798 1034 de

480 1068 678 1108 potestate
723 1057 930 1094 luciferina
978 1066 1212 1105 presumpta
1250 1056 1488 1105 suspicatur,
1529 1056 1619 1092 ideo
1659 1058 1796 1093 eadem

480 1117 670 1154 facilitate
695 1116 995 1164 contempnitur
1019 1128 1096 1164 qua
1120 1116 1327 1163 probatur.
1358 1117 1459 1151 Nam
1485 1114 1582 1150 fides
1608 1113 1799 1162 evangelii

480 1185 595 1212 vocat
635 1175 745 1211 illam
787 1175 938 1210 elavem
972 1173 1202 1218 scienciam,
1237 1175 1303 1209 sed
1338 1186 1417 1221 quo
1449 1184 1567 1209 sensu
1600 1172 1800 1220 pertinen-

481 1233 579 1270 ciori
629 1246 747 1282 quam
809 1231 1057 1269 intransitive
1117 1231 1375 1279 intelligendo
1425 1231 1574 1267 clavem
1628 1242 1703 1279 que
1753 1230 1801 1266 sit

481 1291 666 1334 sciencia,
707 1303 888 1327 reserans
927 1289 1030 1326 viam
1072 1291 1121 1327 ad
1160 1289 1333 1337 patriam
1373 1302 1444 1337 per
1483 1289 1698 1336 dyabolum
1733 1290 1801 1324 ob-

481 1359 695 1386 scuratam.
749 1349 860 1385 Illam
900 1356 1034 1385 autem
1073 1348 1222 1385 clavem
1263 1347 1548 1384 obnubilarunt
1586 1346 1802 1395 legisperiti

481 1418 663 1456 tempore
698 1406 845 1443 Christi
879 1419 950 1454 per
980 1405 1290 1443 adinx-‘enciones
1324 1417 1414 1442 suas
1447 1405 1523 1453 legi
1557 1405 1800 1442 inmaculate

482 1465 645 1503 Domini
678 1466 954 1513 conglobatas.
990 1466 1066 1501 Sed
1102 1464 1140 1500 in
1173 1465 1257 1512 lege
1290 1463 1423 1512 gracie
1457 1462 1552 1500 dicti
1584 1463 1799 1511 legisperiti

482 1533 518 1561 et
552 1523 727 1573 pharisei
761 1523 982 1570 adiungunt
1016 1522 1184 1559 ficticias
1217 1521 1447 1570 ampliores,
1481 1521 1583 1557 sicut
1611 1530 1720 1570 patet
1754 1522 1800 1558 de

483 1583 566 1619 iure
619 1581 816 1618 canonico
866 1581 1019 1629 pictato
1064 1594 1154 1617 cum
1200 1581 1284 1629 lege
1328 1579 1505 1629 politica,
1552 1580 1599 1616 de
1643 1579 1801 1616 statutis

483 1640 695 1689 papalibus
729 1648 765 1676 et
799 1641 847 1676 de
879 1639 1024 1687 regulis
1058 1639 1246 1675 ordinum
1281 1638 1544 1687 privatorum.

542 1701 622 1735 Nec
668 1697 808 1734 dubito
853 1697 949 1746 quin
995 1697 1033 1733 in
1080 1697 1154 1734 isto
1200 1696 1346 1745 triplici
1394 1695 1553 1733 vinculo
1593 1695 1802 1743 dyabolico

484 1758 543 1793 lex
589 1756 659 1793 Dei
705 1755 824 1792 nimis
877 1756 926 1792 ab
972 1755 1139 1792 ecclesia
1184 1764 1241 1792 est
1286 1755 1432 1791 ablata.
1478 1755 1533 1790 Ex
1577 1754 1652 1790 hoc
1697 1753 1802 1790 enim

486 1815 670 1863 ignorant
708 1813 872 1862 plurimi
911 1813 1015 1850 viam
1056 1807 1217 1850 Domini
1258 1825 1328 1861 per
1367 1825 1486 1861 quam
1528 1811 1654 1848 fidelis
1695 1824 1803 1848 com-

485 1872 677 1922 pendiose
706 1873 756 1909 ad
779 1871 950 1920 patriam
983 1873 1230 1920 graderetur,
1261 1884 1349 1907 cum
1381 1870 1482 1908 sicut
1511 1869 1668 1907 dicunt:
1704 1870 1805 1907 Ecce

484 1932 543 1967 hic
588 1938 622 1967 et
666 1943 750 1967 ecce
793 1924 876 1966 illic‘
916 1938 972 1966 est
1019 1938 1137 1978 caput
1182 1929 1360 1975 ecclesie,
1406 1928 1461 1965 ita
1507 1928 1643 1964 dicunt
1688 1929 1803 1964 huius

483 1988 760 2037 generacionis
794 1987 864 2024 filii
897 1989 1005 2037 quod
1040 1987 1080 2024 in
1112 1987 1252 2024 ordine
1287 1999 1374 2023 meo
1408 1995 1568 2035 oportet
1598 1986 1801 2023 hominem

484 2048 652 2084 salutem
694 2046 904 2095 consequi;
952 2045 1052 2082 alius
1085 2055 1218 2082 autem
1253 2046 1361 2094 quod
1393 2057 1486 2095 non,
1526 2045 1594 2081 sed
1632 2044 1672 2080 in
1712 2056 1801 2081 meo

485 2105 626 2141 ordine
671 2112 832 2153 oportet
875 2104 1049 2141 viantem
1097 2102 1426 2152 compendiosius
1465 2111 1502 2139 et
1541 2103 1802 2140 excellencius

485 2162 619 2200 venire
659 2164 708 2199 ad
748 2162 921 2210 patriam
963 2171 999 2198 et
1038 2162 1078 2199 in
1117 2161 1304 2199 omnibus
1349 2161 1433 2198 istis
1471 2160 1729 2209 postponitur
1766 2169 1803 2197 et

486 2221 787 2269 contempnitur
820 2221 987 2270 simplex
1019 2220 1158 2268 religio
1192 2219 1421 2257 christiana.
1462 2220 1554 2256 Ideo
1586 2230 1676 2256 vere
1709 2218 1804 2255 dicit

486 2279 734 2327 evangelium
776 2280 883 2327 quod
922 2280 994 2315 hec
1032 2278 1243 2326 generacio
1282 2290 1362 2314 non
1401 2276 1579 2314 introivit
1618 2278 1667 2313 ad
1698 2276 1802 2314 viam

487 2337 615 2386 patrie
648 2338 868 2374 secundum
910 2337 1067 2385 regulas
1100 2336 1195 2384 legis
1228 2335 1299 2372 Dei
1332 2348 1404 2372 nec
1438 2348 1481 2372 ex
1512 2334 1803 2371 tradicionibus

1819 952 1856 973 10

1822 1231 1857 1264 15

1818 1533 1860 1556 20

1820 2104 1862 2139 30

487 2395 567 2432 suis
617 2402 811 2443 pompam
864 2407 977 2431 suam
1032 2394 1302 2431 indicantibus
1354 2393 1551 2442 permittit
1601 2392 1860 2441 simplicesssf)

488 2453 667 2490 introire.
719 2452 759 2490 Si
807 2461 940 2490 autem
982 2461 1174 2501 queratur
1216 2453 1316 2488 ordo
1365 2451 1480 2487 huius
1527 2450 1803 2499 generacionis

488 2511 668 2548 adultere
707 2523 750 2547 ex
789 2523 868 2560 quo
906 2510 1115 2558 processit,
1156 2509 1295 2546 dieunt
1334 2509 1496 2558 quidam
1539 2510 1646 2557 quod
1685 2509 1805 2545 radix

488 2569 567 2606 eius
598 2570 817 2605 secundum
852 2569 1091 2617 Apostolum
1123 2567 1310 2605 1=¹Thim.
1333 2569 1419 2613 V10,
1452 2580 1496 2603 10
1529 2574 1583 2603 est
1615 2567 1805 2616 cupiditas

490 2726 495 2730 ³
557 2690 582 2719 3.
603 2691 627 2719 Ε
648 2691 676 2730 i'n
700 2699 812 2730 marg:
835 2690 878 2718 De
899 2691 992 2730 clare.
1049 2699 1078 2729 4.
1100 2689 1168 2717 DE:
1190 2689 1248 2725 ipsi
1270 2688 1362 2728 cuim.
1416 2689 1454 2729 ¹6.
1476 2690 1520 2717 A:
1542 2688 1681 2724 intelligit
1697 2688 1802 2728 ’ἀυτεῖς

489 2726 529 2764 ib.
551 2727 594 2754 A:
617 2733 746 2753 sciencie
767 2730 922 2757 sanctam:
953 2725 993 2753 lb.
1015 2725 1039 2752 E
1059 2733 1088 2752 m
1111 2733 1224 2759 marg:
1247 2723 1349 2751 Clavis
1370 2725 1455 2760 qiud.
1532 2732 1572 2758 ¹4·
1594 2725 1639 2751 A:
1662 2732 1802 2763 sciencie.

491 2766 531 2795 ιο,
555 2769 592 2823 ιβ.
614 2760 683 2788 DE:
705 2761 914 2787 obscuratum.
1025 2768 1066 2796 ¹9·
1088 2759 1155 2787 DE:
1176 2759 1388 2798 conglobatos.
1496 2766 1543 2786 20.
1567 2758 1634 2786 DE:
1657 2758 1802 2794 pictae-ias

489 2804 561 2831 :imp
576 2804 666 2823 iores.
740 2802 779 2822 21.
799 2796 844 2822 A:
866 2799 982 2830 putam.
1062 2793 1104 2822 23.
1126 2795 1169 2822 A:
1191 2793 1256 2821 Nec
1279 2793 1418 2821 dubium.
1492 2802 1538 2828 24.
1561 2794 1604 2820 A:
1627 2793 1680 2820 Dei
1702 2793 1802 2822 deest:

491 2830 772 2869 itm-Arminium.⁴
810 2829 856 2868 26..
877 2829 950 2856 AD:
973 2837 1041 2856 cum
1065 2829 1118 2856 sic.
1174 2828 1219 2856 28.
1235 2829 1286 2867 Aq
1302 2828 1446 2867 iudet-st.
1503 2827 1542 2857 35.
1566 2828 1633 2855 DE:
1655 2835 1801 2862 pompam

491 2873 665 2892 sciencuim.
739 2863 784 2891 1³0.
800 2864 824 2891 E
844 2871 873 2891 ln
895 2871 1008 2899 marg.:
1032 2863 1129 2898 Origo
1149 2870 1360 2898 generacioms
1381 2862 1526 2890 adultere.

563 2935 591 2968 3.
621 2937 734 2967 Lucae
763 2935 819 2967 XI.
850 2935 900 2966 52.
998 2933 1027 2966 8.
1057 2934 1108 2967 Cf.
1138 2934 1268 2965 Arnold
1300 2935 1322 2973 1,
1351 2942 1427 2974 24¹·
