1986 3380
190 301 325 329 sermo
346 288 444 346 vlu]
662 298 875 331 SECUNDA
902 298 1026 329 PARS,

189 412 237 448 sit
270 413 501 459 dampnata,
532 408 625 457 quia
657 408 743 456 pari
777 405 982 443 evidencia
1013 406 1074 442 vel
1108 404 1251 441 maiori
1275 417 1353 452 qua
1387 418 1501 441 evan—

188 470 334 518 gelium
376 481 456 504 non
496 466 690 514 scriptum
730 463 951 502 autenticat
989 472 1117 499 sectas
1157 463 1324 499 fratrum
1365 471 1501 498 auten-

188 528 329 564 ticaret
345 525 680 574 dampnacionem
704 531 903 559 sectarum
928 521 1170 566 huiusmodi,
1187 520 1281 569 quia
1303 520 1501 567 scriptura

188 585 266 622 alia
305 584 582 633 apostolorum
622 583 739 618 docet
772 581 978 629 quomodo
1013 578 1180 616 ecclesia
1214 579 1329 614 debet
1364 591 1501 614 cavere

155 643 386 680 5versucias
431 639 712 677 introducendi
757 639 844 675 illas
888 647 1028 683 sectas,
1074 646 1111 673 et
1156 639 1260 672 Deus
1309 635 1393 683 ipse
1446 645 1501 672 est

188 699 354 750 pronior
397 701 447 736 ad
494 698 785 734 notificandum
825 696 990 732 ecclesie
1029 696 1136 743 quod
1175 694 1249 730 sibi
1288 694 1502 742 proliceret

187 772 306 807 quam
336 759 387 795 ad
417 758 627 794 celandum
653 755 876 803 periculum
900 755 1007 802 quod
1031 765 1101 801 per
1124 752 1308 789 accidens
1332 753 1500 788 obesset.

186 819 279 854 Ideo
317 829 399 853 non
433 814 572 851 dubito
606 813 701 862 quin
733 814 874 849 fratres
913 820 1125 860 pensantes
1157 811 1233 846 hoc
1271 810 1501 858 sompnium

187 876 294 923 quod
332 886 471 910 eorum
504 871 692 909 fundacio
731 870 907 907 stabilita
940 869 1013 906 fuit
1055 881 1127 917 per
1159 868 1376 913 Christum,
1410 868 1502 904 licet

132 945 170 966 10
186 945 256 969 sua
285 932 483 980 scriptura
505 931 566 967 vel
596 942 639 966 ex
661 928 910 978 negligencia
932 928 992 964 vel
1017 939 1137 964 causa
1160 926 1237 962 alia
1261 926 1310 961 sit
1334 926 1501 971 omissa;

186 1003 285 1039 eque
332 990 535 1026 evidenter
578 988 639 1025 vel
685 986 911 1024 evidencius
950 986 1175 1021 fundabunt
1214 985 1322 1032 quod
1360 984 1502 1020 fratres

185 1048 328 1096 singuli
358 1048 435 1084 sint
464 1045 686 1094 dampnati,
721 1058 810 1082 cum
845 1052 998 1080 certum
1032 1043 1081 1080 sit
1114 1043 1222 1091 quod
1256 1042 1370 1077 multi
1404 1041 1502 1078 ritus

186 1115 222 1143 et
266 1115 399 1154 partes
444 1118 512 1141 sue
556 1104 692 1152 regule
741 1111 832 1139 sunt
877 1101 1082 1150 evangelio
1126 1108 1408 1149 repugnantes.
1462 1102 1502 1136 In

185 1165 344 1201 Christo
374 1172 507 1200 autem
531 1163 592 1199 vel
614 1175 684 1199 sua
707 1161 907 1210 scriptura
929 1161 1150 1196 secundum
1175 1158 1294 1194 fidem
1318 1158 1501 1206 Apostoli

131 1225 265 1260 15non
304 1223 464 1258 fuerunt
503 1228 558 1258 est
595 1228 631 1257 et
668 1232 754 1266 non,
787 1220 856 1255 sed
887 1226 1048 1266 oportet
1086 1228 1314 1265 supponere
1349 1228 1392 1252 ex
1426 1216 1502 1252 fide

185 1280 383 1317 catholica
417 1280 524 1328 quod
557 1279 617 1315 lex
649 1276 797 1315 Christi
836 1289 918 1313 non
956 1276 1006 1312 sit
1045 1275 1260 1323 superflua,
1303 1273 1500 1310 diminuta

183 1340 243 1375 vel
282 1338 397 1375 aliter
436 1336 650 1382 defectiva;
690 1343 851 1384 oportet
884 1347 977 1382 ergo
1009 1342 1052 1370 ut
1084 1334 1226 1370 fratres
1261 1340 1426 1369 caveant
1458 1341 1501 1368 ut

182 1409 378 1433 venenum
403 1408 451 1432 ne
473 1403 640 1443 propter
663 1393 925 1442 cupiditatem
954 1391 1240 1440 temporalium
1268 1391 1329 1427 vel
1358 1390 1499 1426 saltem

183 1468 231 1491 ne
278 1454 417 1502 pocius
466 1461 631 1501 propter
677 1464 815 1488 eorum
862 1450 1124 1498 cupiditatem
1169 1462 1290 1497 quam
1335 1457 1500 1497 propter

126 1524 166 1545 20
183 1513 352 1549 salutem
392 1519 629 1560 perpetuam
670 1509 810 1558 populi
842 1508 1051 1556 predicent
1082 1509 1247 1544 verbum
1282 1506 1366 1552 Dei,
1407 1506 1500 1555 quia

183 1579 277 1607 tunc
309 1569 472 1606 indubie
502 1577 594 1605 sunt
616 1566 780 1604 heretici
805 1575 988 1614 apostate
1012 1578 1034 1602 a
1055 1567 1140 1602 Deo
1165 1564 1500 1602 excommunicati

146 1638 148 1640 ’
184 1637 221 1665 et
252 1637 418 1677 propter
452 1626 686 1664 effusionem
719 1624 938 1673 spiritualis
970 1623 1109 1660 veneni
1148 1636 1228 1659 non
1268 1622 1500 1659 edificantes

182 1688 251 1723 sed
281 1685 528 1723 auditorium
555 1691 810 1721 venenantes.
844 1684 893 1719 Et
921 1682 998 1719 ista
1028 1681 1204 1718 creditur
1234 1693 1354 1717 causa
1378 1693 1501 1729 quare

183 1744 302 1781 hodie
327 1743 541 1780 multitudo
565 1754 797 1779 sermonum
821 1753 902 1777 non
925 1748 1083 1777 tantum
1107 1738 1267 1776 edificat
1290 1738 1500 1775 ecclesiam

127 1803 165 1835 25
182 1802 285 1839 sicut
328 1802 438 1838 olim.
490 1803 593 1838 Nam
638 1798 848 1848 supposito
893 1800 941 1835 de
985 1797 1166 1846 possibili
1212 1798 1319 1845 quod
1359 1796 1500 1833 fratres

182 1861 239 1897 sic
277 1860 438 1906 faciant,
478 1872 561 1895 non
599 1857 810 1894 indubium
850 1856 947 1905 quin
985 1856 1063 1893 sint
1100 1854 1322 1904 symoniaci
1361 1863 1501 1892 contra

183 1927 417 1967 preceptum
463 1916 627 1953 Domini
670 1916 811 1952 Matth.
851 1916 919 1962 XO,
960 1915 982 1951 8
1036 1913 1307 1963 predicantes:
1353 1914 1500 1961 Gratis,

184 1977 326 2025 inquit⁷
366 1975 578 2026 accepistis,
610 1974 740 2025 gratis
774 1974 872 2009 date.
918 1975 1000 2009 Nec
1039 1972 1302 2009 excluduntur
1341 1972 1438 2008 tales
1479 1985 1500 2008 a

183 2033 510 2083 prevaricacione
541 2032 673 2069 ultimi
705 2030 886 2068 mandati
920 2029 1102 2079 decalogi
1135 2030 1232 2079 quin
1262 2030 1499 2078 dampnabi-

124 2092 272 2129 301iter
295 2092 456 2140 capiant
479 2091 626 2136 aliena3
661 2098 698 2126 et
727 2089 758 2126 si
787 2089 953 2137 pallient
974 2089 1124 2126 factum
1149 2101 1263 2125 suum
1289 2089 1397 2136 quod
1420 2100 1500 2124 non

184 2150 462 2199 principaliter
494 2150 562 2186 sed
595 2149 725 2185 solum
750 2147 972 2184 accessorie
994 2148 1045 2183 ad
1067 2145 1284 2183 utilitatem
1309 2146 1500 2183 auditorii

185 2209 350 2257 capiunt
383 2209 489 2244 bona
520 2219 604 2253 sua,
640 2219 683 2243 ex
705 2206 812 2243 facto
836 2218 908 2242 suo
931 2213 1041 2254 patet
1065 2203 1338 2251 mendacium,
1367 2204 1499 2253 primo

184 2267 278 2315 quia
301 2267 400 2303 tales
429 2264 682 2314 predicantes
710 2265 917 2312 adaptant,
940 2276 1022 2300 non
1045 2263 1112 2312 qui
1136 2263 1262 2310 magis
1286 2262 1440 2299 sincere
1463 2271 1501 2299 et

183 2325 335 2361 utiliter
349 2337 395 2361 ac
409 2323 629 2372 prudenter
644 2322 822 2359 dicerent
836 2322 988 2371 populo
1003 2322 1167 2359 verbum
1186 2321 1270 2367 Dei,
1294 2322 1363 2357 sed
1385 2320 1499 2357 illum

127 2382 167 2415 35
185 2391 544 2432 quantumcunque
582 2380 904 2430 pseudofratrem
942 2379 1010 2428 qui
1049 2378 1251 2427 copiosius
1285 2388 1501 2427 congregat

184 2440 239 2478 eis
254 2441 361 2477 bona
374 2439 515 2489 populi
531 2439 594 2476 cui
608 2437 809 2488 predicat;
834 2439 943 2487 quod
964 2438 1203 2475 nullomodo
1226 2437 1403 2474 facerent
1424 2436 1500 2474 nisi

184 2499 529 2547 preponderarent
557 2497 675 2535 saluti
703 2496 844 2546 populi
872 2495 1114 2545 temporalia
1143 2507 1219 2545 que
1248 2495 1498 2546 perquirunt.

184 2656 189 2660 ἱ
254 2629 274 2656 1,
289 2628 316 2648 2.
331 2620 375 2648 D:
396 2620 467 2659 quia
487 2620 688 2659 evangelium.
773 2619 798 2647 3.
819 2619 888 2648 DE:
909 2627 979 2647 cum
1001 2619 1164 2655 scriptura.
1247 2618 1272 2647 5.
1293 2619 1338 2647 A:
1359 2623 1499 2647 versutas

182 2655 250 2695 illas
270 2660 385 2689 sectas;
405 2656 446 2683 1b.
463 2655 506 2682 D:
527 2654 743 2682 1ntroducendi
766 2655 859 2682 deest.
935 2663 976 2681 10.
997 2655 1042 2682 A:
1064 2662 1100 2681 ex
1120 2662 1222 2681 causa.
1297 2661 1334 2681 12.
1350 2655 1395 2682 A:
1417 2659 1498 2682 sunt.

183 2689 221 2718 13.
242 2690 310 2718 DE:
333 2690 404 2718 sint.
514 2698 555 2723 14.
576 2690 621 2717 A:
644 2690 689 2716 vel
712 2698 766 2716 sua
787 2689 939 2724 scriptura
960 2689 1054 2716 deest.
1159 2688 1194 2716 15.
1217 2689 1286 2716 DE:
1309 2689 1432 2716 credere
1453 2698 1497 2716 ex.

183 2733 222 2786 ἒξ·
243 2726 288 2787 ῑῗέἵ
315 2724 540 2794 gssggoggffi
549 2724 677 2794 ³q1331'nA
703 2724 732 2751 i¹¹
765 2732 889 2786 ⁸¹23&ss
910 2723 1341 2786 ῧοξῗᾶῗεωὲἓὲἐῗὲἓςῑῗὲῑδ
1371 2723 1497 2785 affin.

218 2780 224 2786 .
280 2782 284 2786 .
653 2781 658 2786 .
803 2780 842 2786 „.
1024 2766 1078 2786 *.:
1307 2767 1497 2786 smorca.

182 2793 226 2821 25.
246 2793 271 2821 E
291 2793 322 2821 in
343 2802 457 2829 marg:
480 2792 667 2821 Sermonum
689 2793 854 2820 multitudo
875 2794 948 2828 quid
969 2766 1052 2820 facitg.
1124 2792 1169 2820 28.
1187 2793 1257 2820 DE:
1279 2767 1379 2829 inqyuit
1398 2793 1492 2820 deest.

182 2835 197 2855 2
223 2850 230 2863 ‚
252 2827 299 2867 3⁰:
320 2828 361 2856 D:
383 2827 507 2864 quando
527 2828 775 2867 dampnabiliter.
858 2827 901 2856 32.
922 2829 952 2856 A
971 2827 1002 2855 in
1023 2835 1137 2863 marg:
1157 2827 1331 2863 Responsio
1351 2828 1492 2856 fratrum.

180 2861 196 2889 3
218 2884 224 2890 .
244 2863 274 2890 A
291 2871 323 2890 m
343 2871 456 2925 marfft
479 2862 642 2902 Oboeccm:
668 2862 753 2890 ADE
772 2862 803 2890 in
824 2870 938 2899 marg.:
961 2872 988 2896 ις
1017 2862 1042 2890 Ε
1061 2862 1092 2890 in
1113 2870 1228 2901 marg:
1249 2862 1373 2891 Fratres
1396 2862 1497 2898 predi-

180 2901 250 2924 cant
270 2901 395 2932 propter
426 2905 550 2931 uerum:
570 2897 611 2925 lb.
626 2898 671 2925 A:
692 2897 774 2933 quod
796 2897 880 2924 tales.
953 2896 996 2926 33.
1012 2898 1056 2925 A:
1101 2905 1151 2924 uin
1174 2897 1282 2932 magis.
1355 2896 1398 2925 35.
1421 2896 1494 2925 DE:

181 2931 406 2968 Quemcunque
424 2931 639 2967 pseudofrater
657 2932 715 2960 fuit
734 2931 902 2968 copiosius.
975 2931 1021 2961 315.
1043 2905 1111 2960 Dg:
1135 2931 1263 2960 bonum.

1560 1225 1626 1252 The
1647 1226 1703 1252 law
1725 1226 1758 1252 ot‘

1547 1260 1651 1287 Christ
1672 1260 1696 1287 is
1718 1265 1769 1287 not

1580 1295 1736 1322 defective.

1533 1573 1638 1612 Friars
1659 1574 1718 1601 aim
1741 1579 1769 1601 ut

1542 1616 1611 1642 gain
1634 1609 1662 1636 in
1685 1609 1763 1637 their

1564 1644 1740 1679 preaching.

1528 2164 1547 2183 1.
1568 2155 1655 2192 They
1676 2156 1789 2183 choosc

1544 2191 1593 2218 the
1615 2191 1777 2226 preacliers

1538 2226 1607 2253 who
1628 2230 1675 2261 get
1697 2230 1777 2253 most

1597 2269 1718 2297 money.
