1986 3380
222 247 358 276 SERMO
381 237 520 296 xxxa]
697 252 907 285 SECUNDA
937 252 989 283 ΡΑ
997 252 1060 284 RS.

217 358 334 395 alicui
387 360 536 407 populo
587 372 779 395 onerosus
829 371 900 395 nec
952 359 1047 395 talia
1099 359 1337 407 temporalia
1390 361 1527 408 populi

218 417 444 465 concupivit
489 419 556 453 sed
607 418 833 465 specialiter
883 418 1085 453 noscendo
1134 418 1259 465 plebis
1314 418 1527 454 avariciam

218 475 401 511 manibus
451 475 624 523 propriis
669 475 877 511 laboravit.
930 477 977 510 Et
1022 475 1174 511 utinam
1221 476 1361 512 fratres
1412 475 1527 512 istam

216 533 460 569 sentenciam
487 533 757 580 evangelicam
783 542 1077 569 conservarent.
1112 532 1292 569 Christus
1322 533 1425 569 enim
1449 546 1528 569 non

184 590 311 626 5dicit
345 591 485 639 dignus
525 600 581 626 est
624 591 829 627 mendicus
862 591 1015 627 validus
1048 591 1107 627 vel
1141 590 1277 627 ocians
1317 604 1338 627 a
1378 592 1528 639 populo

218 649 443 685 mendicare
481 650 547 685 sed
588 650 695 697 quod
735 649 876 698 dignus
915 656 970 684 est
1002 649 1205 697 operarius
1248 649 1423 685 mercede
1454 662 1529 697 que

215 708 331 743 debet
355 719 438 743 esse
466 719 534 742 sna
565 719 607 742 ex
631 706 823 754 dignitate
853 707 1042 754 recipere,
1069 715 1104 743 et
1134 706 1188 743 sic
1218 716 1302 743 tota
1331 707 1529 754 scriptura

213 764 369 800 videtur
414 777 483 812 per
528 773 732 812 apostatas
778 764 965 800 subverti.
1014 767 1165 801 Intrant
1204 774 1338 801 autem
1384 766 1527 801 domos

214 835 295 858 non
328 824 547 859 secundum
572 823 743 858 formam
777 822 868 858 ostii
901 822 968 870 qui
1002 831 1059 858 est
1083 823 1276 869 Christus,
1311 824 1379 859 sed
1413 835 1529 871 pene-

161 890 199 910 10
215 889 321 916 trant
360 882 502 916 domos
546 882 765 917 secundum
810 881 982 916 formam
1030 889 1212 928 apostate
1253 879 1312 930 (ut
1352 881 1530 929 loquitur

214 936 462 989 Apostolus).
489 941 625 987 Neque
649 938 752 975 enim
778 951 858 975 non
882 947 1044 986 portant
1067 951 1202 986 peram
1229 951 1300 975 nec
1324 939 1529 975 sacculum

214 1004 256 1031 ut
296 996 476 1032 Christus
516 996 698 1045 precipit,
739 997 807 1033 sed
846 1005 988 1044 gerunt
1026 1009 1227 1042 carucam,
1273 1009 1433 1033 saccum
1480 998 1529 1033 ad

213 1055 511 1091 subvehendum
559 1054 748 1103 quicquid
795 1056 842 1090 de
888 1054 1028 1102 rapina
1072 1055 1304 1103 perquirere
1349 1063 1528 1103 possunt.

213 1112 389 1149 Calceati
422 1125 516 1149 vero
555 1122 645 1149 sunt
676 1113 737 1149 vel
769 1121 977 1161 tamquam
1010 1112 1190 1160 ypocrite
1222 1114 1283 1149 vel
1321 1122 1527 1162 tamquam

159 1169 386 1206 ¹5mendici
416 1170 537 1207 validi
566 1171 660 1207 satis
693 1170 942 1219 pompatice3
977 1171 1151 1207 salutant
1183 1180 1316 1207 autem
1349 1184 1420 1219 per
1447 1170 1529 1207 vias

211 1230 431 1265 secundum
477 1229 784 1277 negociaciones
830 1237 867 1265 et
913 1228 1084 1265 ludicria
1128 1238 1209 1265 tam
1255 1229 1360 1266 viros
1407 1242 1527 1278 quam

211 1286 392 1333 feminas,
410 1299 482 1323 nec
498 1300 638 1335 pacem
659 1289 872 1323 domorum
892 1299 988 1335 quas
1012 1296 1223 1335 penetrant
1242 1287 1527 1335 imprecantur,

216 1357 305 1380 cum
339 1344 522 1393 rapinam
558 1358 633 1394 que
667 1354 724 1381 est
756 1345 867 1381 radix
900 1344 1157 1381 dissensionis
1191 1346 1399 1382 hominum
1433 1345 1529 1382 satis

214 1402 343 1439 valide
367 1412 403 1439 et
427 1403 569 1440 callide
594 1412 775 1440 exercent
799 1403 839 1439 in
867 1415 1082 1451 pauperes:
1113 1412 1149 1439 et
1173 1403 1264 1439 hinc
1287 1406 1343 1449 (ut
1369 1404 1529 1452 quibus-

157 1468 199 1490 20
215 1461 305 1496 dam
338 1461 510 1507 videtur)
543 1474 623 1498 non
655 1460 867 1509 apostolici
900 1462 967 1497 sed
1002 1461 1214 1509 apostatici
1244 1470 1334 1498 sunt
1358 1461 1529 1498 dicendi.

272 1519 349 1555 Sed
394 1519 497 1556 circa
537 1519 720 1569 quintum
767 1519 902 1568 iugum
950 1520 1057 1567 quod
1104 1528 1160 1555 est
1204 1519 1306 1556 inter
1345 1519 1530 1556 dominos

213 1578 412 1613 seculares
453 1587 490 1614 et
531 1590 622 1614 suos
662 1590 795 1614 servos
829 1586 1007 1614 tenentes
1041 1578 1239 1614 hortanda
1272 1587 1328 1614 est
1361 1587 1531 1626 utraque

212 1647 304 1682 pars
349 1636 399 1672 ad
444 1635 746 1672 observanciam
794 1635 983 1672 caritatis.
1034 1635 1195 1671 Domini
1241 1636 1344 1672 enim
1387 1638 1531 1672 debent

212 1701 386 1730 tractare
425 1707 516 1731 suos
557 1694 738 1730 subditos
777 1703 985 1742 tamquam
1024 1694 1166 1729 fratres
1205 1693 1244 1729 in
1279 1694 1452 1731 Domino
1495 1702 1531 1730 et

156 1750 195 1781 25
213 1750 336 1787 nichil
374 1752 504 1789 facere
550 1752 670 1789 servis
716 1752 795 1788 suis
840 1751 915 1788 nisi
957 1753 1065 1800 quod
1112 1752 1303 1788 deberent
1343 1761 1531 1800 appetere

212 1809 285 1845 sibi
320 1809 403 1846 fieri
433 1810 472 1846 in
502 1823 595 1847 casu
625 1809 837 1847 consimili.
872 1810 1019 1846 Omnia
1049 1809 1152 1846 enim
1184 1823 1307 1858 opera
1330 1810 1531 1847 viancium

213 1868 357 1904 debent
405 1867 489 1905 fieri
537 1881 579 1905 ex
626 1881 777 1915 amore,
816 1869 920 1904 unde
961 1869 1010 1904 ad
1050 1868 1150 1904 Coll.
1183 1869 1266 1914 ΙΨ),
1297 1881 1328 1904 1:
1374 1869 1534 1904 Domini

212 1927 314 1973 quod
350 1927 488 1963 iustum
529 1935 584 1963 est
622 1935 657 1963 et
696 1939 830 1975 equum
870 1927 994 1962 servis
1026 1933 1213 1975 premam,
1251 1927 1411 1963 scientes
1443 1927 1529 1975 quia

211 1991 246 2019 et
274 1996 341 2020 vos
364 1985 572 2021 Dominum
607 1985 752 2021 habetis
783 1985 819 2020 in
851 1985 944 2021 celo.
980 1985 1094 2021 Unde
1126 1986 1406 2032 postponenda
1436 1993 1528 2020 sunt

153 2039 196 2072 30
214 2042 408 2079 miracula
448 2052 729 2080 momentanea
770 2052 806 2079 et
846 2041 1110 2078 infundabilia
1150 2042 1189 2077 in
1229 2042 1303 2079 ista
1342 2042 1525 2089 materia,

211 2113 302 2137 cum
333 2110 484 2138 certum
515 2101 564 2138 sit
593 2114 635 2138 ex
667 2101 743 2138 fide
767 2103 875 2150 quod
899 2100 1050 2137 domini
1083 2113 1164 2136 non
1187 2101 1331 2137 debent
1353 2109 1526 2138 tractare

210 2171 343 2196 servos
367 2173 459 2196 suos
482 2159 557 2196 nisi
580 2159 619 2196 in
643 2159 809 2196 caritate
832 2167 868 2195 et
893 2158 1122 2195 defensione
1146 2160 1279 2207 quoad
1305 2161 1528 2196 mundanas

210 2217 502 2266 repugnancias
542 2230 587 2254 ac
628 2217 856 2254 direccione
894 2216 955 2253 vie
995 2218 1044 2253 ad
1084 2216 1271 2265 patriam.
1324 2218 1438 2254 Unde
1478 2218 1528 2254 ad

211 2277 354 2323 Ephes.
384 2278 469 2322 V10‚
502 2289 523 2323 9
564 2275 728 2312 dicitur:
777 2276 850 2311 Vos
895 2275 1040 2311 domini
1082 2276 1213 2311 eadem
1243 2275 1370 2323 facite
1407 2275 1531 2311 servis

155 2329 362 2380 35vestris,
407 2335 641 2370 remittentes
686 2334 821 2381 minas,
865 2334 1024 2369 scientes
1068 2334 1169 2382 quod
1217 2340 1253 2368 et
1295 2333 1451 2369 illorum
1496 2341 1531 2369 et

211 2400 337 2428 vester
370 2393 559 2429 Dominus
596 2400 652 2428 est
689 2392 725 2427 in
768 2392 858 2428 celis
895 2399 930 2427 et
956 2404 1216 2440 personarum
1250 2391 1424 2441 accepcio
1457 2403 1529 2427 non

280 2570 300 2590 1.
320 2563 365 2589 A:
388 2562 502 2590 oneris.
569 2570 602 2589 11.
624 2562 668 2589 A:
691 2570 788 2597 neque
810 2569 881 2589 non.
958 2569 995 2589 12.
1018 2561 1059 2588 D:
1081 2565 1191 2596 gerunt
1210 2569 1369 2594 carneam:
1395 2561 1435 2588 ib.
1458 2560 1528 2588 DE:

210 2602 241 2624 et
260 2601 384 2624 statum.
483 2606 524 2631 14.
544 2598 589 2624 A:
612 2600 683 2624 sunt
702 2601 734 2623 ut
755 2597 902 2632 ypocrite.
1003 2596 1043 2623 18.
1064 2596 1133 2624 DE:
1157 2596 1275 2631 rapina.
1368 2604 1410 2631 19.
1431 2596 1476 2623 A:
1498 2600 1530 2623 ut

210 2640 372 2668 pauperes.
515 2640 554 2659 21.
575 2631 643 2659 DE:
681 2632 761 2658 circa
790 2632 890 2665 deest:
920 2631 960 2659 ib.
981 2631 1037 2658 ΑΕ
1062 2632 1092 2658 in
1120 2639 1234 2665 marg:
1255 2631 1285 2664 5:
1316 2631 1340 2658 D
1362 2631 1392 2658 in
1413 2639 1528 2665 marg:

244 2667 363 2694 uintum
384 2667 501 2702 iugum.
656 2674 701 2694 22.
723 2666 747 2693 E
767 2666 796 2693 in
820 2674 934 2701 marg:
964 2666 1075 2701 Jugum
1098 2666 1176 2693 iuter
1197 2665 1342 2693 dominos
1363 2669 1391 2692 et
1411 2674 1527 2692 servos.

210 2709 225 2728 2
246 2723 252 2728 .
274 2702 318 2728 De
338 2710 390 2729 sex
410 2702 505 2738 iugis:
528 2705 716 2737 appeterent.
824 2701 872 2728 26.
893 2701 967 2728 AD:
989 2700 1052 2728 fieri
1074 2701 1168 2728 deest.
1277 2700 1322 2728 28.
1344 2701 1388 2727 A:
1411 2708 1528 2727 servus.

212 2744 259 2769 20,
281 2735 326 2764 30.
354 2736 444 2764 Recte
464 2737 508 2764 De
529 2746 581 2764 sex
601 2737 695 2771 iugis:
727 2736 945 2771 Postponenda
975 2740 1045 2762 sunt
1074 2736 1140 2762 iura
1171 2735 1272 2762 civilia
1302 2739 1527 2762 momentanea.

213 2769 252 2798 31.
273 2773 318 2799 A:
339 2771 422 2806 quod
443 2771 579 2799 demum.

285 2890 336 2911 21.
365 2879 416 2911 Cf.
444 2879 494 2911 De
521 2889 582 2911 sex
608 2879 710 2921 iugis,
738 2889 812 2922 cap.
832 2879 873 2910 V.

1738 258 1757 283 ω

1769 248 1784 283 ’,Α

1558 1528 1624 1555 The
1645 1529 1707 1555 fifth
1730 1530 1819 1564 yokc,

1566 1564 1699 1590 between
1722 1564 1808 1590 Iords

1610 1598 1668 1625 and
1690 1599 1768 1625 their

1617 1632 1759 1664 subjects.

1571 1993 1671 2021 Lords
1694 1999 1746 2021 not
1767 1999 1797 2021 to

1573 2028 1663 2056 insist
1684 2029 1804 2065 strictly

1549 2071 1588 2090 on
1614 2064 1688 2098 legal
1712 2064 1821 2099 rights.
