1986 3380
198 304 262 346 ζῆ
772 313 994 343 ionissis
1014 312 1194 343 nterii-
1215 313 1468 343 SliRMoNth
1504 299 1655 356 §.smum
1679 311 1783 338 Nm!-

475 418 737 465 personaliter
779 418 859 465 ipse
900 418 1093 455 Christus,
1136 417 1236 454 sicut
1276 431 1346 454 nec
1381 418 1562 454 Christus
1602 428 1659 455 est
1701 433 1786 467 per-

473 476 663 512 sonaliter
716 478 818 511 Deus
877 485 1000 523 pater,
1053 477 1118 511 sed
1171 475 1272 512 sicut
1325 476 1520 524 recipiens
1571 490 1784 525 personam

474 534 646 570 hominis
698 542 988 581 consequenter
1044 533 1183 580 recipit
1235 533 1317 570 eius
1370 536 1561 572 membra.
1615 534 1669 571 sic
1721 535 1788 583 qui

474 592 675 628 Christum
717 591 857 639 recipit
897 591 977 627 sive
1018 591 1281 640 persequitur,
1323 601 1614 640 consequenter
1648 592 1788 641 recipit

472 651 532 686 vel
573 649 825 698 persequitur
867 649 949 685 eius
984 650 1177 685 membra.
1213 650 1326 685 Unde
1355 651 1441 686 Act.
1472 651 1556 695 1X0‚
1581 663 1605 696 4
1632 650 1822 687 Veritas5

195 719 290 758 mci-v
312 717 450 757 member
473 707 567 744 dicit
594 708 733 744 Paulo:
759 707 887 751 Saule,
911 707 1039 753 Saule,
1072 708 1162 755 quid
1194 720 1252 743 me
1278 708 1548 757 persequeris}
1584 709 1696 745 Unde
1729 712 1787 748 (ut

195 749 446 815 ””ἳ”1ῑ’,ζζῗιῐῃίῗ“’
472 767 609 802 volunt
633 765 812 813 quidam)
845 765 946 801 sicut
980 764 1114 801 anima
1137 773 1302 801 aetuans
1327 778 1609 814 quamcunque
1632 775 1787 814 partem

264 823 377 850 (jlirist.
474 823 638 860 humani
679 822 860 870 corporis
901 836 971 870 per
1015 835 1056 859 se
1101 822 1331 871 possibilem
1379 823 1507 871 ipsam
1555 823 1788 861 denominat

475 881 694 918 formaliter
734 893 816 917 esse
856 880 985 928 ipsum
1028 880 1244 927 hominem,
1286 880 1341 917 sic
1382 890 1437 917 est
1478 883 1524 918 de
1559 881 1717 918 Christo
1752 891 1787 918 et

474 952 643 987 corpore
701 951 772 975 suo
829 938 987 974 mistico
1040 941 1147 987 quod
1199 948 1255 975 est
1306 939 1485 976 ecclesia.
1546 941 1631 987 Ipse
1681 940 1845 976 enimio

473 998 776 1045 quodammodo
806 996 1039 1033 denominat
1069 997 1337 1045 quodcunque
1368 999 1591 1033 membrum
1624 997 1788 1034 ecclesie

474 1068 556 1091 esse
590 1055 791 1091 Christum
835 1063 871 1090 et
906 1054 1087 1102 quamvis
1127 1055 1307 1091 Christus
1347 1064 1383 1091 et
1422 1065 1534 1103 pater
1573 1068 1666 1091 suus
1707 1069 1787 1092 non

473 1114 521 1148 sit
546 1115 684 1149 eadem
720 1125 891 1160 persona
923 1114 990 1148 sed
1025 1113 1162 1149 eadem
1198 1113 1438 1158 substancia,
1471 1122 1605 1150 tamen
1640 1113 1787 1162 impos-

473 1171 584 1207 sibile
633 1180 688 1207 est
734 1183 977 1218 quemquam
1024 1183 1093 1218 per
1138 1171 1313 1219 graciam
1361 1171 1562 1207 Christum
1612 1171 1787 1220 recipere

473 1229 544 1265 nisi
594 1242 639 1265 eo
687 1229 773 1277 ipso
820 1228 986 1276 recipiat
1019 1228 1273 1265 Trinitatem.
1328 1231 1372 1265 Et
1412 1238 1519 1276 patet
1567 1242 1608 1265 ex
1656 1229 1844 1266 divinati

472 1287 673 1335 sapiencia
718 1296 753 1323 et
800 1299 842 1322 ex
888 1286 1019 1323 divina
1066 1287 1347 1323 benevolencia
1387 1289 1492 1336 quod
1534 1300 1693 1324 necesse
1733 1297 1790 1324 est

475 1346 698 1381 membrum
754 1345 898 1380 Christi
953 1344 991 1380 in
1043 1345 1332 1393 temporalibus
1384 1355 1576 1393 quantuni
1635 1346 1789 1394 expedit

473 1403 664 1440 adiuvari.
691 1402 728 1439 Si
755 1402 859 1439 enim
885 1415 965 1438 non
989 1412 1119 1451 potest
1143 1403 1181 1439 in
1206 1403 1318 1439 bonis
1342 1403 1574 1451 pocioribus
1599 1403 1789 1440 membris

472 1461 551 1497 suis
598 1461 780 1503 deficere,
829 1462 1035 1509 quomodo
1082 1461 1270 1497 deficeret
1311 1461 1349 1497 in
1390 1461 1504 1497 bonis
1546 1461 1788 1499 minoribus}

474 1522 552 1555 Nec
592 1528 699 1555 caret
739 1531 873 1555 servus
908 1518 1053 1555 Christi
1096 1519 1347 1555 benefaciens
1380 1519 1647 1556 retribucione
1688 1533 1789 1556 mer·
1806 1533 1847 1555 20

473 1577 592 1621 cedis,
639 1577 732 1625 quia
771 1578 835 1626 qui
873 1577 1007 1626 recipit
1048 1579 1280 1626 prophetam
1327 1578 1362 1613 in
1408 1579 1558 1614 nomine
1598 1579 1788 1627 prophete

473 1636 686 1671 mercedem
717 1636 908 1684 prophete
939 1635 1109 1684 accipiet.
1157 1634 1271 1671 Multi
1313 1635 1417 1672 enim
1460 1636 1657 1684 recipiunt
1696 1649 1787 1684 pro-

474 1694 613 1741 phetas
648 1695 719 1729 suli
755 1693 915 1730 racione
948 1693 1007 1729 vel
1041 1693 1204 1730 nomine
1238 1693 1548 1742 discipulorum3
1584 1694 1673 1730 ideo
1697 1706 1786 1730 cum

474 1751 647 1788 intencio
673 1760 780 1788 recta
797 1752 855 1787 vel
881 1751 1043 1799 obliqua
1067 1752 1208 1788 debeat
1234 1751 1436 1789 hominem
1464 1751 1653 1793 iudicare,
1680 1760 1787 1799 patet

474 1822 592 1857 quam
630 1810 847 1858 prudenter
881 1809 1061 1845 Christus
1102 1809 1274 1846 inculcat
1313 1809 1487 1846 activum
1521 1811 1664 1846 debere
1698 1823 1788 1858 pro-
1807 1814 1840 1846 23

474 1869 633 1915 phetam
676 1867 713 1903 in
755 1867 916 1903 nominc
955 1868 1013 1903 vel
1060 1867 1219 1903 racione
1267 1869 1459 1915 prophete
1506 1867 1693 1915 recipere.
1742 1870 1788 1903 Et

474 1927 692 1961 secundum
735 1925 851 1961 istum
895 1926 1070 1961 colorem
1114 1927 1417 1973 quodammodo
1452 1934 1689 1962 excusantur
1722 1925 1786 1974 qui

476 1981 671 2031 recipiunt
695 1992 899 2031 apostatas
924 1984 1124 2019 credendo
1148 1983 1256 2031 ipsos
1281 1996 1363 2019 esse
1383 1983 1529 2019 Christi
1554 1983 1784 2032 discipulos.

475 2041 655 2089 quamvis
689 2040 1000 2077 examinacionis
1037 2041 1186 2077 desidia
1222 2041 1345 2089 possit
1376 2041 1483 2089 ipsos
1513 2042 1642 2078 facere
1671 2042 1788 2089 culpa

475 2099 628 2147 dignos,
664 2108 699 2135 et
733 2099 787 2135 sic
822 2101 869 2135 de
894 2099 1128 2147 recepcione
1152 2099 1242 2135 iusti
1268 2101 1339 2135 sub
1364 2099 1523 2135 racione
1548 2112 1625 2147 qua
1650 2099 1787 2135 iustus.
1804 2103 1846 2134 ‘50

187 2171 313 2199 lte-uard
336 2171 452 2197 orn-112-
533 2158 581 2192 I'Jt
606 2157 814 2206 quicunque
838 2165 972 2205 polum
1003 2157 1151 2193 dederit
1183 2157 1248 2192 uni
1268 2169 1318 2193 ex
1341 2157 1506 2193 minimis
1528 2157 1609 2193 istis
1631 2158 1786 2194 calicem

277 2207 364 2233 ²¹¹⁰*
473 2227 568 2263 aque
585 2215 745 2265 frigide
767 2223 913 2250 lantum
938 2216 972 2250 in
997 2215 1145 2250 nomine
1174 2215 1370 2264 discipuli:
1403 2216 1521 2251 Amen
1551 2216 1637 2250 dico
1671 2215 1788 2258 vobis,

474 2286 545 2308 mm
565 2274 703 2322 perdet
727 2274 941 2310 mercedem
964 2285 1084 2309 suam.
1121 2275 1173 2308 Ex
1196 2285 1274 2321 quo
1299 2273 1483 2310 catholici
1508 2272 1603 2310 satis
1627 2272 1789 2309 eliciunt

474 2332 580 2379 quod
611 2331 839 2379 quicunque
868 2330 996 2368 viator
1025 2330 1144 2367 alicui
1174 2330 1319 2367 Christi
1344 2330 1540 2379 discipulo
1569 2332 1788 2367 secundum

473 2388 676 2425 racionem
718 2389 891 2426 debitam
932 2388 1475 2437 dederitquantumcunque
1514 2401 1678 2437 parvam
1713 2390 1789 2425 ele·
1806 2392 1845 2424 35

475 2459 682 2494 mosynarn
735 2447 987 2495 corporalem
1041 2446 1071 2483 si
1117 2459 1197 2483 non
1242 2456 1365 2495 ponat
1408 2447 1578 2493 obicem,
1623 2446 1789 2495 recipiet

474 2504 760 2541 beatitudinem
796 2518 869 2553 pro
903 2506 1098 2542 mercede.
1133 2506 1220 2541 Non
1250 2504 1354 2541 enim
1387 2504 1557 2553 pertinet
1585 2517 1786 2541 summum

473 2562 647 2611 logicum
693 2562 912 2611 intelligere
956 2562 1181 2611 negativam
1227 2562 1259 2599 si
1305 2575 1386 2599 non
1431 2561 1668 2600 affirmative
1713 2575 1786 2611 pro

475 2622 657 2657 mercede
702 2629 906 2669 perpetua.
960 2623 1048 2657 Non
1094 2620 1198 2657 enirn
1246 2622 1357 2657 decet
1401 2629 1482 2657 tarn
1529 2619 1785 2669 magnificum

544 2740 562 2759 ι.
585 2731 608 2759 D
631 2731 659 2758 in
683 2739 796 2765 marg:
826 2730 885 2766 Qni
915 2730 1019 2766 recipit
1040 2731 1154 2759 Christi
1183 2730 1368 2765 discipulum
1400 2739 1522 2759 necesse
1542 2735 1587 2758 cst
1609 2735 1640 2758 nt
1661 2731 1785 2767 recipiat

474 2766 631 2794 Christum
654 2771 680 2793 ct
702 2770 796 2793 totam
818 2765 1012 2793 Trinitatem.
1122 2775 1140 2796 ι.
1164 2766 1231 2793 tili.-
1255 2765 1298 2792 xc}
1342 2766 1531 2801 ci·scq11itui·;
1563 2766 1601 2793 ib.
1624 2765 1693 2793 DE:
1715 2774 1785 2793 con-

474 2810 503 2828 se
529 2805 633 2828 ncntcr
654 2801 748 2837 deest.
822 2800 849 2826 13.
873 2800 896 2828 t)
918 2800 946 2828 in
970 2809 1083 2834 marga
1105 2800 1195 2828 Nota.
1270 2809 1298 2832 o.
1337 2800 1389 2828 ih:
1414 2809 1472 2827 non
1496 2801 1609 2835 ipsum.
1686 2799 1722 2828 13.
1739 2800 1784 2828 D:

474 2844 504 2863 se
547 2844 624 2863 euni.
718 2840 759 2862 io.
780 2835 823 2862 A:
846 2843 876 2861 sa
889 2835 999 2862 iicncia
1020 2850 1053 2854 -—
1073 2835 1175 2863 divina
1198 2835 1293 2862 deest.
1394 2843 1434 2871 ¹9-
1459 2835 1499 2862 li:
1524 2835 1614 2863 bonis
1635 2835 1784 2863 moribus.

474 2878 518 2898 20.
541 2871 584 2898 A:
607 2870 781 2897 retribuere.
856 2877 898 2897 2..
921 2871 963 2897 A:
986 2869 1186 2898 dis-solorum.

545 2941 596 2963 21.
624 2931 787 2962 Matthaei
817 2931 856 2969 X,
882 2940 937 2972 4¹·
1039 2930 1091 2962 31.
1119 2930 1160 2961 ib
1189 2940 1243 2973 μ.
