1986 3380
154 311 226 346 106
732 314 954 347 JOHANNIS
973 312 1156 344 WYciiir
1174 311 1430 344 SERMONUM
1504 296 1660 353 [SERMO
1683 306 1747 335 xv-

435 438 526 462 nam
561 431 738 474 apertum
772 429 826 458 est
859 420 960 457 illico
993 432 1035 456 os
1067 420 1146 456 eius
1179 426 1213 456 et
1252 419 1384 469 lingua
1420 425 1454 453 et
1487 417 1750 467 magnificavit

435 493 641 531 tamquam
667 480 934 528 rectiloquens
958 479 1083 514 Deum
1107 490 1236 513 suum.
1262 477 1467 524 Organum
1493 474 1597 511 enim
1622 474 1750 511 cuius-

436 553 592 589 cunque
615 539 747 576 taliter
770 536 983 585 gratificati
1007 537 1123 572 debet
1147 537 1195 572 ad
1220 536 1378 571 laudem
1397 532 1559 569 Domini
1583 532 1749 580 aperiri;

436 612 527 636 nam
561 599 780 634 secundum
815 595 1077 643 philosophos
1104 592 1399 630 contrariorum
1431 590 1632 627 contrarie
1661 599 1750 626 sunt

436 670 567 695 cause.
606 668 695 692 cum
736 652 1014 690 discredulitas
1053 652 1102 688 sit
1142 650 1384 700 principium
1425 648 1634 693 mutitatis,
1669 652 1784 684 cre-5

437 715 582 751 dulitas
606 726 696 750 cum
726 712 876 748 lumine
906 710 1089 747 miraculi
1112 708 1348 745 illustrantis
1372 709 1488 744 debet
1512 719 1594 743 esse
1623 705 1752 742 laudis

437 771 699 822 principium3
734 779 770 806 et
795 778 903 818 patet
926 770 1034 817 quod
1059 769 1205 804 demon
1229 768 1371 803 surdus
1396 775 1433 802 et
1456 774 1590 801 mutus
1613 763 1680 813 qui
1702 765 1752 800 ab

438 831 578 867 effectu
590 829 735 865 dicitur
746 840 864 876 quem
875 826 1016 863 facitin
1027 825 1443 874 hominepreoccupat
1454 822 1572 859 nimis
1588 822 1748 859 multos.

161 895 325 934 Zacharias
345 895 403 922 and
494 890 543 924 Et
572 897 667 923 nota
697 887 802 934 quod
835 884 1041 922 moraliter
1068 883 1282 920 Zacharias
1311 891 1348 919 et
1378 881 1583 918 Elizabeth
1615 879 1751 929 sponsi

148 931 413 992 ὴὲῖ-Ῑῧρὶῖξῇῑιξῐῐζῇῗ
438 947 656 983 concordes
691 944 863 992 figurant
897 942 1050 979 mistice
1083 941 1285 979 Christum
1322 950 1358 977 et
1392 939 1600 976 ecclesiam
1634 950 1751 987 spon·
1773 951 1811 973 io

173 1000 229 1027 His
250 999 385 1028 chun-ch.
436 1017 521 1041 sam
556 1016 682 1040 suam.
723 1005 824 1039 Nam
849 1001 1029 1038 Christus
1061 1000 1272 1037 scribendo
1305 998 1474 1047 explicat
1506 998 1751 1033 voluntatem

437 1076 550 1100 suam
580 1060 838 1098 iustissimam
870 1061 916 1096 de
946 1059 1029 1107 lege
1059 1059 1097 1095 in
1122 1071 1199 1107 qua
1224 1067 1279 1094 est
1304 1056 1450 1104 gracia,
1474 1065 1516 1092 ut
1538 1057 1752 1095 Johanncs,

439 1130 475 1157 et
520 1120 726 1156 Elizabeth
774 1127 981 1166 tamquam
1029 1126 1155 1153 mater
1201 1114 1368 1152 ecclesia
1412 1113 1670 1150 consenciens
1715 1112 1754 1148 in

439 1180 607 1215 eandem
642 1176 885 1214 sentenciam
921 1184 1036 1212 acute
1068 1183 1186 1221 negat
1221 1183 1303 1210 tam
1338 1171 1581 1209 tradiciones
1613 1170 1755 1207 veteris

439 1249 559 1285 quam
584 1237 701 1272 rudes
724 1233 990 1270 infundabiles
1020 1230 1024 1284 Ι
1052 1232 1267 1276 novitates3
1292 1242 1542 1279 nequaquam,
1557 1228 1753 1277 inquiens,
1771 1208 1853 1289 15:122,

440 1295 654 1330 Zacharias
687 1292 886 1329 vocabitur
919 1290 1137 1327 christiana
1169 1289 1308 1336 religio
1341 1290 1409 1325 sed
1430 1288 1637 1331 Johannes,
1660 1286 1754 1334 quia
1797 1294 1803 1298 “

440 1353 525 1400 ipsa
564 1361 620 1388 est
659 1364 726 1387 vas
765 1350 805 1386 in
844 1362 921 1398 qua
962 1358 1018 1385 est
1051 1349 1185 1396 gracia
1216 1348 1277 1384 vel
1310 1347 1349 1383 in
1382 1345 1663 1394 predicacione
1694 1345 1755 1381 vel

441 1411 660 1447 secundum
681 1407 899 1445 essenciam
919 1407 991 1443 Dei
1010 1406 1145 1453 gracia
1164 1406 1202 1442 in
1222 1407 1438 1442 abstracto.
1458 1405 1506 1439 Et
1526 1416 1615 1440 cum
1635 1402 1754 1438 nimis

442 1467 555 1504 multi
590 1466 772 1504 montani
801 1465 973 1515 proximi
1005 1465 1215 1501 cousulant
1246 1464 1351 1512 quod
1383 1461 1522 1510 religio
1546 1470 1683 1498 nostra
1706 1460 1754 1496 sit

440 1525 667 1567 Zacharias,
699 1525 793 1573 quia
823 1536 1053 1560 memorans
1085 1522 1301 1559 Dominum
1334 1520 1486 1556 ruditer
1517 1528 1553 1555 et
1582 1518 1753 1565 sinistre,
1772 1531 1813 1552 20

442 1593 549 1632 patet
585 1584 691 1632 quod
725 1592 815 1619 sunt
849 1580 1063 1619 adulterini
1097 1579 1166 1616 filii
1200 1593 1221 1617 a
1255 1579 1441 1627 dyabolo,
1474 1590 1556 1614 non
1590 1578 1638 1613 ab
1672 1576 1756 1613 istis

442 1641 678 1689 coniugibus
695 1639 908 1689 procreati.
928 1638 984 1675 Illi
1002 1638 1106 1675 enim
1124 1647 1214 1674 sunt
1228 1637 1434 1688 generacio
1449 1636 1627 1672 adultera
1643 1635 1755 1685 signa

440 1713 622 1749 quereum
652 1712 733 1735 non
768 1698 873 1736 enirn
907 1709 1047 1733 omnes
1077 1696 1144 1745 qui
1176 1696 1360 1733 videntur
1393 1706 1475 1731 esse
1509 1695 1557 1730 de
1590 1692 1757 1729 ecclesia

441 1768 531 1795 sunt
561 1758 643 1795 eius
672 1757 742 1793 filii
771 1758 839 1793 sed
870 1755 985 1792 multi
1015 1756 1063 1791 de
1092 1753 1258 1791 ecclesia
1289 1752 1601 1800 malignancium
1624 1751 1756 1799 proles

441 1815 615 1865 dyaboli,
641 1815 752 1852 cuius
775 1814 968 1851 indicium
993 1822 1049 1849 est
1072 1814 1179 1861 quod
1199 1825 1221 1849 a
1237 1811 1397 1849 Christo
1420 1822 1567 1858 sponso
1591 1808 1755 1846 ecclesie
1773 1811 1811 1843 αὖ

442 1875 481 1911 in
516 1875 600 1922 lege
636 1874 696 1910 vel
733 1872 911 1910 moribus
946 1881 1153 1920 tamquam
1189 1871 1370 1906 membra
1401 1868 1524 1905 Belial
1559 1876 1649 1904 sunt
1679 1866 1756 1903 dis-

442 1934 602 1977 cordes;
642 1944 722 1968 non
761 1931 866 1968 enim
900 1929 1037 1966 dicunt
1071 1942 1160 1966 cum
1194 1928 1400 1965 Elizabeth
1435 1936 1471 1963 et
1503 1938 1651 1975 sponso
1683 1938 1755 1961 suo

442 1989 709 2035 concorditer,
744 2001 980 2038 nequaquam
1012 1988 1081 2025 sed
1113 1986 1313 2024 vocabitur
1342 1986 1556 2029 Jolzan›1es;
1586 1985 1692 2020 unde
1725 1983 1755 2019 si

442 2051 547 2086 Deus
581 2048 716 2085 iuvare
747 2046 918 2084 voluerit
950 2058 1063 2083 suam
1098 2044 1321 2089 ecclesiam,
1361 2044 1488 2080 factus
1528 2041 1601 2079 erit
1633 2041 1756 2078 timor

442 2120 561 2155 super
584 2106 762 2154 singulos
786 2105 889 2142 filios
915 2103 1087 2152 dyaboli,
1105 2103 1195 2140 licet
1220 2102 1309 2139 filiis
1332 2100 1498 2139 ecclesie
1520 2100 1598 2137 sint
1620 2098 1754 2141 vicini,
1772 2102 1814 2134 30

443 2174 480 2202 et
519 2176 639 2213 super
679 2175 818 2200 omnes
857 2163 1034 2211 prelatos
1074 2161 1140 2210 qui
1181 2169 1271 2198 sunt
1304 2168 1495 2197 montana
1526 2159 1650 2194 Judee
1683 2157 1756 2194 erit

443 2235 513 2271 per
536 2222 608 2259 Dei
637 2221 812 2270 graciam
845 2221 920 2257 ista
949 2219 1153 2257 sentencia
1183 2219 1398 2267 divulgata,
1429 2226 1465 2254 et
1488 2225 1583 2253 tunc
1607 2224 1756 2264 ponent

443 2280 483 2317 in
523 2282 643 2318 corde
682 2293 754 2316 suo
793 2288 875 2316 tam
915 2278 1009 2315 boni
1049 2290 1169 2327 quam
1211 2276 1318 2313 mali.
1365 2275 1462 2322 Quis
1501 2283 1618 2323 putas
1656 2275 1756 2310 ordo

443 2339 516 2375 erit
549 2338 622 2375 iste
656 2350 754 2386 pure
788 2337 991 2386 regulatus
1024 2337 1243 2372 secundum
1278 2335 1405 2382 legem
1441 2331 1628 2370 Domini?
1661 2344 1754 2368 nam

443 2409 630 2433 corruere
662 2404 793 2445 potest
826 2404 862 2432 et
892 2393 1113 2442 decapitari
1142 2394 1360 2430 secundum
1392 2404 1483 2428 suas
1516 2388 1756 2427 cerimonias
1773 2390 1813 2424 35

445 2467 534 2491 cum
557 2455 751 2499 Johanne,
783 2455 851 2490 sed
880 2452 1046 2489 omnino
1070 2450 1242 2499 extingui
1272 2463 1354 2487 non
1377 2458 1508 2498 potest
1537 2448 1753 2485 secundum

445 2525 535 2549 suas
559 2512 732 2549 morales
756 2510 1010 2555 cerimonias,
1042 2522 1131 2546 cum
1157 2509 1206 2545 sit
1236 2507 1375 2556 religio
1403 2506 1533 2556 prima
1562 2514 1598 2542 et
1627 2504 1757 2541 novis-

444 2569 546 2607 sima
581 2579 618 2606 et
650 2569 906 2618 sempiterna.
941 2567 1098 2604 Etenim
1132 2566 1327 2604 fortitudo
1360 2564 1562 2614 operatrix
1593 2562 1756 2599 Domini

445 2637 502 2665 est
536 2640 625 2665 cum
660 2627 727 2664 illa
761 2636 797 2664 et
830 2636 924 2663 tunc
955 2625 1170 2663 Zacharias
1203 2633 1316 2674 pater
1350 2622 1526 2672 Baptiste
1559 2620 1652 2672 (hoc
1686 2629 1756 2666 est,

514 2761 542 2788 6.
565 2761 606 2788 1›:
629 2760 772 2793 laudum;
794 2760 834 2787 ib.
851 2760 875 2787 1)
897 2760 926 2787 in
949 2768 1060 2794 marga
1082 2758 1174 2786 Nota.
1267 2766 1300 2785 11.
1325 2757 1347 2785 Ε
1367 2757 1395 2784 in
1419 2764 1532 2790 marga
1555 2755 1756 2783 Mistificacio.

446 2804 484 2824 ¹2.
506 2797 550 2824 A:
573 2796 729 2824 senciens:
751 2795 779 2822 in
802 2795 895 2821 deest.
952 2802 1000 2830 29.
1021 2795 1065 2821 A:
1088 2793 1168 2821 velit.
1225 2791 1272 2827 34,
1294 2791 1336 2820 35.
1359 2791 1397 2819 13:
1420 2799 1479 2819 non
1502 2790 1593 2817 enim.
1650 2789 1691 2818 35.
1712 2791 1756 2817 A:

446 2836 545 2867 potest
565 2831 745 2858 secundum.
818 2828 932 2862 35—37.
948 2830 991 2856 A:
1014 2828 1205 2856 ceremonias
1225 2843 1258 2847 —
1279 2827 1412 2854 morales
1432 2826 1525 2853 deest.
1593 2824 1640 2857 36,
1656 2824 1671 2853 3
1694 2824 1756 2852 .1-::

445 2874 513 2893 cum
534 2865 672 2892 Johanuc
692 2881 724 2883 —
745 2864 963 2892 cert-moniales
985 2863 1079 2890 deest.
1140 2860 1186 2898 37.
1202 2861 1270 2890 DE:
1292 2865 1320 2889 et
1341 2861 1434 2888 deest.
1489 2859 1533 2888 38.
1549 2861 1594 2888 A:
1615 2864 1643 2887 et
1685 2864 1756 2887 cest.

510 2947 538 2969 2.
554 2935 748 2976 Zacharias,
762 2937 910 2967 ‘memor
925 2933 1066 2967 Domini
1082 2932 1145 2966 sui'
1160 2933 1201 2966 cf.
1219 2933 1364 2965 Hieron.
1379 2932 1442 2975 Ep.
1455 2931 1542 2971 LIV,
1556 2938 1627 2963 tom
1645 2929 1756 2973 1,278.
