1986 3380
248 236 383 265 sumo
405 225 495 282 ω]
708 237 919 270 securim
949 237 1074 268 PARs.

247 353 426 382 nostram
473 344 717 381 sentenciam
762 347 819 388 (ut
863 351 971 391 patet
1014 345 1070 379 De
1110 344 1430 380 Consecracione
1472 346 1562 381 dist.

249 406 316 449 11³1,
334 416 420 451 cap.
444 402 852 453 EgoBerengarizts);
877 410 913 437 et
936 400 1149 437 verisimile
1173 410 1229 436 cst
1249 403 1355 449 quod
1377 402 1440 438 ille
1460 417 1564 451 papa

249 474 337 498 cum
371 461 451 497 suis
474 460 745 497 cardinalibus
768 460 856 507 plus
879 458 992 495 scivit
1025 460 1072 495 de
1100 459 1177 494 fide
1200 458 1397 495 catholica
1432 463 1563 508 quoad

248 518 506 556 eukaristiam
531 531 652 566 quam
676 518 804 554 dictus
838 516 1098 554 Innocencius
1132 525 1168 553 et
1198 529 1337 552 omnes
1371 531 1473 565 pape
1505 520 1564 555 vel

214 577 470 614 §cardinales
504 576 571 624 qui
610 575 809 624 posterius
849 584 939 611 sunt
978 574 1122 621 secuti3
1157 574 1271 610 multi
1312 575 1417 611 enim
1453 586 1563 612 erant

247 635 382 683 ydiote
409 635 543 683 quoad
568 634 687 670 fidem
710 633 920 682 scripture.
957 635 1037 669 Nec
1062 641 1118 669 est
1142 633 1385 669 credendum
1422 646 1558 669 eorum

247 692 458 741 aliquibus,
482 691 558 728 nisi
579 693 626 728 de
645 700 795 740 quanto
823 691 983 728 racione
1009 704 1049 727 se
1072 690 1239 727 fulciunt
1263 691 1323 726 vel
1348 690 1559 739 scriptura.

305 749 522 798 Supposita
560 758 693 786 autem
733 749 809 785 ista
840 749 1006 786 veritate
1048 749 1138 785 fidei
1177 748 1386 797 scripture,
1430 749 1562 785 viden-

247 810 341 844 dum
376 817 434 844 est
466 807 741 855 particulatim
775 807 871 856 quid
904 808 1025 843 verba
1066 807 1181 843 huius
1222 806 1415 854 evangelii
1456 807 1562 843 fideli

193 866 416 914 iosignant.
471 867 548 901 Pro
602 878 681 913 quo
727 864 859 913 primo
904 866 1128 901 notandum
1175 873 1232 901 est
1278 866 1386 913 quod
1432 865 1562 912 prima

245 925 365 961 verba
398 932 566 972 possunt
599 924 745 960 babere
769 922 970 971 duplicem
999 935 1160 959 sensum
1183 922 1278 959 satis
1303 922 1561 968 catholicum,

246 981 377 1030 primo
417 981 677 1029 intelligendo
718 982 765 1017 de
804 990 1057 1017 sacramento
1097 981 1211 1029 panis
1251 989 1288 1017 et
1326 980 1419 1026 vini,
1455 982 1563 1029 quod

246 1049 303 1077 est
326 1039 673 1076 sacramentaliter
695 1051 776 1075 non
798 1038 1026 1087 ydemptice
1051 1052 1144 1075 caro
1165 1038 1313 1076 Christi
1333 1047 1369 1075 et
1388 1038 1561 1087 sanguis,

248 1106 304 1135 est
342 1110 432 1134 vere
474 1097 585 1134 cibus
625 1106 661 1133 et
699 1106 817 1145 potus
857 1110 937 1133 non
976 1096 1194 1145 spiritualis
1233 1098 1301 1133 sed
1341 1096 1562 1145 corporalis

191 1157 466 1193 15secundum
514 1164 701 1192 naturam
743 1167 857 1192 suam
896 1154 1118 1203 propriam,
1158 1156 1226 1191 sed
1265 1154 1484 1203 spiritualis
1526 1164 1562 1191 et

245 1227 325 1251 non
350 1213 522 1250 carnalis
545 1215 766 1250 secundum
791 1225 875 1250 esse
899 1214 1007 1262 quod
1031 1214 1150 1249 habet
1172 1213 1319 1250 virtute
1345 1215 1559 1250 verborum

246 1271 421 1319 Domini,
455 1273 524 1308 sed
547 1273 769 1308 secundum
796 1271 918 1308 alium
952 1284 1111 1307 sensum
1147 1283 1265 1320 quem
1300 1273 1419 1308 credo
1445 1284 1560 1308 evan-

245 1330 418 1379 gelicum
456 1329 583 1378 magis
623 1329 841 1376 intendere,
876 1330 983 1378 quod
1024 1342 1117 1366 caro
1151 1328 1298 1367 Christi
1331 1338 1368 1366 et
1401 1329 1561 1377 sanguis

244 1401 338 1425 suus
370 1388 410 1424 in
442 1397 587 1425 natura
610 1401 681 1424 sua
713 1396 804 1424 sunt
826 1400 917 1424 vere
950 1396 1068 1435 potus
1099 1396 1135 1424 et
1160 1387 1271 1424 cibus
1296 1387 1442 1433 anime,
1467 1400 1557 1424 cum

188 1459 229 1480 20
247 1447 326 1483 sint
365 1445 569 1483 obiectum
608 1445 648 1482 in
688 1445 798 1482 cuius
838 1445 1167 1482 consideracione
1210 1454 1246 1482 et
1289 1445 1561 1482 delectacione

243 1504 379 1542 anima
412 1504 539 1541 fidelis
573 1503 752 1552 pascitur
786 1512 822 1540 et
856 1512 1032 1552 potatur.

300 1564 370 1598 Est
411 1562 515 1599 enim
561 1563 780 1598 secundum
821 1561 1126 1598 distinccionem
1173 1562 1369 1598 famosam
1416 1561 1561 1609 duplex

244 1620 453 1666 comestio,
499 1619 650 1656 scilicet
696 1619 918 1668 corporalis
965 1629 1001 1656 et
1046 1618 1286 1668 spiritualis;
1340 1618 1560 1667 spiritualis

242 1678 387 1715 iterum
422 1678 579 1727 duplex,
614 1677 766 1715 scilicet
799 1679 904 1714 mala
939 1677 1067 1726 qualis
1100 1676 1139 1713 in
1173 1686 1230 1714 est
1264 1677 1559 1714 detractoribus

187 1737 350 1773 25iuxta
389 1735 488 1773 illud
521 1736 621 1782 (Joh.
657 1738 723 1782 110,
756 1740 837 1784 17):
876 1737 990 1772 Zelzts
1023 1736 1159 1772 domus
1193 1743 1254 1772 tue
1286 1736 1449 1772 comedit
1482 1748 1560 1780 me,-

243 1804 280 1832 et
318 1796 423 1832 bona
462 1793 591 1844 qualis
630 1793 733 1831 inest
770 1793 974 1831 obiectum
1014 1807 1129 1830 suum
1170 1793 1234 1842 pie
1274 1793 1556 1830 recolentibus.

300 1855 348 1889 Et
379 1852 435 1890 sic
459 1852 640 1891 Christus
663 1852 809 1889 dicitur
833 1853 1015 1889 membra
1048 1865 1118 1888 sua
1140 1851 1403 1900 spiritualiter
1426 1864 1557 1888 come-

243 1912 335 1948 dere
374 1911 481 1948 iuxta
519 1910 618 1947 illud
650 1910 857 1957 (Johannis
891 1912 975 1957 IV0,
1014 1910 1099 1958 32):
1144 1911 1235 1960 Ego
1278 1911 1399 1946 cibum
1439 1910 1558 1946 haheo

243 1970 479 2006 manducare
501 1981 609 2018 quem
635 1981 701 2005 νος
723 1969 886 2015 nescitis,
911 1977 948 2005 et
972 1970 1153 2004 membra
1177 1967 1325 2005 Christi
1349 1967 1554 2005 Christum

186 2031 228 2064 30
243 2028 473 2073 comedunt,
508 2028 772 2063 memorando
805 2026 936 2075 ipsum
970 2026 1158 2063 devocius
1181 2027 1306 2075 (quod
1338 2026 1470 2074 sepius
1501 2026 1557 2070 fit)

241 2085 283 2122 in
315 2084 574 2122 eukaristiam
607 2086 862 2121 assumendo.
897 2085 975 2121 Sed
1007 2086 1191 2121 obstante
1225 2097 1344 2121 causa
1377 2084 1558 2121 raciona-

243 2143 312 2180 bili
345 2142 637 2192 assumpcionis
676 2142 792 2179 huius
832 2142 1093 2179 sacramenti:
1134 2143 1272 2186 Crede,
1312 2142 1442 2191 inquit
1479 2143 1558 2178 Au—

242 2201 436 2250 gustinus,
457 2202 544 2252 fide
565 2202 748 2250 formata
781 2208 816 2237 et
851 2200 1105 2237 manducasti.
1146 2202 1227 2237 Nec
1261 2200 1428 2237 dubium
1462 2200 1558 2248 quin

243 2272 337 2309 sepe
376 2259 572 2308 contingit
609 2258 815 2296 hominem
859 2271 941 2295 non
985 2258 1162 2295 cibatum
1210 2257 1558 2295 sacramentaliter

187 2321 225 2354 35
241 2318 373 2355 verius
406 2319 652 2355 manducare
691 2318 767 2353 hoc
807 2329 954 2365 corpus
993 2313 1054 2366 (ut
1093 2315 1223 2365 patuit
1263 2317 1311 2352 de
1344 2312 1555 2367 Baptista).

299 2378 349 2413 Et
386 2375 566 2425 sequitur
616 2374 656 2412 in
709 2374 913 2423 evangelio
962 2374 1039 2411 alia
1085 2373 1308 2411 conclusio:
1361 2374 1449 2425 Qui,
1502 2374 1559 2410 in-

242 2434 340 2484 quit,
379 2435 588 2471 manducat
626 2446 749 2470 meam
789 2445 944 2469 carnem
978 2440 1013 2469 et
1052 2432 1141 2468 bibit
1173 2445 1297 2468 meum
1330 2432 1557 2483 sanguinem

313 2565 333 2585 1.
354 2558 398 2585 A:
421 2562 559 2585 nostram
581 2561 617 2584 et.
686 2565 712 2592 7.
733 2557 777 2584 A:
799 2556 962 2584 fulcerunt.
1033 2563 1066 2582 11.
1088 2555 1156 2582 DE:
1179 2555 1273 2582 verba
1293 2555 1393 2589 dcest3
1422 2554 1462 2582 ib.
1483 2554 1508 2582 E
1528 2554 1558 2582 in

242 2601 309 2620 mar
334 2602 357 2620 .:
379 2592 541 2621 sentencia
561 2591 655 2619 litere.
721 2599 762 2626 ¹9-
784 2591 829 2618 A:
852 2599 907 2618 sua
927 2591 1021 2618 deest.
1085 2597 1131 2617 20.
1152 2591 1197 2618 A:
1218 2590 1262 2618 fut
1277 2600 1307 2615 =
1322 2589 1379 2617 fuit
1400 2598 1456 2625 pro
1477 2594 1557 2616 sunt.

243 2626 285 2654 23.
351 2627 382 2654 in
404 2635 519 2662 marg.:
551 2625 728 2662 Spiritualis
755 2626 914 2653 comestio.
1057 2632 1101 2660 27.
1123 2625 1147 2652 E
1168 2625 1197 2652 in
1219 2633 1332 2660 marg.:
1363 2624 1484 2652 Cristus
1505 2632 1559 2651 sua

243 2662 384 2689 membra
403 2661 538 2689 comedit
557 2666 585 2688 et
605 2668 783 2688 econverso.
891 2659 936 2687 30.
958 2661 1003 2688 A:
1026 2659 1235 2687 comederunt.
1350 2658 1394 2690 32,
1416 2657 1458 2687 33.
1479 2660 1508 2686 A
1528 2658 1558 2686 in

243 2705 358 2732 marg.:
381 2696 586 2731 Augustinus-

314 2779 344 2802 2.
369 2768 506 2800 Decreti
536 2766 638 2800 tertia
670 2777 760 2810 pars,
795 2768 845 2799 De
871 2766 1146 2799 Consecratione
1179 2765 1256 2797 dist.
1286 2766 1326 2805 11,
1353 2775 1426 2808 cap.
1455 2765 1558 2797 XLII.

245 2814 296 2846 Cf.
315 2815 535 2854 Trialogum,
561 2823 638 2856 pag.
659 2823 735 2857 249.
811 2813 864 2847 32.
892 2814 926 2845 S.
945 2812 1131 2855 Augustini
1159 2812 1196 2844 In
1221 2811 1298 2844 Joh.
1319 2811 1380 2843 Ev.
1408 2821 1485 2853 cap.
1504 2811 1558 2853 VI,

244 2868 341 2894 tract.
367 2861 476 2893 XXV.
504 2860 598 2903 Opp.
624 2868 706 2892 tom.
734 2860 791 2900 111,
819 2869 850 2899 2,
876 2870 953 2903 pag.
978 2869 1057 2904 490.
1155 2858 1208 2900 37.
1234 2857 1309 2890 Joh.
1331 2858 1385 2898 VI,
1413 2857 1467 2900 57.

1589 755 1729 789 Mcuuiug
1751 758 1785 783 (η’
1803 757 1851 783 tm-

1606 791 1708 817 words
1729 791 1757 817 iu
1780 792 1828 818 llic

1660 827 1775 860 :campe-1.

1592 1567 1671 1595 Two
1693 1569 1782 1595 kinds
1803 1570 1837 1596 os

1577 1603 1715 1637 spiritual
1739 1604 1849 1638 calling.
