1986 3380
213 284 348 313 SERMO
372 272 479 330 [vu]
681 283 893 317 sacuNDA
920 282 1046 314 mas.

275 398 429 440 Quarto
462 392 730 429 Antichristus
763 390 1016 438 blasphemat
1040 389 1146 437 quod
1173 387 1355 435 providet
1376 387 1523 423 nostris

217 455 264 489 de
310 450 509 500 spirituali
554 449 743 497 suffragio
789 457 826 485 et
870 446 1049 484 remedio
1081 445 1279 494 spirituali
1320 453 1356 481 et
1388 454 1523 481 tamen

213 523 286 547 nec
331 509 415 558 ipse
460 521 533 545 nec
578 517 708 544 totum
753 520 867 543 suum
903 503 1209 542 contubernium
1251 502 1324 539 scit
1357 503 1523 539 fundare

214 568 295 605 sive
338 568 551 604 defendere
591 565 686 614 quin
725 578 797 602 sua
835 563 1008 601 sciencia
1047 562 1096 599 sit
1134 560 1309 598 heretica
1342 572 1388 597 ac
1421 561 1523 598 blas-

180 627 318 663 §sema
349 626 412 662 vel
444 625 586 661 saltem
620 623 716 672 quin
750 623 833 671 ipse
869 635 911 658 ex
947 621 1020 658 sibi
1055 619 1176 657 dubio
1210 619 1260 656 sit
1293 620 1462 655 mendax
1485 619 1524 654 in

214 684 373 721 talibus.
407 684 488 719 Nec
532 682 605 718 scit
651 682 785 730 quoad
831 680 1007 729 aliquem
1053 678 1277 727 profectum
1319 676 1451 714 anime
1485 676 1525 713 in

213 741 422 790 promissis
456 739 684 788 sophisticis
718 739 898 775 subditos
932 749 1129 775 securare.
1155 737 1325 784 Oportet
1358 747 1451 783 ergo
1486 735 1525 771 in

213 800 345 836 fauces
379 797 538 846 dyaboli
562 810 684 845 regna
718 809 903 833 corruere
928 794 1121 845 quamdiu
1144 803 1234 831 sunt
1267 793 1322 830 sic
1347 793 1525 841 regulata

214 859 262 894 ab
297 856 528 894 huiusmodi
574 864 772 892 curatore.
820 857 943 902 Reges
989 866 1082 902 ergo
1128 852 1360 900 evigilarent
1393 859 1430 888 et
1464 863 1524 887 ex—

159 923 396 953 rocuterent
429 928 451 951 a
484 926 524 950 se
558 913 675 950 istam
700 912 935 950 Antichristi
960 911 1169 960 perfidiam
1206 919 1243 947 et
1276 909 1317 946 in
1349 909 1424 946 hiis
1448 921 1524 957 que

214 983 304 1010 sunt
338 975 387 1010 ad
421 975 548 1009 Deum
584 984 681 1020 pure
714 971 943 1019 acciperent
976 969 1172 1018 scripture
1206 967 1465 1005 sentenciam.

272 1033 385 1069 Unde
404 1030 567 1080 quidam
588 1030 723 1066 fideles
743 1042 957 1077 regnorum
979 1037 1143 1076 gemunt
1166 1026 1279 1064 anxie
1298 1027 1345 1062 de
1370 1026 1526 1062 defectu

214 1088 467 1139 quadruplici
500 1101 637 1136 regum
673 1096 709 1124 et
743 1100 959 1135 regnorum
993 1086 1033 1122 in
1065 1099 1137 1122 suo
1162 1084 1368 1134 regimine,
1393 1083 1526 1132 primo

213 1149 321 1197 quod
354 1160 435 1184 non
469 1146 687 1183 defendunt
720 1159 791 1182 sua
825 1158 945 1193 regna
976 1153 1116 1181 contra
1147 1143 1297 1180 dictum
1328 1155 1525 1179 venenum

160 1213 196 1246 15
214 1206 465 1255 quadruplex
495 1204 731 1241 Antichristi
770 1216 843 1240 nec
882 1211 1101 1252 protegunt
1146 1202 1282 1238 fideles
1327 1213 1419 1237 suos
1459 1199 1527 1248 qui

214 1271 354 1301 contra
399 1263 506 1300 istud
557 1261 737 1299 obiciunt
787 1274 860 1299 nec
912 1260 1097 1297 inimicos
1144 1273 1236 1296 suos
1282 1257 1526 1295 domesticos

214 1322 396 1359 cruciant
429 1323 504 1359 hoc
538 1321 728 1358 foventes,

273 1381 479 1417 Secundus
525 1379 701 1416 defectus
747 1387 803 1414 est
849 1378 957 1426 quod
1002 1386 1142 1413 contra
1188 1377 1316 1424 legem
1369 1374 1441 1411 Dei
1489 1382 1528 1410 et

215 1452 430 1487 regnorum
465 1451 629 1474 suorum
665 1436 851 1473 iniuriam
889 1435 1109 1472 defendunt
1143 1433 1323 1471 dominia
1363 1445 1527 1470 suorum

157 1516 199 1538 20
216 1497 498 1546 episcoporum
533 1495 676 1545 quibus
708 1494 779 1531 viis
813 1493 1101 1542 multiplicibus
1134 1493 1307 1529 inferunt
1340 1490 1528 1528 iniuriam

215 1555 309 1592 totis
349 1554 491 1603 regnis.
546 1556 647 1590 Nam
687 1565 759 1589 nec
797 1552 927 1588 ferunt
968 1551 1035 1588 illa
1075 1550 1254 1587 dominia
1299 1562 1400 1586 onus
1439 1562 1530 1597 pro-

215 1613 449 1663 porcionale
500 1625 590 1649 cum
637 1610 778 1648 ceteris
824 1609 1003 1658 partibus
1052 1608 1163 1657 regni
1217 1608 1313 1645 vivis
1357 1619 1430 1644 nec
1474 1606 1530 1643 illi

215 1671 358 1721 prelati
408 1683 451 1707 ex
500 1671 576 1707 isto
628 1681 782 1706 veneno
834 1667 1004 1705 seculari
1049 1666 1217 1703 dominii
1262 1674 1353 1703 sunt
1399 1665 1530 1713 regnis

216 1729 382 1774 habiles,
440 1738 482 1765 ut
535 1736 674 1777 gerant
727 1740 841 1763 suum
901 1725 1079 1763 officium
1140 1724 1403 1762 conformiter
1455 1723 1529 1772 legi

159 1797 199 1830 25
218 1788 379 1826 Christi.

273 1845 438 1883 Tercius
478 1845 654 1882 defectus
695 1853 751 1881 est
791 1845 838 1880 de
877 1842 1072 1890 religiosis
1106 1840 1413 1890 possessionatis
1447 1853 1531 1889 reg-

216 1918 360 1942 norum
385 1904 452 1953 qui
473 1903 649 1940 viverent
679 1915 777 1950 pure
808 1900 1122 1950 exproprietarie
1144 1899 1267 1936 vitam
1298 1911 1531 1948 pauperem,

217 1964 286 2000 sed
320 1964 441 1999 modo
475 1969 695 2009 conquesta
727 1968 841 2009 parte
874 1958 993 1996 nimis
1027 1971 1172 2006 magna
1205 1970 1420 2006 regnorum
1460 1970 1533 1994 nec

217 2029 359 2070 gerunt
383 2033 483 2057 onus
508 2032 645 2056 eorum
671 2027 713 2055 ut
736 2026 870 2066 partes
894 2017 1023 2054 aliene
1047 2018 1116 2053 sed
1138 2016 1321 2053 nutriunt
1346 2015 1532 2052 inimicos

161 2088 203 2120 30
219 2078 451 2128 dyabolicos
485 2086 625 2114 contra
658 2076 876 2113 Christum.

278 2140 453 2183 Quartus
478 2136 655 2172 defectus
679 2143 736 2171 est
760 2135 808 2170 de
831 2132 948 2170 sectis
972 2132 1297 2181 exproprietariis
1321 2144 1398 2181 que
1429 2133 1533 2169 ultra

219 2209 330 2244 reges
375 2195 578 2232 cautelose
623 2192 798 2241 spoliant
851 2204 1067 2240 regnorum
1113 2203 1310 2239 pauperes
1348 2202 1422 2227 nec
1456 2190 1533 2226 illis

218 2255 323 2291 ultra
367 2251 629 2302 spiritualiter
673 2249 890 2299 proficiunt
943 2262 1064 2298 quam
1110 2257 1202 2285 ante
1252 2247 1533 2285 induccionem

218 2321 419 2359 sectarum
460 2309 691 2347 huiusmodi
727 2317 763 2345 et
797 2316 888 2345 ante
921 2307 1084 2356 rapinas
1117 2308 1187 2343 has
1219 2306 1381 2343 frivolas
1405 2306 1535 2354 regni-

163 2379 203 2412 35
220 2371 306 2408 cole
340 2378 431 2407 sunt
464 2368 603 2406 adiuti.
638 2368 698 2403 Ab
742 2366 826 2403 istis
871 2378 965 2414 ergo
999 2374 1174 2414 quatuor
1212 2364 1391 2413 pestibus
1423 2364 1535 2401 Anti-

220 2428 359 2466 christi
392 2440 503 2476 reges
537 2435 573 2463 et
607 2438 729 2473 regna
762 2424 914 2461 incolas
940 2436 1032 2460 suos
1057 2424 1203 2460 debent
1227 2423 1452 2467 defendere,
1488 2435 1533 2459 eo

221 2488 329 2536 quod
364 2485 572 2523 manifeste
604 2491 797 2521 sonarent
828 2482 869 2518 in
901 2495 1014 2519 suam
1048 2481 1264 2518 utilitatem
1297 2489 1377 2518 tam
1420 2480 1535 2529 spiri-

221 2545 370 2582 tualem
404 2557 526 2593 quam
560 2542 689 2580 eciam
722 2541 989 2590 corporalem.

292 2722 312 2741 1.
333 2713 388 2741 AE
407 2713 436 2740 in
459 2720 572 2747 marg:
592 2720 622 2746 4.
720 2710 748 2738 6.
769 2711 813 2738 A:
834 2710 864 2738 in
886 2710 981 2738 deest.
1081 2709 1108 2737 8.
1129 2710 1174 2737 A:
1196 2713 1301 2736 tracta.
1402 2715 1440 2735 12.
1463 2708 1487 2735 E
1506 2709 1536 2736 in

221 2757 336 2784 marg:
358 2748 478 2775 Fideles
492 2750 618 2782 gemunt
633 2746 785 2773 defectum
802 2753 967 2780 regnorum
982 2745 1234 2780 quad1·uplicem;
1255 2752 1275 2771 1.
1351 2742 1388 2771 15.
1404 2743 1449 2770 A:
1471 2744 1538 2778 qni-

223 2785 290 2812 bus.
359 2783 398 2811 18.
414 2783 439 2810 E
452 2783 482 2810 in
499 2789 612 2816 marga
635 2788 660 2807 2.
726 2787 768 2808 22.
783 2781 828 2807 A:
850 2788 940 2808 nnus,
1003 2779 1046 2807 23.
1064 2780 1132 2807 DE:
1156 2783 1226 2807 snnt
1246 2785 1342 2811 reges,
1404 2777 1451 2805 26.
1468 2779 1492 2806 E
1506 2779 1535 2806 in

222 2827 336 2853 marg:
358 2817 382 2846 3.
456 2817 500 2844 28.
517 2816 562 2843 A:
585 2819 668 2851 parte
689 2823 865 2850 regnorum.
939 2823 986 2850 29.
1002 2815 1047 2842 A:
1069 2814 1135 2842 alie.
1208 2812 1248 2842 31.
1270 2813 1294 2840 E
1314 2813 1344 2840 in
1365 2821 1479 2846 marg:
1500 2822 1535 2848 43

221 2855 262 2881 ib.
283 2856 327 2881 A:
349 2854 426 2880 nltra
448 2852 543 2879 deest.
623 2849 666 2878 33.
688 2851 732 2877 A:
754 2850 975 2878 indnicionem.
1058 2848 1104 2883 34..
1125 2850 1169 2877 A:
1192 2848 1349 2888 rapinans.
1429 2847 1469 2876 35.
1491 2849 1534 2876 A:

222 2888 358 2916 adducti.
461 2886 507 2914 36.
530 2885 597 2913 DE:
621 2885 800 2920 regnicolas.
905 2884 948 2912 33,
971 2884 995 2911 D
1017 2884 1047 2912 in
1069 2892 1165 2919 marg.
1186 2883 1258 2911 int.:
1279 2883 1452 2917 Romanum
1477 2884 1537 2910 Do-

223 2924 305 2951 mine
325 2924 408 2950 Deus
429 2926 545 2949 noster.

1727 271 1804 316 425

1558 403 1587 428 4.
1609 393 1811 421 Antiensis-rs

1549 429 1622 456 false
1644 429 1812 456 assertions

1582 464 1615 490 of
1632 463 1770 498 spiritual

1639 499 1717 535 help.

1547 1032 1630 1059 Fonr
1651 1032 1764 1059 desects
1785 1031 1819 1058 of

1625 1068 1738 1094 rulers:

1551 1110 1571 1129 1.
1592 1101 1679 1137 The)v
1702 1102 1742 1128 do
1764 1105 1816 1128 not

1554 1141 1670 1172 protect
1691 1136 1810 1171 against

1587 1171 1771 1199 Antichrist.

1560 1388 1585 1407 2.
1608 1388 1664 1407 nor
1685 1379 1805 1414 against

1555 1415 1809 1442 encroaclnnents

1587 1450 1622 1477 os
1639 1450 1778 1485 bislmps,

1564 1844 1588 1873 3.
1612 1852 1668 1871 nor
1688 1843 1809 1879 against

1662 1880 1711 1918 the

1565 1921 1809 1951 possessioners.

1565 2145 1594 2171 4.
1617 2145 1674 2175 nor
1694 2135 1814 2171 against

1636 2174 1738 2198 trial-s.
