1986 3380
209 279 343 307 samio
366 266 475 324 xxx]
676 278 889 311 SECUNDA
917 278 1040 309 PARS.

207 390 336 438 capite
370 388 533 426 ecclesie
573 387 847 435 multipliciter
880 385 1073 430 adiuvari,
1128 385 1272 420 debent
1305 396 1394 420 cum
1429 383 1515 431 ipso

209 461 351 496 penam
406 446 578 483 mediam
633 447 681 482 ad
728 444 868 493 capitis
914 443 1029 480 huius
1082 442 1340 479 influenciam
1395 441 1517 489 gratis

208 506 303 553 pati.
339 507 430 542 Ideo
464 504 559 541 dicit
592 502 861 550 evangelium:
897 503 939 537 Si
969 502 1134 537 mundus
1167 514 1233 536 νος
1265 500 1357 547 odit,
1387 500 1518 535 scitote

208 565 292 611 quia
328 577 386 600 me
412 564 587 613 priorem
622 562 726 597 vohis
760 561 846 596 odio
879 560 1020 596 habuit.
1056 559 1170 595 Unde
1201 558 1446 606 Augustinus
1480 556 1517 591 in

175 621 365 657 §Omelia
410 629 564 657 recusat
613 632 695 655 esse
741 619 780 654 in
826 631 995 666 corpore
1040 616 1221 665 quinon
1265 616 1347 652 vult
1380 615 1517 651 odium

210 679 293 727 pati
328 692 417 715 cum
453 678 594 727 capite.

267 739 451 773 Secunda
484 736 592 773 racio
626 744 682 772 est
715 734 872 782 signum
908 733 1045 770 efficax
1090 733 1197 781 quod
1231 731 1405 780 apostoli
1438 743 1518 767 non

210 804 321 832 erant
362 796 511 831 mundo
560 793 696 839 dediti,
750 805 796 829 eo
849 793 957 841 quod
1009 791 1107 827 tales
1161 789 1389 838 specialiter
1434 788 1518 825 odit

211 855 401 895 mundus;
443 854 511 889 sed
551 865 623 900 pro
671 851 739 887 tali
786 848 1112 886 dissimilitudine
1158 849 1303 884 debent
1347 847 1519 896 apostoli

154 928 192 949 ιο
209 911 437 959 specialiter
459 911 724 958 congaudere,
749 921 841 957 ergo
863 916 1028 956 propter
1045 908 1165 943 talem
1191 906 1518 954 persecucionem

212 971 454 1005 mundanam
489 982 569 1005 non
603 969 747 1004 debent
786 965 958 1015 apostoli
1005 964 1206 1001 dimittere
1252 964 1411 1000 Christo
1456 964 1519 999 fir—

211 1028 326 1063 miter
365 1028 569 1063 adherere.
608 1028 733 1062 Terra
773 1025 876 1061 enim
923 1036 966 1060 ex
1009 1032 1154 1059 natura
1202 1035 1270 1059 sue
1315 1021 1520 1069 gravitatis

209 1087 374 1121 adheret
408 1094 545 1121 centro
578 1084 766 1133 undique,
808 1083 902 1132 quia
941 1081 1135 1118 dislocata
1170 1090 1206 1117 et
1240 1079 1520 1116 innaturaliter

209 1145 427 1179 ascendens
460 1145 509 1180 ad
542 1143 600 1179 sui
634 1141 940 1190 corrupcionem
976 1140 1206 1188 disponeret
1239 1148 1275 1175 et
1308 1140 1357 1175 ad
1391 1138 1519 1174 tocius

158 1207 193 1240 15
210 1214 256 1238 ac
288 1201 413 1250 partis
437 1201 760 1246 distraccionem,
791 1209 827 1236 et
850 1199 942 1235 hinc
965 1210 1200 1247 quecunque
1225 1210 1316 1246 pars
1338 1196 1519 1245 corporis

210 1259 352 1307 integri
386 1261 474 1308 plus
514 1259 750 1296 naturaliter
782 1257 935 1306 appetit
957 1270 1072 1292 suum
1089 1265 1218 1292 totum
1253 1268 1373 1304 quam
1390 1254 1518 1303 ipsam

210 1330 460 1364 conservare,
495 1327 531 1354 et
569 1317 624 1354 sic
654 1318 771 1354 debet
798 1328 881 1353 esse
911 1317 958 1351 de
986 1327 1155 1363 corpore
1183 1313 1331 1350 Christi
1362 1312 1519 1349 mistico

210 1377 318 1425 quod
342 1385 398 1412 est
422 1376 600 1412 ecclesia.
635 1376 688 1423 Si,
721 1374 862 1424 inquit,
898 1374 943 1410 de
976 1373 1117 1409 mundo
1139 1372 1331 1421 fuissetis,
1355 1372 1520 1407 mundus

211 1435 312 1483 quod
343 1447 452 1471 suum
486 1442 570 1471 erat
603 1433 796 1484 diligeret.

153 1510 194 1531 20
268 1494 316 1528 Et
339 1492 463 1529 tercia
496 1492 606 1529 racio
638 1491 721 1528 odii
754 1499 811 1527 est
845 1488 1108 1527 contrarietas
1152 1489 1201 1525 ad
1235 1487 1405 1533 oditum‚
1452 1487 1520 1523 sed

212 1563 354 1598 magna
388 1549 694 1587 commendacio
738 1548 937 1586 viatorum
984 1556 1040 1584 est
1085 1547 1192 1595 quod
1234 1546 1311 1582 sint
1357 1546 1520 1590 mundo,

211 1609 320 1645 carni
353 1618 473 1658 atque
507 1608 668 1645 diabolo
702 1606 915 1651 contrarii3
950 1618 1042 1653 ergo
1068 1605 1173 1641 istud
1197 1604 1335 1640 odium
1365 1612 1521 1640 tantum

211 1669 499 1704 commendans
533 1666 738 1715 apostolos
772 1666 889 1701 debet
921 1665 1050 1700 facere
1084 1663 1191 1711 ipsos
1216 1663 1328 1698 letos.
1363 1664 1411 1697 Et
1431 1661 1522 1697 hinc

211 1725 484 1773 evangelium:
524 1725 636 1772 Quia,
670 1723 812 1773 inquit,
847 1724 892 1759 de
925 1723 1066 1758 mundo
1105 1734 1177 1757 non
1210 1721 1312 1767 estis,
1350 1721 1418 1756 sed
1449 1732 1522 1770 ego

155 1784 313 1834 &elegi
343 1797 409 1820 vos
442 1784 488 1820 de
520 1784 675 1829 nitendo,
717 1789 928 1832 propterea
962 1781 1040 1817 odit
1074 1792 1140 1815 vos
1172 1779 1348 1816 mundus.
1411 1778 1523 1814 Sicut

211 1841 316 1878 enim
341 1841 564 1878 similitudo
588 1854 708 1878 causa
732 1849 789 1877 est
812 1838 974 1884 amoris,
1010 1838 1066 1874 sic
1090 1837 1376 1873 dissimilitudo
1402 1848 1522 1872 causa

212 1909 268 1936 est
301 1900 382 1936 odii
431 1898 491 1952 (ut
523 1908 632 1948 patet
665 1897 935 1935 Ecclesiastici
967 1897 1110 1943 XIIIO).
1159 1897 1273 1933 Unde
1307 1894 1401 1931 mali
1435 1907 1522 1942 per—

212 1967 421 2007 sequentes
448 1959 573 1995 malos
597 1971 640 1995 ex
664 1958 838 2007 quadam
864 1954 1190 1992 dissimilitudine
1213 1961 1520 2002 persequuntur,

212 2025 255 2052 ut
287 2016 448 2065 superbi
481 2018 674 2066 superbos
713 2015 854 2052 odiunt
894 2023 930 2050 et
963 2013 1071 2050 avari
1117 2024 1258 2049 avaros
1301 2012 1522 2048 secundum

154 2080 196 2112 30
213 2075 417 2112 racionem
451 2088 529 2124 qua
562 2073 779 2112 affeccione
813 2082 850 2110 et
894 2084 1015 2121 opere
1060 2080 1150 2107 sunt
1194 2070 1269 2107 sibi
1316 2069 1520 2106 contrarii.

212 2135 304 2170 Ideo
338 2133 483 2169 dicitur
515 2132 783 2169 communiter
806 2132 914 2180 quod
937 2143 1053 2167 amor
1076 2127 1406 2177 concupiscencie
1429 2127 1523 2164 boni

211 2190 365 2240 proprii
399 2191 671 2228 contrariatur
704 2189 819 2228 alteri
852 2189 936 2235 tali,
970 2189 1039 2225 sed
1072 2201 1153 2224 non
1187 2200 1302 2224 amor
1339 2185 1524 2223 amicicie

210 2250 271 2286 vel
304 2249 612 2286 communionis.
665 2251 714 2285 Et
752 2250 824 2285 hec
869 2247 978 2284 racio
1023 2258 1147 2295 quare
1180 2245 1323 2294 privati
1362 2244 1523 2281 ordines

212 2308 462 2344 confundunt
496 2307 726 2354 ecclesiam3
781 2315 818 2343 et
862 2314 972 2354 patet
1017 2305 1223 2353 quomodo
1257 2302 1522 2339 mundialium

156 2371 194 2404 35
212 2375 269 2402 est
302 2366 526 2403 mundiales
559 2378 695 2403 amare
728 2373 765 2401 et
798 2363 1059 2412 corripientes
1093 2375 1232 2399 eorum
1260 2360 1360 2398 vicia
1385 2373 1524 2397 secun-

212 2425 307 2460 dum
345 2425 472 2473 legem
506 2424 579 2461 Dei
618 2423 743 2460 odire.
789 2424 838 2459 Et
882 2423 954 2458 hec
998 2420 1108 2458 racio
1153 2432 1277 2470 quare
1321 2419 1363 2455 in
1405 2418 1523 2456 sectis

211 2482 376 2531 privatis
409 2491 491 2520 tam
525 2482 645 2520 variis
677 2481 772 2518 odia
804 2482 904 2518 adeo
936 2479 1154 2517 variantur.

281 2591 301 2610 1.
322 2582 365 2610 D:
386 2583 497 2610 debent
516 2582 609 2610 enim.
663 2591 693 2616 4.
708 2581 781 2609 Ain
796 2589 911 2616 marg:
931 2579 1137 2616 Augustinus.
1193 2586 1219 2614 7.
1235 2577 1291 2606 AE
1310 2577 1340 2605 in
1362 2585 1477 2614 margq
1498 2585 1522 2605 2.

213 2624 250 2644 12.
271 2618 317 2645 A:
338 2618 481 2653 graviter.
555 2617 593 2645 13.
615 2617 653 2645 E:
675 2617 805 2652 ubique;
833 2616 873 2643 ib.
895 2616 918 2643 E
938 2616 968 2642 in
990 2623 1104 2650 marg:
1126 2614 1321 2649 Exemplum.
1395 2613 1433 2641 15.
1455 2612 1523 2639 DE:

212 2653 463 2680 disti-necionem.
567 2652 608 2680 16.
631 2652 700 2680 DE:
722 2652 851 2687 integro.
954 2658 1000 2678 20.
1021 2651 1066 2678 A:
1087 2649 1198 2677 Tereia
1218 2656 1327 2681 causa3
1356 2648 1397 2675 ib.
1418 2648 1473 2675 ΑΕ
1493 2647 1524 2674 in

213 2695 279 2714 mar
304 2697 327 2715 .:
347 2686 380 2722 3;
408 2687 451 2715 ib.
472 2687 513 2715 E:
534 2687 653 2714 odium.
743 2685 787 2714 23.
808 2687 853 2713 A:
874 2686 960 2721 ipsos
981 2685 1075 2712 deest.
1168 2684 1210 2717 25,
1232 2683 1278 2710 26.
1300 2684 1345 2710 A:
1368 2682 1411 2710 sic
1431 2682 1523 2709 enim.

212 2722 259 2749 26.
280 2695 355 2762 {in
376 2731 490 2758 marg:
513 2722 691 2761 Similitudo
711 2726 756 2748 est
775 2729 868 2748 causa
888 2720 1014 2748 amoris.
1131 2718 1169 2747 31.
1190 2720 1219 2746 A
1239 2719 1268 2745 in
1291 2726 1405 2756 marg3:
1426 2719 1526 2756 Amor

213 2757 384 2792 dupliciter.
458 2756 501 2785 33.
522 2757 547 2784 D
568 2765 598 2784 in
620 2765 733 2791 marg:
755 2756 847 2784 Nota.
877 2755 958 2783 Nota
978 2755 1130 2789 regulam:
1151 2755 1251 2781 Amor
1272 2760 1525 2788 concuplscenCle

214 2793 284 2820 boni
306 2792 425 2828 proprii
446 2792 652 2820 contrariatur
673 2791 797 2819 cuilibet
817 2790 902 2818 alteri
922 2790 984 2817 tali.
1001 2789 1052 2818 -W
1069 2790 1141 2816 dum
1164 2788 1248 2816 canis
1268 2796 1303 2815 os
1324 2792 1379 2814 etc.

284 2864 314 2896 3.
339 2865 419 2897 Joh.
446 2866 521 2906 XV,
553 2863 602 2896 18.
697 2874 729 2904 4.
757 2864 790 2894 S.
817 2864 906 2905 Aug.
934 2863 968 2894 In
997 2861 1076 2894 Joh.
1103 2862 1178 2901 Ev.,
1206 2871 1279 2903 cap.
1305 2861 1380 2891 XV.
1408 2859 1525 2892 Tract.

213 2911 427 2944 LXXXVIII.
454 2912 545 2955 Opp.
576 2911 630 2951 III,
659 2921 689 2951 2,
716 2909 793 2953 716.

1722 280 1741 304 [Ο

1751 279 1769 304 ω

1786 282 1794 303 .-.

1552 737 1704 767 Evidcncc
1727 740 1789 767 that

1569 774 1617 799 the
1639 777 1772 809 apostles

1536 816 1613 834 were
1636 815 1684 836 not
1707 811 1741 837 of
1758 811 1806 837 tlie

1618 846 1726 871 world.

1580 1496 1776 1531 Coun-arieti*

1572 1539 1680 1558 causes
1701 1531 1779 1558 hate.
