1986 3380
214 552 384 579 fulminent

243 588 362 626 11111111υρ

201 628 407 649 terminalivrn.

160 2468 243 2496 Nccd
260 2470 294 2497 os
307 2470 433 2505 kecping

173 2504 221 2531 ihc
241 2505 422 2532 command-

241 2544 350 2567 ments.

753 314 974 346 JOHANNJS
995 316 1177 347 wrcmr
1197 315 1450 349 memorium
1515 303 1666 360 [SERMO
1689 315 1766 342 m·-

456 420 557 456 ciam
593 422 658 456 scd
695 420 884 468 iinplexit.
919 426 1087 468 Oportet
1123 421 1225 456 enim
1269 424 1374 469 quod
1416 433 1557 459 cuncta
1592 437 1767 460 ceremo-

454 477 574 514 nialia
614 478 709 526 legis
748 479 889 514 veteris
930 478 966 513 in
1008 487 1149 515 natura
1190 480 1352 528 propria
1394 481 1564 517 habeant
1610 491 1766 530 tempus

454 549 567 571 suum
610 546 645 573 et
684 536 778 584 ipsis
818 537 856 572 in
896 545 1037 573 natura
1077 550 1147 573 sua
1187 537 1431 574 cessantibus
1465 548 1501 575 et
1536 539 1767 576 melioribus

455 593 589 630 debito
642 595 782 630 ordine
835 594 1140 631 succedentibus
1185 608 1262 631 non
1308 605 1399 632 sunt
1451 598 1581 633 soluta
1634 600 1765 646 quoad

454 661 639 689 naturam
681 652 885 700 propriam
927 654 994 688 sed
1036 654 1157 689 modo
1198 654 1332 690 debito
1372 655 1598 691 terminata.
1655 657 1800 693 [Vndeb

455 710 485 745 si
520 719 659 747 contra
693 710 996 747 ordinacionem
1030 711 1177 747 Christi
1212 721 1412 749 cessarent
1439 713 1548 761 prius
1572 722 1640 750 aut
1673 726 1765 750 con-

455 767 706 805 tinuarentur
740 768 949 816 posterius.
990 778 1083 805 tunc
1117 770 1175 806 lex
1209 770 1386 807 Mosaica
1424 771 1525 807 foret
1565 772 1695 808 soluta
1728 781 1764 808 et

456 836 620 875 propter
654 826 971 874 discrepanciam
1006 828 1054 863 ab
1089 837 1224 864 eterna
1258 829 1341 875 lege
1373 828 1581 865 volicionis
1605 829 1765 866 Domini

455 897 534 920 non
573 885 749 932 impleta.
796 886 843 920 Et
882 897 972 921 cum
1020 886 1077 921 lex
1117 885 1165 922 sit
1205 886 1473 923 substanciale
1511 896 1553 923 ut
1594 887 1764 929 modius,

455 942 681 978 ceremonie
713 951 847 979 autem
883 943 965 979 eius
1008 943 1150 991 legalia
1189 943 1266 980 sint
1306 945 1585 990 accidentalia,
1619 954 1660 982 ut
1699 950 1824 982 acrio

454 1000 643 1046 inclusus,
678 1013 758 1037 non
797 1010 963 1049 propter
1003 1002 1076 1038 hoc
1119 1002 1177 1038 lex
1217 1002 1291 1039 ista
1330 1002 1496 1040 solvitur
1534 1005 1641 1052 quod
1676 1003 1765 1041 talis

454 1058 712 1095 accidentalis
746 1058 1054 1096 circumstancia
1088 1059 1277 1107 variatur,
1312 1060 1401 1097 ideo
1436 1061 1531 1098 dicit
1565 1061 1764 1098 Christus:

454 1117 587 1153 Donec
619 1125 791 1153 transeat
824 1118 945 1153 celum
979 1125 1014 1154 et
1046 1126 1168 1161 terra.
1193 1126 1295 1169 fota
1320 1132 1433 1155 unum
1457 1127 1523 1155 aut
1546 1133 1642 1156 unus
1663 1132 1766 1169 apex

453 1188 524 1210 non
553 1176 757 1223 preteribit
788 1188 808 1210 α
847 1176 945 1226 lege,
980 1176 1097 1212 donec
1130 1177 1254 1212 omnia
1275 1177 1390 1227 fiant.
1434 1177 1509 1214 Ubi
1542 1180 1765 1215 notandum

453 1234 559 1281 quod
577 1233 758 1269 Christus
782 1246 862 1269 non
887 1233 1071 1281 intelligit
1095 1247 1165 1282 per
1187 1244 1278 1282 yota
1304 1244 1339 1271 et
1363 1235 1517 1284 apicem
1543 1246 1765 1273 caracteres
1786 1239 1822 1272 15

452 1291 674 1338 literarum,
714 1291 808 1340 quia
841 1300 935 1328 tune
981 1292 1081 1328 foret
1120 1292 1238 1329 nimis
1277 1293 1447 1330 verbalis
1486 1294 1764 1343 philosophus,

452 1350 518 1385 sed
552 1361 622 1397 per
655 1358 748 1398 yota
772 1351 880 1398 quod
915 1359 971 1386 est
999 1350 1165 1387 minima
1189 1351 1396 1388 literarum
1431 1352 1616 1401 intelligit
1640 1354 1765 1402 quod-

452 1420 608 1456 cunque
661 1409 896 1445 mandatum
943 1417 1300 1458 quantumcunque
1354 1423 1519 1458 parvum
1570 1410 1763 1459 decalogi.

452 1467 686 1503 Mandatum
722 1466 812 1503 dico
846 1466 1054 1503 veritatem
1090 1480 1210 1516 quam
1245 1469 1349 1504 Deus
1383 1470 1547 1505 mandat
1581 1469 1764 1506 fidelibus

451 1524 667 1560 observari.
714 1526 762 1561 Et
807 1537 878 1573 per
921 1525 1078 1573 apicem
1124 1525 1310 1574 intelligit
1356 1527 1630 1564 ceremoniam
1683 1527 1764 1564 sive
1781 1542 1823 1564 20

451 1581 644 1618 iudicium
679 1584 786 1632 quod
821 1585 926 1619 Deus
960 1583 1134 1621 decrevit
1167 1583 1367 1633 preceptis
1407 1585 1585 1634 decalogi
1626 1598 1764 1634 supra-

451 1640 558 1688 poni.
582 1642 695 1677 Tunc
719 1640 824 1678 enim
848 1641 1087 1690 preterirent
1111 1654 1133 1678 a
1155 1643 1252 1690 lege,
1287 1642 1319 1679 si
1351 1656 1433 1680 non
1465 1656 1537 1692 pro
1570 1656 1641 1680 suo
1666 1652 1763 1680 tem-

450 1711 547 1746 pore
591 1698 670 1735 sint
715 1699 916 1745 adiuncte,
962 1709 1005 1736 ut
1049 1700 1238 1748 operacio
1282 1700 1445 1737 viatoris
1498 1701 1631 1738 debita
1683 1714 1764 1738 non

451 1756 579 1804 ipsum
626 1757 804 1806 preterit,
849 1757 880 1794 si
920 1770 992 1794 suo
1032 1766 1215 1807 tempore
1254 1759 1354 1795 hanc
1394 1759 1607 1808 adimplet3
1653 1759 1761 1796 illam

451 1814 555 1851 enim
595 1815 705 1863 prius
744 1816 864 1852 habet
904 1815 943 1852 in
987 1815 1227 1863 intencione,
1268 1818 1444 1853 secundo
1483 1817 1523 1853 in
1564 1817 1820 1854 effectuali25

451 1873 693 1921 oper-acione
726 1882 762 1910 et
795 1873 921 1911 tercio
954 1873 994 1910 in
1027 1874 1214 1911 fructuali
1248 1875 1537 1924 complecione.
1591 1878 1639 1912 Et
1672 1888 1763 1924 pro-

451 1931 739 1979 porcionaliter
784 1940 842 1968 est
887 1932 934 1968 de
978 1941 1070 1980 yota
1110 1932 1205 1981 legis
1252 1942 1288 1969 et
1333 1933 1445 1981 apice
1490 1934 1761 1971 senciendum.

451 1989 562 2025 Sicut
596 1988 700 2026 enim
735 1991 840 2026 Deus
872 1989 1070 2027 ordinavit
1110 2003 1393 2039 quamcunque
1432 2000 1589 2040 partem
1631 2001 1762 2029 motus

451 2047 524 2084 celi
569 2056 750 2095 tempore
785 2060 857 2084 suo
896 2049 1110 2085 succedere
1150 2058 1191 2085 ut
1230 2049 1341 2098 quies
1381 2059 1574 2098 perpetua
1608 2049 1763 2087 celestis

451 2105 633 2154 corporis
678 2107 885 2152 habeatur,
931 2105 986 2143 sic
1031 2106 1230 2144 ordinavit
1276 2109 1487 2144 decursum
1533 2108 1820 2154 moralium,30

450 2162 698 2200 iudicialium
734 2173 769 2200 et
810 2163 1131 2201 cerimonialium
1165 2164 1205 2202 in
1243 2175 1425 2214 tempore
1463 2179 1535 2203 suo
1569 2179 1642 2215 pro
1680 2165 1760 2203 via-

451 2221 564 2258 cione
609 2221 763 2270 generis
816 2222 981 2259 humani
1034 2224 1261 2270 succedere,
1315 2232 1357 2260 ut
1403 2223 1515 2273 quies
1568 2233 1762 2274 perpetua

450 2279 735 2328 triumphantis
769 2280 934 2317 ecclesie
958 2281 1164 2318 habeatur.
1199 2283 1247 2318 Et
1269 2281 1324 2319 ita
1347 2281 1448 2319 sicut
1471 2285 1577 2320 Deus
1600 2282 1761 2332 predili-

449 2337 503 2386 git
543 2347 633 2375 ante
673 2350 817 2387 corpus
859 2340 1003 2376 celeste
1041 2338 1151 2376 illam
1198 2339 1421 2387 ecclesiam,
1461 2340 1516 2378 ita
1560 2340 1762 2390 prediligit

450 2408 611 2433 cursum
645 2396 740 2445 legis
774 2409 849 2445 que
882 2406 940 2434 est
973 2396 1149 2434 medium
1183 2399 1233 2435 ad
1266 2399 1446 2436 eandem.
1777 2402 1816 2436 35

508 2456 584 2491 Sed
610 2454 704 2503 quia
736 2467 896 2492 necesse
920 2464 977 2492 est
1010 2455 1147 2493 omnia
1171 2456 1449 2506 contingencia
1482 2469 1554 2495 suo
1578 2465 1760 2506 tempore

450 2512 620 2559 evenire,
665 2512 756 2550 ideo
802 2513 975 2550 excludit
1020 2513 1201 2551 Christus
1246 2526 1421 2552 errorem
1476 2514 1542 2564 qui
1596 2527 1639 2552 ex
1684 2514 1760 2552 isto

449 2580 583 2618 posset
615 2571 744 2619 accipi
778 2580 816 2608 et
849 2570 1018 2608 includit
1051 2585 1170 2620 quam
1211 2572 1480 2611 necessarium
1516 2582 1574 2611 est
1607 2572 1759 2610 homini

521 2713 540 2739 1,
562 2713 587 2733 2.
610 2705 649 2733 E:
670 2706 809 2733 armonia
830 2706 915 2742 legis.
1050 2715 1078 2742 9.
1100 2707 1143 2734 A:
1166 2706 1287 2735 modus.
1419 2716 1459 2736 ιο.
1482 2707 1550 2736 DE:
1572 2712 1622 2736 aut
1642 2707 1759 2743 legalia.

452 2747 487 2767 12.
511 2739 577 2767 DE:
600 2740 668 2768 ideo
689 2745 729 2768 ut.
805 2739 841 2768 13.
862 2742 906 2768 A:
929 2741 1009 2777 quod
1032 2741 1140 2769 donec.
1215 2741 1251 2770 15.
1273 2742 1317 2770 A:
1339 2747 1516 2770 carecteres.
1591 2743 1633 2778 16,
1655 2751 1693 2778 ¹7-
1714 2743 1758 2771 A:

450 2775 520 2810 quia
541 2791 574 2795 —
594 2775 749 2803 literarum
771 2775 865 2802 deest.
1011 2784 1051 2812 ¹9·
1073 2775 1097 2803 E
1116 2775 1146 2804 in
1169 2784 1281 2812 marg.:
1312 2785 1366 2812 pei·
1384 2782 1456 2813 yota
1476 2777 1548 2814 quid
1571 2777 1758 2812 intelligitur.

449 2817 496 2843 20,
517 2817 556 2837 21.
578 2810 645 2837 DE:
668 2810 711 2837 vel
733 2809 893 2838 iudicium.
1003 2818 1040 2838 21.
1061 2810 1085 2838 E
1105 2810 1134 2838 in
1158 2819 1271 2850 marga
1293 2812 1393 2847 Apcx.
1502 2819 1544 2840 22.
1566 2812 1635 2840 DE:
1657 2816 1757 2840 autem

450 2844 623 2882 protei-ient.
749 2852 868 2880 22—24.
891 2845 928 2873 E:
950 2853 966 2872 a
986 2845 1049 2881 lege
1068 2861 1101 2865 —
1122 2850 1245 2881 preterit
1265 2846 1359 2874 deest.
1478 2854 1525 2882 24.
1547 2847 1586 2875 E:
1609 2855 1664 2883 pro
1686 2855 1758 2880 su03

449 2879 490 2906 lb.
510 2880 554 2907 A:
576 2879 772 2914 adimplevit·
794 2879 833 2907 E:
854 2879 1072 2915 adimplentur.
1187 2880 1244 2908 28„
1258 2879 1304 2908 30.
1325 2880 1365 2908 E:
1388 2889 1604 2917 quamcunque
1623 2897 1657 2902 —
1677 2881 1759 2909 ordi-

447 2913 530 2941 navit
552 2914 644 2941 deest.
701 2915 745 2942 28.
765 2901 809 2942 b:
831 2919 1112 2950 quantumcunque.
1175 2914 1221 2943 30.
1243 2915 1285 2943 D:
1306 2916 1448 2952 eorporis
1468 2916 1562 2944 deest.
1619 2915 1665 2951 34.
1689 2916 1757 2944 mi:

448 2952 517 2975 ante
536 2957 641 2983 carns;
672 2949 711 2976 ib.
733 2948 801 2976 DE:
823 2949 974 2977 celestem.
