1986 3380
186 311 257 354 ¹54
754 314 979 346 JOIIANle
1001 314 1185 347 WYCLIF
1205 315 1464 347 sERMONUM
1505 301 1656 359 [SERMO
1680 312 1777 342 XXII·

460 429 746 470 persequuntur
780 433 845 456 vos
877 421 912 456 in
952 421 1104 457 civitate
1149 434 1236 467 ιιηα,
1270 422 1407 472 sug-ite
1452 422 1487 456 in
1519 421 1658 466 al1'am;
1703 422 1776 457 hoc

465 479 569 516 enim
605 479 781 527 precepit
811 478 890 515 suis
923 478 1115 526 apostolis
1148 491 1229 515 non
1263 478 1574 526 congruentibus
1608 478 1777 515 circum-

465 537 627 574 stanciis
674 536 825 582 mortis,
872 548 962 572 cum
1008 537 1083 573 hoc
1134 537 1310 573 fecerunt
1355 549 1445 573 cum
1492 536 1778 573 maturioribus

466 594 784 632 circumstanciis
801 606 843 630 ex
868 595 1009 630 eodem
1035 596 1226 631 mandato
1250 595 1410 637 Christi,
1437 596 1598 643 quando
1623 595 1777 631 fuerant

465 653 709 692 sanccior-es:
745 662 781 689 et
814 652 904 689 ideo
936 664 981 688 ve
1011 660 1115 689 secte
1140 665 1215 701 que
1239 665 1396 701 semper
1419 654 1467 689 ad
1493 653 1774 700 complendum
1795 658 1811 690 5

467 713 540 748 hoc
576 712 811 748 mandatum
845 723 884 746 se
918 718 1076 759 reputat
1109 710 1384 747 immaturam.

203 786 227 805 ρ.
253 778 425 818 [ianget-os
524 771 750 806 Secundum
786 769 1008 805 notandum
1043 781 1085 805 ex
1119 769 1195 805 hoc
1234 768 1438 817 evangelio
1485 777 1540 805 est
1586 769 1692 817 quod
1740 768 1778 804 in

187 815 260 841 ΜΝ
282 814 431 840 ¹¹³¹''³¹⁰¹⁰“·
467 836 717 864 mortuorum
744 826 844 863 lictis
875 826 1078 863 miraculis
1105 826 1273 863 faciliter
1294 826 1429 863 seduci
1452 826 1576 875 possit
1598 826 1777 864 ecclesia.

465 899 553 922 cum
590 887 637 922 de
671 884 851 932 Baptista
884 897 1013 933 pauca
1045 885 1105 921 vel
1139 885 1246 921 nulla
1285 884 1454 932 legimus
1494 884 1700 929 miracula,
1741 892 1777 920 et

464 953 596 980 tamen
633 956 676 979 ex
710 943 786 979 fide
818 942 1037 979 testimonii
1061 943 1238 979 veritatis
1262 944 1452 979 debemus
1476 943 1637 978 credere
1671 942 1776 990 quod
1797 957 1837 979 ιο

463 1003 562 1038 inter
594 1009 702 1037 natos
740 1001 943 1036 mulierum
983 1013 1055 1037 non
1093 1001 1267 1037 surrexit
1301 1001 1478 1050 Baptista
1522 1000 1780 1037 excellencior

464 1060 503 1095 in
535 1059 693 1096 virtute.
728 1058 921 1095 Diabolus
955 1058 1058 1094 enim
1094 1058 1249 1094 facilius
1283 1058 1411 1094 illudit
1446 1058 1676 1095 hominibus
1710 1069 1779 1106 per

463 1118 575 1166 signa
609 1117 837 1153 huiusmodi
873 1125 1125 1153 mortuorum
1159 1129 1279 1165 quam
1315 1129 1384 1164 per
1416 1116 1493 1152 vite
1517 1116 1776 1164 superstitum

463 1175 731 1212 sanctitatem.
774 1176 865 1210 Ideo
898 1174 1163 1223 probabiliter
1196 1174 1372 1211 creditur
1411 1175 1517 1222 quod
1559 1175 1777 1209 multorum

465 1242 716 1270 mortuorum
752 1232 989 1269 excellencia
1022 1244 1092 1280 per
1132 1241 1257 1268 artem
1300 1231 1459 1280 dyaboli
1500 1231 1700 1268 extollitur
1740 1231 1835 1269 in15

465 1292 537 1327 hiis
576 1291 710 1339 signis,
751 1299 793 1326 ut
832 1299 913 1326 tam
953 1290 1061 1327 avari
1100 1303 1220 1338 quam
1261 1290 1319 1326 sui
1355 1289 1504 1337 posteri
1537 1291 1779 1326 seducantur

465 1350 579 1397 longe
612 1349 751 1397 pocius
785 1361 905 1397 quarn
939 1357 981 1384 ut
1014 1348 1139 1385 sancti
1180 1348 1418 1385 excellencia
1458 1360 1501 1384 ex
1540 1347 1664 1395 priori
1702 1347 1780 1384 rite

465 1407 607 1444 merito
641 1407 865 1443 extollatur.
905 1406 1002 1451 Quis
1037 1405 1140 1442 enim
1177 1406 1249 1442 fuit
1283 1405 1462 1455 Baptista
1493 1407 1553 1442 vel
1586 1405 1779 1454 apostolis

463 1465 604 1502 ceteris
643 1464 840 1510 sanccior,
875 1477 1047 1512 quorum
1088 1464 1183 1501 talia
1224 1463 1418 1501 miracula
1457 1476 1535 1500 non
1575 1463 1780 1500 videmus?

463 1524 667 1572 Dyabolus
700 1531 833 1559 autem
868 1522 1114 1570 permittitur
1146 1522 1235 1570 plus
1269 1522 1434 1559 illudere
1459 1521 1623 1558 ecclesie
1657 1534 1776 1570 quam
1798 1539 1838 1561 20

464 1583 539 1618 hoc
573 1582 709 1618 modo.

174 1646 199 1675 3.
214 1647 295 1675 Relic
311 1647 447 1682 worship
520 1639 664 1676 Tercio
687 1640 910 1675 notandum
936 1650 979 1675 ex
1003 1638 1078 1675 hoc
1102 1638 1306 1686 evangelio
1330 1639 1437 1687 quod
1454 1640 1558 1674 Deus
1582 1646 1620 1674 et
1640 1637 1780 1674 trium-

201 1682 429 1745 ’10ζὲρὲἑὲὛά
465 1699 592 1746 phans
617 1696 783 1734 ecclesia
815 1709 895 1733 non
929 1697 1155 1744 approbant
1179 1697 1285 1744 quod
1310 1695 1715 1745 proporcionabiliter
1738 1704 1781 1732 ut

264 1747 273 1753 ν
464 1755 551 1805 quis
567 1755 620 1791 ibi
638 1764 694 1792 est
716 1754 899 1791 sanccior
922 1753 976 1790 sic
1000 1754 1039 1790 in
1064 1766 1232 1803 corpore
1255 1767 1326 1790 suo
1349 1755 1407 1790 vel
1433 1753 1611 1802 reliquiis
1634 1753 1781 1790 relictis

464 1813 504 1850 in
527 1823 633 1850 terra
666 1813 715 1850 sit
734 1812 1017 1849 honorancior.
1053 1814 1165 1848 Patet
1189 1813 1236 1848 de
1260 1814 1395 1860 Moyse
1419 1824 1537 1861 quem
1562 1813 1666 1848 Deus
1690 1811 1780 1848 ideo
1797 1819 1836 1851 25

464 1885 545 1908 non
576 1870 701 1908 voluit
734 1871 790 1907 sic
823 1878 1005 1919 patenter
1029 1879 1065 1906 et
1089 1869 1311 1906 honorifice
1340 1869 1513 1918 sepeliri,
1539 1870 1586 1906 de
1610 1882 1779 1918 corpore

467 1929 603 1966 matris
636 1941 704 1966 sue
739 1941 829 1965 cum
865 1940 1037 1977 corpore
1069 1927 1320 1976 Evangeliste
1353 1937 1389 1964 et
1414 1929 1633 1964 multorum
1666 1940 1779 1964 sanc-

464 1996 597 2024 torum
650 1987 855 2023 similium.
909 1988 1010 2023 Cum
1063 1998 1157 2034 ergo
1210 1985 1391 2022 Christus
1445 1995 1481 2022 et
1525 1985 1779 2034 triumphans

465 2045 631 2082 ecclesia
663 2044 787 2082 nichil
818 2044 1007 2081 ordinant
1039 2053 1106 2081 aut
1138 2044 1276 2080 volunt
1315 2056 1358 2080 ex
1398 2043 1672 2080 indifferencia
1710 2044 1777 2080 sed

465 2103 687 2140 certissima
719 2102 893 2149 racione,
927 2111 1037 2150 patet
1070 2101 1287 2139 conclusio.
1332 2103 1381 2138 Et
1427 2113 1469 2138 ex
1515 2102 1589 2138 hoc
1622 2100 1838 2140 videtur30

464 2163 572 2211 quod
604 2161 756 2198 viantes
779 2169 948 2210 peccant
971 2160 1156 2209 graviter,
1190 2168 1273 2196 tam
1297 2167 1480 2208 patenter
1504 2159 1779 2196 discordantes

464 2221 512 2256 ab
557 2218 723 2256 ecclesia
767 2218 1055 2267 triumphante.
1101 2218 1379 2255 Recoleremus
1424 2217 1621 2267 (inquam)
1668 2216 1780 2253 istius

463 2277 571 2315 verbi
595 2279 752 2321 (Hester
774 2278 860 2322 V10,
887 2280 943 2324 9):
968 2277 1174 2325 quomodo
1198 2275 1365 2325 quilibet
1388 2275 1589 2312 virtuosus
1613 2275 1779 2311 honora-

465 2336 568 2372 bitur
598 2335 1010 2384 secundumsormam
1051 2346 1123 2384 qua
1163 2346 1238 2370 rex
1277 2346 1414 2385 regum
1454 2333 1576 2383 ipsum
1618 2333 1781 2369 voluerit

465 2394 671 2430 honorare.
707 2395 806 2430 Cum
842 2404 936 2441 ergo
969 2391 1117 2428 scimus
1152 2393 1260 2441 quod
1294 2403 1359 2428 rex
1392 2403 1529 2439 regum
1555 2390 1706 2438 colligit
1740 2390 1779 2426 in
1796 2398 1835 2432 35

464 2451 738 2499 spiritualibus
762 2452 904 2487 horum
929 2459 1161 2487 sanctorum
1185 2458 1311 2487 totam
1336 2450 1496 2486 laudem
1519 2457 1555 2485 et
1578 2447 1777 2497 premium

465 2511 571 2558 quod
604 2509 774 2546 voluerit
796 2508 891 2558 ipsis
922 2509 1030 2555 dare,
1062 2508 1220 2545 videtur
1253 2509 1360 2557 quod
1395 2507 1602 2544 manifeste
1635 2518 1777 2554 repug—

464 2579 608 2604 namus
652 2566 847 2603 voluntati
892 2578 960 2603 sue
1004 2575 1086 2603 tam
1139 2565 1368 2603 differenter
1412 2565 1582 2602 colendo
1633 2565 1776 2600 horum

535 2685 555 2705 ι.
575 2678 620 2705 A:
642 2677 671 2705 in
694 2685 786 2705 unam
808 2677 962 2705 civitatem
983 2677 1077 2713 fugite
1098 2677 1127 2705 in
1149 2676 1250 2705 aliam.
1343 2684 1367 2713 a.
1388 2676 1432 2704 A:
1455 2675 1535 2712 preci
1564 2675 1594 2703 it.
1686 2674 1711 2703 5.
1732 2675 1776 2702 A:

464 2716 491 2740 et
511 2712 606 2739 deest.
736 2721 764 2751 7.
785 2712 841 2739 ΑΙ)
863 2712 892 2740 in
915 2720 1028 2746 marga
1050 2712 1245 2744 Secundum:
1275 2711 1315 2739 ib.
1338 2710 1408 2738 DE:
1429 2711 1528 2739 Secun
1555 2718 1573 2737 ο
1594 2709 1776 2737 notandum.

463 2748 491 2774 8.
507 2747 576 2774 DE:
599 2751 714 2782 potcst;
735 2747 775 2774 ib.
793 2746 816 2774 E
830 2747 859 2774 iu
877 2755 989 2781 marg:
1011 2746 1146 2774 Ecclesia
1167 2746 1322 2774 seducitur
1342 2745 1418 2773 fictis
1440 2745 1606 2772 miraculis.
1653 2752 1691 2772 12.
1709 2743 1775 2771 DE:

465 2781 643 2809 hominibus
663 2781 758 2808 deest.
856 2781 895 2809 18.
918 2781 959 2808 E:
981 2781 1174 2808 extollantur.
1284 2788 1327 2808 22.
1348 2780 1404 2807 ΑΙ)
1426 2779 1455 2807 in
1477 2787 1591 2815 marg:
1613 2778 1776 2809 Tercium:

465 2816 504 2843 ib.
525 2817 570 2844 A:
592 2816 674 2851 quod
696 2815 852 2843 dominus.
955 2815 996 2844 25.
1020 2815 1043 2842 1)
1065 2815 1094 2843 in
1117 2823 1230 2850 marga
1253 2814 1429 2842 Concordat
1452 2813 1632 2849 Gregorius,
1655 2813 1776 2840 omelia

465 2850 587 2878 XXIX0.
678 2850 726 2878 26.
749 2850 816 2878 DE:
838 2850 975 2886 sepelire.
1066 2857 1110 2886 27.
1131 2851 1176 2877 A:
1198 2849 1343 2885 Baptiste.
1436 2847 1478 2876 32.
1502 2850 1541 2877 h:
1562 2848 1777 2876 Recoleremus

464 2885 566 2920 igitur.
645 2883 758 2921 35—37.
778 2885 823 2913 A:
846 2885 997 2912 honorare
1016 2900 1049 2904 —
1069 2884 1151 2920 quod
1173 2884 1303 2912 volucrit
1322 2884 1416 2912 deest.

539 2955 586 2977 11.
616 2944 777 2977 Matthaei
808 2945 864 2984 Xl,
889 2955 936 2977 ιι.

1972 2679 1986 2916 *ΛῌΔᾎΑ
1980 2627 1986 2662 ..-
