1986 3380
194 634 209 665 5

172 933 210 954 10

174 1212 209 1245 15

171 1512 213 1533 20

137 1653 212 1686 Fol.

134 1698 212 1732 11¹¹

171 1791 211 1825 25

171 2084 212 2116 30

227 289 361 318 samio
383 276 450 335 ix.]
706 288 915 322 SECUNDA
947 289 1069 320 PARS.
1781 285 1826 319 61

226 408 341 435 sonat
373 411 521 435 nomen
554 397 753 445 Symonis‚
789 396 854 445 qui
897 396 1182 443 interpretatur
1222 394 1426 434 obediens,
1461 407 1541 430 non

227 456 461 492 obediencia
495 456 533 491 in
566 456 788 497 abstracto:
828 462 863 489 et
902 453 1128 501 geminacio
1167 452 1376 488 nominum
1413 452 1543 499 signat

225 516 443 550 Judeorum
489 512 766 549 obedienciam
814 521 933 559 atque
978 511 1199 559 gentilium.
1246 511 1349 545 Caro
1394 518 1541 549 autem,

227 572 265 607 id
306 581 375 615 est,
417 570 632 607 mundialis
671 569 886 617 sapiencia,
927 582 993 605 nec
1031 569 1205 618 sangnis,
1247 568 1285 603 id
1327 576 1396 610 est,
1445 580 1544 615 pura

226 630 376 666 noticia
400 629 553 678 phisica
576 629 637 665 vel
662 627 943 676 philosophica
973 640 1044 662 non
1070 626 1255 662 revelavit
1279 625 1394 662 istam
1424 625 1540 661 fidem

228 689 274 724 de
308 696 389 724 tam
425 686 662 724 abscondito
696 686 866 722 articulo
900 686 968 721 sed
1001 684 1255 732 singulariter
1279 686 1384 719 Deus
1417 692 1542 731 pater.

227 747 275 782 Et
308 754 398 794 post
431 745 547 781 istam
589 743 915 780 nominacionem
950 742 1149 779 inicialem
1185 742 1223 777 in
1255 741 1331 787 via,
1366 741 1545 789 sequitur

227 804 305 840 alia
335 803 566 839 nominaeio
596 801 721 850 priori
752 800 985 850 perfeccior‚
1011 813 1101 836 cum
1126 799 1253 836 fidelis
1283 799 1545 836 confirmatus

228 861 267 897 in
312 861 388 897 fide
432 861 481 897 sit
526 859 745 908 figuraliter
790 859 873 908 ipse
907 861 1058 904 Petrus,
1105 871 1195 894 cum
1234 857 1283 894 sit
1324 869 1544 905 agnoscens

228 919 397 955 clariore
432 919 508 955 fide
541 919 662 955 istum
696 917 910 954 articulum
946 929 992 953 ac
1025 916 1272 953 discalceans
1306 915 1544 952 affecciones

226 986 404 1013 terrenas
444 985 480 1013 et
520 976 739 1012 dissolvens
777 974 1025 1012 infidelitatis
1057 974 1216 1011 vincula
1257 974 1400 1022 quibus
1434 972 1542 1021 prius

225 1035 299 1071 fuit
337 1048 427 1071 cum
461 1035 573 1071 hoste
616 1033 749 1070 anime
788 1033 1019 1081 colligatus;
1053 1033 1129 1069 hoc
1162 1031 1266 1068 enim
1302 1040 1371 1078 est,
1406 1034 1544 1068 Petrus

227 1102 264 1130 et
295 1094 600 1142 quodammodo
633 1092 719 1140 ipsa
752 1100 866 1139 petra
899 1090 1212 1127 fundamentalis
1246 1089 1412 1126 ecclesie
1434 1091 1545 1126 Jesus

227 1151 420 1188 Christus.
455 1152 548 1187 Ideo
578 1152 628 1187 ad
652 1151 926 1186 denotandum
957 1161 1117 1185 sensum
1140 1148 1324 1197 Apostoli
1355 1147 1543 1184 dicentis:

232 1210 376 1245 Gracia
400 1210 476 1245 Dei
505 1221 589 1245 sum
623 1209 663 1244 id
694 1208 796 1257 quod
826 1220 910 1244 sum
943 1207 1142 1255 scriptura
1176 1219 1287 1243 more
1320 1219 1392 1243 suo
1426 1206 1545 1242 refert

227 1267 345 1304 istam
379 1266 625 1304 sentenciam
660 1267 710 1302 ad
740 1267 842 1302 hanc
874 1274 1051 1314 petram:
1094 1266 1222 1314 Super
1254 1265 1352 1301 hanc
1374 1272 1544 1314 petram,

227 1325 368 1374 inquit,
398 1325 581 1375 edificabo
604 1324 802 1360 ecclesiam
827 1337 961 1360 meam.
996 1325 1077 1359 Nec
1101 1331 1231 1371 potest
1255 1324 1398 1359 domus
1422 1322 1545 1359 eccle-

228 1383 283 1420 sie
321 1396 440 1431 super
472 1392 553 1419 tam
587 1382 719 1419 stabili
752 1382 1014 1418 fundamento
1048 1393 1118 1429 per
1151 1389 1287 1429 portas
1318 1381 1379 1417 vel
1411 1388 1545 1429 partes

229 1443 372 1477 domus
405 1441 519 1476 inferi
554 1440 726 1476 finaliter
759 1439 952 1488 superari.

286 1501 385 1536 Sunt
415 1498 519 1535 enim
550 1499 769 1535 secundum
793 1497 1060 1545 Augustinum
1093 1498 1168 1533 due
1192 1496 1371 1533 civitates
1394 1496 1546 1533 scilicet
1571 1502 1638 1531 The
1660 1508 1720 1545 two
1742 1504 1827 1531 citios

228 1557 300 1593 Dei
340 1565 459 1606 atque
502 1556 662 1604 dyaboli
702 1568 775 1603 pro
814 1564 996 1603 tempore
1034 1555 1094 1591 vie
1134 1555 1361 1600 commixte‚
1401 1563 1438 1591 et
1472 1555 1544 1591 hec
1560 1538 1718 1601 ga‘ssgnssassg
1736 1540 1838 1602 ffiffed

229 1616 305 1651 due
344 1615 521 1652 civitates
566 1623 656 1651 sunt
696 1615 772 1650 clue
811 1625 954 1661 magne
994 1614 1137 1649 domus
1183 1614 1373 1649 habentes
1412 1621 1545 1660 partes
1578 1608 1648 1635 hei-e
1669 1617 1708 1636 on
1730 1610 1826 1636 earth.

228 1682 265 1710 et
303 1681 453 1722 portas⁷
494 1673 599 1720 leges
640 1680 676 1709 et
709 1671 912 1720 principes
946 1672 1088 1719 desper
1116 1666 1120 1724 Ι
1150 1679 1257 1717 atos,.
1285 1672 1353 1707 sed
1386 1679 1546 1718 oportet

228 1731 429 1768 civitatem
469 1730 618 1767 diaboli
663 1729 861 1766 substerni
900 1729 1085 1775 finaliter,
1127 1741 1217 1765 cum
1257 1737 1372 1777 porte
1417 1728 1544 1774 inferi,

228 1791 303 1826 hoc
349 1798 418 1835 est,
464 1801 537 1826 nec
582 1796 802 1837 potestates
845 1800 918 1824 nec
956 1787 1126 1824 insultus
1164 1787 1417 1824 tirannorum
1457 1798 1546 1835 per-

227 1847 485 1896 sequencium
506 1859 579 1883 nec
601 1847 871 1894 malignorum
895 1846 1109 1894 spirituum
1126 1846 1388 1894 prevalebunt
1404 1852 1546 1881 contra

226 1914 407 1943 sanctam
432 1905 655 1952 ecelesiam,
671 1918 761 1941 cum
786 1917 852 1941 rex
876 1905 1054 1941 celorum
1074 1903 1123 1940 sit
1138 1903 1349 1952 potencior
1363 1902 1545 1952 principe

228 1964 344 2000 huius
384 1963 541 2009 mundi3
582 1963 689 2000 dicto
728 1971 862 1999 autern
899 1963 1015 1999 Petro
1056 1963 1199 1998 dantur
1236 1962 1364 1998 claves
1402 1962 1545 1997 domus

230 2021 408 2068 ecclesie,
443 2030 480 2059 et
514 2021 600 2070 ipsa
631 2029 799 2058 vocatur
831 2033 998 2069 regnum
1032 2021 1216 2056 celorum.

287 2082 466 2128 Regnum
514 2089 647 2116 autem
693 2079 872 2116 celorum
917 2078 1089 2115 sumitur
1132 2091 1238 2115 nunc
1284 2076 1546 2114 materialiter
1578 2084 1819 2125 [iifferentuses

229 2151 302 2186 pro
353 2138 441 2187 ipso
481 2140 564 2174 Deo
610 2150 702 2186 rege
750 2137 866 2174 huius
912 2136 1035 2185 regni,
1082 2145 1124 2173 ut
1168 2145 1278 2185 patet
1324 2135 1364 2172 in
1410 2135 1546 2172 multis
1585 2121 1815 2191 giziiiiqedciisslgi

229 2195 377 2233 Christi
411 2196 615 2245 parabolis
652 2195 796 2245 quibus
833 2195 980 2231 dicitur
1009 2196 1118 2243 quod
1146 2195 1270 2231 simile
1297 2202 1353 2230 est
1382 2206 1546 2245 regnum
1627 2191 1775 2218 heaven'⁷.

228 2255 399 2291 celorum
432 2254 577 2290 homini
607 2254 706 2305 regi,
740 2262 778 2290 et
808 2266 914 2290 nunc
948 2252 1148 2290 collectim
1180 2253 1242 2289 vel
1274 2251 1431 2289 divisim
1474 2264 1547 2300 pro

229 2312 324 2361 ipsis
362 2312 587 2361 regnicolis,
628 2321 665 2348 et
703 2325 810 2348 nunc
852 2311 1024 2348 sumitur
1056 2323 1222 2359 regnum
1256 2310 1435 2346 celorum
1469 2310 1548 2346 for-

298 2456 318 2483 1,
340 2455 366 2476 2.
386 2448 431 2476 A:
453 2448 498 2475 vel
520 2446 708 2475 obediencia.
799 2454 825 2474 2.
847 2446 889 2474 D:
911 2446 1088 2482 generacio:
1118 2444 1159 2473 ib.
1180 2445 1205 2472 E
1227 2445 1256 2472 in
1278 2452 1374 2480 marg.
1396 2444 1545 2472 correxit:

227 2483 410 2518 geminacio.
500 2481 526 2510 3.
547 2483 592 2511 A:
614 2486 715 2509 autem
737 2482 832 2509 deest.
924 2490 953 2514 4.
974 2482 998 2508 Ε
1018 2481 1048 2508 in
1070 2489 1185 2516 marg:
1206 2479 1298 2507 Nota.
1384 2479 1409 2507 5.
1431 2480 1475 2506 A:
1497 2478 1543 2506 vel

228 2518 444 2580 philosophica
464 2518 563 2551 deest:
594 2517 633 2544 E:
678 2517 845 2550 harisaica:
875 2516 916 2544 ib.
939 2516 980 2543 D:
1003 2515 1159 2543 relevabit.
1281 2523 1310 2550 9.
1332 2514 1356 2541 D
1378 2514 1408 2541 in
1430 2522 1544 2548 marg:

253 2557 353 2588 etrus3
374 2553 398 2580 E
418 2553 448 2580 in
470 2560 585 2588 marg:
607 2551 642 2579 Fi
669 2552 723 2579 elis
743 2552 943 2579 confirmatus
964 2554 1010 2578 est
1029 2551 1147 2578 Petrus.
1206 2558 1245 2577 10.
1261 2550 1305 2577 A:
1328 2549 1420 2576 istum
1443 2549 1544 2581 deest:

227 2587 268 2614 ib.
288 2588 334 2615 A:
355 2587 537 2615 decalcians.
630 2594 671 2620 14.
693 2588 737 2614 A:
760 2594 885 2613 sensum
907 2586 1001 2613 deest.
1101 2585 1143 2612 16.
1163 2585 1208 2612 A:
1230 2592 1317 2611 suam
1339 2583 1545 2616 sentenciam;

228 2623 268 2649 ib.
288 2623 333 2650 A:
358 2622 394 2649 Et
415 2630 515 2657 super.
668 2622 706 2648 18.
729 2622 771 2648 D:
792 2621 838 2648 vel
861 2625 963 2656 partes
986 2620 1099 2647 domus
1120 2620 1263 2651 extinct.;
1293 2619 1334 2646 ib.
1354 2619 1398 2646 A:
1421 2618 1544 2645 inferni.

228 2665 274 2684 20.
295 2658 324 2684 A
344 2657 373 2684 in
396 2665 509 2692 marg:
540 2656 657 2684 Civitas
678 2656 806 2691 duplex;
841 2658 861 2682 t)
884 2656 915 2683 in
936 2663 1049 2690 marg:
1073 2654 1206 2686 Civitas:
1236 2654 1260 2681 E
1281 2654 1312 2681 in
1333 2661 1448 2688 marg:
1480 2653 1545 2680 Due

228 2691 376 2719 civitates.
444 2699 487 2718 22.
508 2692 552 2719 A:
575 2696 603 2718 et
623 2695 736 2730 partes.
804 2689 846 2718 23.
867 2690 1006 2718 Rectius:
1029 2689 1214 2725 disparatos.
1281 2696 1328 2721 24.
1350 2689 1395 2715 A:
1416 2687 1544 2720 inferni:

228 2727 268 2753 ib.
290 2726 313 2753 E
333 2727 363 2754 in
386 2735 498 2762 marg:
520 2726 609 2753 Portc
629 2725 750 2753 mferni.
823 2726 868 2753 28.
891 2726 933 2752 A:
957 2724 1031 2752 dicit
1050 2729 1162 2751 autem.
1236 2722 1280 2750 30.
1302 2723 1355 2750 DE
1377 2723 1406 2750 in
1429 2730 1541 2757 marg:

228 2760 364 2796 Regnum
396 2762 547 2795 celo1·um;
577 2761 617 2788 ib.
647 2761 686 2788 E:
718 2760 851 2787 sumitur
879 2760 1042 2796 equivoce3
1076 2759 1116 2787 ib.
1146 2759 1171 2786 D
1202 2758 1232 2785 in
1263 2766 1377 2793 marg:
1406 2757 1543 2792 Regnum

229 2797 364 2823 celorum
380 2796 529 2831 accipitur
543 2795 713 2831 tripliciter,
737 2803 757 2831 1,
778 2803 804 2830 2,
827 2794 851 2822 3.
924 2794 963 2822 31.
984 2795 1029 2822 A:
1052 2798 1081 2821 et
1101 2802 1167 2829 pro.

304 2868 353 2900 15.
392 2868 403 2899 I
437 2867 516 2899 Cor.
550 2868 625 2906 XV,
657 2878 706 2899 io.
853 2865 901 2897 18.
941 2867 1031 2908 Aug.
1068 2867 1116 2897 De
1149 2865 1295 2898 Civitate
1336 2864 1410 2903 Dei,
1453 2863 1544 2906 Opp.

229 2921 313 2946 tom.
333 2913 420 2954 VIII,
448 2914 504 2955 30,
531 2914 606 2958 379,
634 2914 715 2955 405.
813 2912 865 2945 32.
893 2913 1013 2944 Matth.
1041 2912 1162 2953 XVIII,
1193 2911 1246 2944 23.
