<?xml version="1.0" encoding="UTF-8"?>
<!DOCTYPE html PUBLIC "-//W3C//DTD XHTML 1.0 Transitional//EN"
    "http://www.w3.org/TR/xhtml1/DTD/xhtml1-transitional.dtd">
<html xmlns="http://www.w3.org/1999/xhtml" xml:lang="en" lang="en">
 <head>
  <title>
</title>
<meta http-equiv="Content-Type" content="text/html;charset=utf-8" />
  <meta name='ocr-system' content='tesseract 3.04.00' />
  <meta name='ocr-capabilities' content='ocr_page ocr_carea ocr_par ocr_line ocrx_word'/>
</head>
<body>
  <div class='ocr_page' id='page_1' title='image "./iohanniswyclifse0702wycl_0148.png"; bbox 0 0 1986 3380; ppageno 0'>
   <div class='ocr_carea' id='block_1_1' title="bbox 150 271 1746 330">
    <p class='ocr_par' dir='ltr' id='par_1_1' title="bbox 150 271 1746 330">
     <span class='ocr_line' id='line_1_1' title="bbox 150 271 1746 330; baseline 0.003 -18"><span class='ocrx_word' id='word_1_1' title='bbox 150 277 224 312; x_wconf 82' lang='lat'>118</span> <span class='ocrx_word' id='word_1_2' title='bbox 727 285 952 317; x_wconf 72' lang='lat' dir='ltr'>JOHANNIS</span> <span class='ocrx_word' id='word_1_3' title='bbox 972 285 1156 317; x_wconf 78' lang='lat' dir='ltr'>WYCLlF</span> <span class='ocrx_word' id='word_1_4' title='bbox 1176 285 1430 317; x_wconf 68' lang='lat' dir='ltr'>sERMoni</span> <span class='ocrx_word' id='word_1_5' title='bbox 1493 271 1644 330; x_wconf 46' lang='grc' dir='ltr'>[ΞΓ-ΝΜΟ</span> <span class='ocrx_word' id='word_1_6' title='bbox 1667 283 1746 310; x_wconf 67' lang='lat' dir='ltr'>XVI·</span> 
     </span>
    </p>
   </div>
   <div class='ocr_carea' id='block_1_2' title="bbox 169 391 1808 1715">
    <p class='ocr_par' dir='ltr' id='par_1_2' title="bbox 432 391 1747 556">
     <span class='ocr_line' id='line_1_2' title="bbox 433 391 1745 440; baseline 0.002 -13"><span class='ocrx_word' id='word_1_7' title='bbox 433 405 510 427; x_wconf 86' lang='lat' dir='ltr'>non</span> <span class='ocrx_word' id='word_1_8' title='bbox 559 392 833 428; x_wconf 77' lang='lat' dir='ltr'>moriebantur</span> <span class='ocrx_word' id='word_1_9' title='bbox 879 391 1000 427; x_wconf 85' lang='lat' dir='ltr'>cicius</span> <span class='ocrx_word' id='word_1_10' title='bbox 1047 391 1084 427; x_wconf 87' lang='lat' dir='ltr'>in</span> <span class='ocrx_word' id='word_1_11' title='bbox 1131 391 1296 429; x_wconf 80' lang='lat' dir='ltr'>caritate</span> <span class='ocrx_word' id='word_1_12' title='bbox 1342 405 1413 440; x_wconf 81' lang='lat' dir='ltr'>pro</span> <span class='ocrx_word' id='word_1_13' title='bbox 1462 393 1596 429; x_wconf 80' lang='lat' dir='ltr'>labore</span> <span class='ocrx_word' id='word_1_14' title='bbox 1641 393 1745 430; x_wconf 76' lang='lat' dir='ltr'>circu</span> 
     </span>
     <span class='ocr_line' id='line_1_3' title="bbox 432 450 1747 497; baseline 0.002 -11"><span class='ocrx_word' id='word_1_15' title='bbox 432 462 590 497; x_wconf 78' lang='lat' dir='ltr'><strong>gregem</strong></span> <span class='ocrx_word' id='word_1_16' title='bbox 627 450 800 491; x_wconf 78' lang='lat' dir='ltr'>Domini,</span> <span class='ocrx_word' id='word_1_17' title='bbox 842 459 878 486; x_wconf 83' lang='lat' dir='ltr'>et</span> <span class='ocrx_word' id='word_1_18' title='bbox 912 459 1006 486; x_wconf 90' lang='lat' dir='ltr'>tunc</span> <span class='ocrx_word' id='word_1_19' title='bbox 1040 451 1201 486; x_wconf 85' lang='lat' dir='ltr'>credam</span> <span class='ocrx_word' id='word_1_20' title='bbox 1242 450 1391 487; x_wconf 87' lang='lat' dir='ltr'>dictum</span> <span class='ocrx_word' id='word_1_21' title='bbox 1433 462 1589 486; x_wconf 86' lang='lat' dir='ltr'>sensum</span> <span class='ocrx_word' id='word_1_22' title='bbox 1631 463 1747 488; x_wconf 79' lang='lat' dir='ltr'>evan-</span> 
     </span>
     <span class='ocr_line' id='line_1_4' title="bbox 433 507 835 556; baseline -0.002 -13"><span class='ocrx_word' id='word_1_23' title='bbox 433 507 524 556; x_wconf 77' lang='lat' dir='ltr'>gelii</span> <span class='ocrx_word' id='word_1_24' title='bbox 559 520 643 544; x_wconf 88' lang='lat' dir='ltr'>esse</span> <span class='ocrx_word' id='word_1_25' title='bbox 678 508 835 544; x_wconf 84' lang='lat' dir='ltr'>falsum.</span> 
     </span>
    </p>

    <p class='ocr_par' dir='ltr' id='par_1_3' title="bbox 433 565 1806 962">
     <span class='ocr_line' id='line_1_5' title="bbox 490 565 1744 613; baseline 0.001 -12"><span class='ocrx_word' id='word_1_26' title='bbox 490 565 566 602; x_wconf 92' lang='lat' dir='ltr'>Alii</span> <span class='ocrx_word' id='word_1_27' title='bbox 612 575 743 602; x_wconf 88' lang='lat' dir='ltr'>autem</span> <span class='ocrx_word' id='word_1_28' title='bbox 791 565 1016 613; x_wconf 73' lang='lat' dir='ltr'>intelligunt</span> <span class='ocrx_word' id='word_1_29' title='bbox 1063 567 1136 602; x_wconf 92' lang='lat' dir='ltr'>hoc</span> <span class='ocrx_word' id='word_1_30' title='bbox 1180 568 1343 602; x_wconf 72' lang='lat' dir='ltr'>verbum</span> <span class='ocrx_word' id='word_1_31' title='bbox 1379 566 1525 602; x_wconf 75' lang='lat' dir='ltr'>Christi</span> <span class='ocrx_word' id='word_1_32' title='bbox 1559 566 1744 602; x_wconf 89' lang='lat' dir='ltr'>ultimum</span> 
     </span>
     <span class='ocr_line' id='line_1_6' title="bbox 433 623 1778 672; baseline 0.001 -13"><span class='ocrx_word' id='word_1_33' title='bbox 433 625 539 672; x_wconf 88' lang='lat' dir='ltr'>quod</span> <span class='ocrx_word' id='word_1_34' title='bbox 574 623 674 660; x_wconf 90' lang='lat' dir='ltr'>alius</span> <span class='ocrx_word' id='word_1_35' title='bbox 707 623 773 671; x_wconf 88' lang='lat' dir='ltr'>qui</span> <span class='ocrx_word' id='word_1_36' title='bbox 807 632 864 659; x_wconf 88' lang='lat' dir='ltr'>est</span> <span class='ocrx_word' id='word_1_37' title='bbox 898 623 1068 671; x_wconf 80' lang='lat' dir='ltr'>Spiritus</span> <span class='ocrx_word' id='word_1_38' title='bbox 1092 624 1261 660; x_wconf 84' lang='lat' dir='ltr'>Sanctus</span> <span class='ocrx_word' id='word_1_39' title='bbox 1295 624 1333 660; x_wconf 93' lang='lat' dir='ltr'>in</span> <span class='ocrx_word' id='word_1_40' title='bbox 1367 636 1438 660; x_wconf 87' lang='lat' dir='ltr'>suo</span> <span class='ocrx_word' id='word_1_41' title='bbox 1472 624 1581 660; x_wconf 88' lang='lat' dir='ltr'>senio</span> <span class='ocrx_word' id='word_1_42' title='bbox 1616 624 1778 672; x_wconf 68' lang='lat' dir='ltr'>cinget5</span> 
     </span>
     <span class='ocr_line' id='line_1_7' title="bbox 434 681 1747 729; baseline 0 -11"><span class='ocrx_word' id='word_1_43' title='bbox 434 684 608 727; x_wconf 81' lang='lat' dir='ltr'>Petrum,</span> <span class='ocrx_word' id='word_1_44' title='bbox 643 681 735 729; x_wconf 84' lang='lat' dir='ltr'>quia</span> <span class='ocrx_word' id='word_1_45' title='bbox 769 681 859 718; x_wconf 88' lang='lat' dir='ltr'>licet</span> <span class='ocrx_word' id='word_1_46' title='bbox 892 681 1002 729; x_wconf 86' lang='lat' dir='ltr'>prius</span> <span class='ocrx_word' id='word_1_47' title='bbox 1037 681 1227 718; x_wconf 70' lang='lat' dir='ltr'>habitavit</span> <span class='ocrx_word' id='word_1_48' title='bbox 1262 682 1300 717; x_wconf 86' lang='lat' dir='ltr'>in</span> <span class='ocrx_word' id='word_1_49' title='bbox 1336 684 1464 721; x_wconf 72' lang='lat' dir='ltr'>Petro,</span> <span class='ocrx_word' id='word_1_50' title='bbox 1499 694 1579 718; x_wconf 89' lang='lat' dir='ltr'>non</span> <span class='ocrx_word' id='word_1_51' title='bbox 1613 692 1747 718; x_wconf 82' lang='lat' dir='ltr'>tamen</span> 
     </span>
     <span class='ocr_line' id='line_1_8' title="bbox 433 739 1747 788; baseline 0.001 -13"><span class='ocrx_word' id='word_1_52' title='bbox 433 748 589 776; x_wconf 87' lang='lat' dir='ltr'>tantum</span> <span class='ocrx_word' id='word_1_53' title='bbox 624 739 874 775; x_wconf 71' lang='lat' dir='ltr'>necessitax·it</span> <span class='ocrx_word' id='word_1_54' title='bbox 908 740 967 776; x_wconf 70' lang='lat' dir='ltr'>vel</span> <span class='ocrx_word' id='word_1_55' title='bbox 991 740 1155 776; x_wconf 75' lang='lat' dir='ltr'>exclusis</span> <span class='ocrx_word' id='word_1_56' title='bbox 1181 739 1355 788; x_wconf 83' lang='lat' dir='ltr'>peccatis</span> <span class='ocrx_word' id='word_1_57' title='bbox 1386 740 1514 788; x_wconf 85' lang='lat' dir='ltr'>ipsum</span> <span class='ocrx_word' id='word_1_58' title='bbox 1543 740 1747 776; x_wconf 86' lang='lat' dir='ltr'>stabiliens</span> 
     </span>
     <span class='ocr_line' id='line_1_9' title="bbox 433 797 1747 845; baseline 0 -11"><span class='ocrx_word' id='word_1_59' title='bbox 433 806 589 834; x_wconf 88' lang='lat' dir='ltr'>tantum</span> <span class='ocrx_word' id='word_1_60' title='bbox 625 797 743 833; x_wconf 76' lang='lat' dir='ltr'>cinxit</span> <span class='ocrx_word' id='word_1_61' title='bbox 777 806 812 833; x_wconf 84' lang='lat' dir='ltr'>et</span> <span class='ocrx_word' id='word_1_62' title='bbox 847 798 956 845; x_wconf 85' lang='lat' dir='ltr'>prius</span> <span class='ocrx_word' id='word_1_63' title='bbox 991 797 1159 834; x_wconf 78' lang='lat' dir='ltr'>existens</span> <span class='ocrx_word' id='word_1_64' title='bbox 1192 811 1273 834; x_wconf 89' lang='lat' dir='ltr'>non</span> <span class='ocrx_word' id='word_1_65' title='bbox 1298 807 1477 834; x_wconf 86' lang='lat' dir='ltr'>maturus</span> <span class='ocrx_word' id='word_1_66' title='bbox 1510 810 1590 834; x_wconf 84' lang='lat' dir='ltr'>non</span> <span class='ocrx_word' id='word_1_67' title='bbox 1623 798 1747 834; x_wconf 79' lang='lat' dir='ltr'>voluit</span> 
     </span>
     <span class='ocr_line' id='line_1_10' title="bbox 434 854 1748 904; baseline 0.001 -13"><span class='ocrx_word' id='word_1_68' title='bbox 434 867 533 904; x_wconf 85' lang='lat' dir='ltr'>eque</span> <span class='ocrx_word' id='word_1_69' title='bbox 567 854 781 891; x_wconf 89' lang='lat' dir='ltr'>efficaciter</span> <span class='ocrx_word' id='word_1_70' title='bbox 815 855 869 891; x_wconf 91' lang='lat' dir='ltr'>ita</span> <span class='ocrx_word' id='word_1_71' title='bbox 903 856 984 903; x_wconf 87' lang='lat' dir='ltr'>pati</span> <span class='ocrx_word' id='word_1_72' title='bbox 1019 856 1078 892; x_wconf 78' lang='lat' dir='ltr'>vel</span> <span class='ocrx_word' id='word_1_73' title='bbox 1110 856 1166 891; x_wconf 76' lang='lat' dir='ltr'>vis</span> <span class='ocrx_word' id='word_1_74' title='bbox 1200 855 1386 892; x_wconf 71' lang='lat' dir='ltr'>sensitiva</span> <span class='ocrx_word' id='word_1_75' title='bbox 1421 869 1500 892; x_wconf 88' lang='lat' dir='ltr'>non</span> <span class='ocrx_word' id='word_1_76' title='bbox 1535 856 1590 892; x_wconf 91' lang='lat' dir='ltr'>sic</span> <span class='ocrx_word' id='word_1_77' title='bbox 1623 856 1748 892; x_wconf 76' lang='lat' dir='ltr'>voluit</span> 
     </span>
     <span class='ocr_line' id='line_1_11' title="bbox 434 912 1806 962; baseline 0.001 -12"><span class='ocrx_word' id='word_1_78' title='bbox 434 925 456 950; x_wconf 90' lang='lat' dir='ltr'>a</span> <span class='ocrx_word' id='word_1_79' title='bbox 489 926 562 949; x_wconf 87' lang='lat' dir='ltr'>suo</span> <span class='ocrx_word' id='word_1_80' title='bbox 595 912 813 950; x_wconf 89' lang='lat' dir='ltr'>intrinseco</span> <span class='ocrx_word' id='word_1_81' title='bbox 849 913 950 950; x_wconf 87' lang='lat' dir='ltr'>sicut</span> <span class='ocrx_word' id='word_1_82' title='bbox 992 914 1205 950; x_wconf 82' lang='lat' dir='ltr'>confitetur</span> <span class='ocrx_word' id='word_1_83' title='bbox 1245 914 1441 950; x_wconf 77' lang='lat' dir='ltr'>Dominus</span> <span class='ocrx_word' id='word_1_84' title='bbox 1481 916 1528 950; x_wconf 84' lang='lat' dir='ltr'>de</span> <span class='ocrx_word' id='word_1_85' title='bbox 1567 926 1606 950; x_wconf 88' lang='lat' dir='ltr'>se</span> <span class='ocrx_word' id='word_1_86' title='bbox 1646 914 1806 962; x_wconf 88' lang='lat' dir='ltr'>ipso.10</span> 
     </span>
    </p>

    <p class='ocr_par' dir='ltr' id='par_1_4' title="bbox 189 971 1748 1019">
     <span class='ocr_line' id='line_1_12' title="bbox 189 971 1748 1019; baseline 0.003 -15"><span class='ocrx_word' id='word_1_87' title='bbox 189 977 374 1016; x_wconf 34' lang='lat' dir='ltr'>Which-are</span> <span class='ocrx_word' id='word_1_88' title='bbox 494 971 610 1007; x_wconf 92' lang='lat' dir='ltr'>Circa</span> <span class='ocrx_word' id='word_1_89' title='bbox 656 972 729 1007; x_wconf 90' lang='lat' dir='ltr'>hoc</span> <span class='ocrx_word' id='word_1_90' title='bbox 777 972 1024 1019; x_wconf 71' lang='lat' dir='ltr'>evangelium</span> <span class='ocrx_word' id='word_1_91' title='bbox 1071 972 1276 1008; x_wconf 84' lang='lat' dir='ltr'>dubitatur</span> <span class='ocrx_word' id='word_1_92' title='bbox 1327 981 1461 1008; x_wconf 90' lang='lat' dir='ltr'>utrum</span> <span class='ocrx_word' id='word_1_93' title='bbox 1514 972 1654 1008; x_wconf 81' lang='lat' dir='ltr'>fratres</span> <span class='ocrx_word' id='word_1_94' title='bbox 1706 985 1748 1008; x_wconf 79' lang='lat' dir='ltr'>ex</span> 
     </span>
    </p>

    <p class='ocr_par' dir='ltr' id='par_1_5' title="bbox 169 1014 1808 1715">
     <span class='ocr_line' id='line_1_13' title="bbox 169 1014 1749 1078; baseline 0.001 -14"><span class='ocrx_word' id='word_1_95' title='bbox 169 1014 400 1074; x_wconf 44' lang='lat' dir='ltr'>”offrssssogfflffl</span> <span class='ocrx_word' id='word_1_96' title='bbox 436 1041 506 1066; x_wconf 84' lang='lat' dir='ltr'>sua</span> <span class='ocrx_word' id='word_1_97' title='bbox 540 1028 798 1066; x_wconf 85' lang='lat' dir='ltr'>institucione</span> <span class='ocrx_word' id='word_1_98' title='bbox 831 1030 995 1078; x_wconf 90' lang='lat' dir='ltr'>propria</span> <span class='ocrx_word' id='word_1_99' title='bbox 1031 1030 1154 1077; x_wconf 77' lang='lat' dir='ltr'>magis</span> <span class='ocrx_word' id='word_1_100' title='bbox 1180 1030 1401 1066; x_wconf 79' lang='lat' dir='ltr'>exorbitant</span> <span class='ocrx_word' id='word_1_101' title='bbox 1427 1043 1546 1078; x_wconf 84' lang='lat' dir='ltr'>quam</span> <span class='ocrx_word' id='word_1_102' title='bbox 1574 1030 1749 1077; x_wconf 65' lang='lat' dir='ltr'>religiosi</span> 
     </span>
     <span class='ocr_line' id='line_1_14' title="bbox 435 1086 1748 1135; baseline 0 -12"><span class='ocrx_word' id='word_1_103' title='bbox 435 1086 722 1135; x_wconf 87' lang='lat' dir='ltr'>possessionati</span> <span class='ocrx_word' id='word_1_104' title='bbox 740 1089 788 1124; x_wconf 84' lang='lat' dir='ltr'>ab</span> <span class='ocrx_word' id='word_1_105' title='bbox 805 1088 945 1124; x_wconf 81' lang='lat' dir='ltr'>ordine</span> <span class='ocrx_word' id='word_1_106' title='bbox 962 1087 1192 1124; x_wconf 83' lang='lat' dir='ltr'>christiano.</span> <span class='ocrx_word' id='word_1_107' title='bbox 1206 1088 1422 1135; x_wconf 82' lang='lat' dir='ltr'>Supposita</span> <span class='ocrx_word' id='word_1_108' title='bbox 1439 1098 1570 1124; x_wconf 84' lang='lat' dir='ltr'>autem</span> <span class='ocrx_word' id='word_1_109' title='bbox 1583 1088 1748 1124; x_wconf 71' lang='lat' dir='ltr'>veritate</span> 
     </span>
     <span class='ocr_line' id='line_1_15' title="bbox 434 1144 1748 1194; baseline 0.002 -14"><span class='ocrx_word' id='word_1_110' title='bbox 434 1144 620 1193; x_wconf 85' lang='lat' dir='ltr'>impliciti</span> <span class='ocrx_word' id='word_1_111' title='bbox 665 1145 820 1182; x_wconf 79' lang='lat' dir='ltr'>videtur</span> <span class='ocrx_word' id='word_1_112' title='bbox 866 1147 973 1194; x_wconf 83' lang='lat' dir='ltr'>quod</span> <span class='ocrx_word' id='word_1_113' title='bbox 1019 1145 1303 1193; x_wconf 89' lang='lat' dir='ltr'>possessionati</span> <span class='ocrx_word' id='word_1_114' title='bbox 1352 1146 1477 1193; x_wconf 76' lang='lat' dir='ltr'>magis</span> <span class='ocrx_word' id='word_1_115' title='bbox 1525 1145 1748 1182; x_wconf 80' lang='lat' dir='ltr'>exorbitant</span> 
     </span>
     <span class='ocr_line' id='line_1_16' title="bbox 436 1202 1805 1251; baseline 0.001 -13"><span class='ocrx_word' id='word_1_116' title='bbox 436 1215 556 1251; x_wconf 88' lang='lat' dir='ltr'>quam</span> <span class='ocrx_word' id='word_1_117' title='bbox 581 1202 721 1239; x_wconf 88' lang='lat' dir='ltr'>fratres</span> <span class='ocrx_word' id='word_1_118' title='bbox 739 1203 804 1251; x_wconf 90' lang='lat' dir='ltr'>qui</span> <span class='ocrx_word' id='word_1_119' title='bbox 824 1205 1035 1240; x_wconf 68' lang='lat' dir='ltr'>observant</span> <span class='ocrx_word' id='word_1_120' title='bbox 1052 1203 1438 1251; x_wconf 74' lang='lat' dir='ltr'>expropriacionem,</span> <span class='ocrx_word' id='word_1_121' title='bbox 1455 1203 1555 1240; x_wconf 84' lang='lat' dir='ltr'>sicut</span> <span class='ocrx_word' id='word_1_122' title='bbox 1572 1204 1748 1240; x_wconf 82' lang='lat' dir='ltr'>fecerunt</span> <span class='ocrx_word' id='word_1_123' title='bbox 1770 1219 1805 1240; x_wconf 73' lang='lat'>¹3</span> 
     </span>
     <span class='ocr_line' id='line_1_17' title="bbox 435 1260 1748 1309; baseline 0.001 -12"><span class='ocrx_word' id='word_1_124' title='bbox 435 1260 621 1308; x_wconf 86' lang='lat' dir='ltr'>apostoli,</span> <span class='ocrx_word' id='word_1_125' title='bbox 676 1270 712 1296; x_wconf 92' lang='lat' dir='ltr'>et</span> <span class='ocrx_word' id='word_1_126' title='bbox 764 1274 883 1308; x_wconf 89' lang='lat' dir='ltr'>super</span> <span class='ocrx_word' id='word_1_127' title='bbox 928 1262 1002 1298; x_wconf 89' lang='lat' dir='ltr'>hoc</span> <span class='ocrx_word' id='word_1_128' title='bbox 1053 1262 1141 1309; x_wconf 87' lang='lat' dir='ltr'>plus</span> <span class='ocrx_word' id='word_1_129' title='bbox 1192 1261 1403 1297; x_wconf 88' lang='lat' dir='ltr'>intendunt</span> <span class='ocrx_word' id='word_1_130' title='bbox 1456 1261 1748 1309; x_wconf 77' lang='lat' dir='ltr'>predicacionis</span> 
     </span>
     <span class='ocr_line' id='line_1_18' title="bbox 435 1317 1748 1367; baseline 0.002 -13"><span class='ocrx_word' id='word_1_131' title='bbox 435 1317 700 1363; x_wconf 82' lang='lat' dir='ltr'>insudaeioni,</span> <span class='ocrx_word' id='word_1_132' title='bbox 744 1331 816 1355; x_wconf 89' lang='lat' dir='ltr'>nec</span> <span class='ocrx_word' id='word_1_133' title='bbox 862 1318 900 1355; x_wconf 90' lang='lat' dir='ltr'>in</span> <span class='ocrx_word' id='word_1_134' title='bbox 946 1319 1024 1355; x_wconf 88' lang='lat' dir='ltr'>alio</span> <span class='ocrx_word' id='word_1_135' title='bbox 1071 1319 1196 1367; x_wconf 70' lang='lat' dir='ltr'>magis</span> <span class='ocrx_word' id='word_1_136' title='bbox 1235 1319 1476 1360; x_wconf 80' lang='lat' dir='ltr'>exorbitant:</span> <span class='ocrx_word' id='word_1_137' title='bbox 1523 1332 1617 1367; x_wconf 64' lang='lat' dir='ltr'>ergo</span> <span class='ocrx_word' id='word_1_138' title='bbox 1656 1333 1748 1367; x_wconf 87' lang='lat' dir='ltr'>pro-</span> 
     </span>
     <span class='ocr_line' id='line_1_19' title="bbox 435 1376 1747 1425; baseline 0.001 -13"><span class='ocrx_word' id='word_1_139' title='bbox 435 1384 656 1424; x_wconf 89' lang='lat' dir='ltr'>sequuntur</span> <span class='ocrx_word' id='word_1_140' title='bbox 689 1376 891 1412; x_wconf 87' lang='lat' dir='ltr'>Christum</span> <span class='ocrx_word' id='word_1_141' title='bbox 926 1386 962 1413; x_wconf 89' lang='lat' dir='ltr'>et</span> <span class='ocrx_word' id='word_1_142' title='bbox 995 1378 1201 1425; x_wconf 87' lang='lat' dir='ltr'>apostolos</span> <span class='ocrx_word' id='word_1_143' title='bbox 1235 1390 1327 1413; x_wconf 91' lang='lat' dir='ltr'>suos</span> <span class='ocrx_word' id='word_1_144' title='bbox 1360 1377 1397 1413; x_wconf 88' lang='lat' dir='ltr'>in</span> <span class='ocrx_word' id='word_1_145' title='bbox 1432 1379 1553 1413; x_wconf 87' lang='lat' dir='ltr'>modo</span> <span class='ocrx_word' id='word_1_146' title='bbox 1592 1377 1747 1414; x_wconf 81' lang='lat' dir='ltr'>vivendi</span> 
     </span>
     <span class='ocr_line' id='line_1_20' title="bbox 435 1433 1747 1483; baseline 0.001 -13"><span class='ocrx_word' id='word_1_147' title='bbox 435 1433 618 1470; x_wconf 87' lang='lat' dir='ltr'>similius.</span> <span class='ocrx_word' id='word_1_148' title='bbox 664 1436 712 1470; x_wconf 87' lang='lat' dir='ltr'>Et</span> <span class='ocrx_word' id='word_1_149' title='bbox 760 1434 1023 1471; x_wconf 82' lang='lat' dir='ltr'>confirmatur</span> <span class='ocrx_word' id='word_1_150' title='bbox 1067 1448 1109 1471; x_wconf 83' lang='lat' dir='ltr'>ex</span> <span class='ocrx_word' id='word_1_151' title='bbox 1155 1436 1229 1471; x_wconf 91' lang='lat' dir='ltr'>hoc</span> <span class='ocrx_word' id='word_1_152' title='bbox 1278 1437 1383 1483; x_wconf 86' lang='lat' dir='ltr'>quod</span> <span class='ocrx_word' id='word_1_153' title='bbox 1435 1445 1560 1472; x_wconf 87' lang='lat' dir='ltr'>status</span> <span class='ocrx_word' id='word_1_154' title='bbox 1603 1435 1747 1472; x_wconf 78' lang='lat' dir='ltr'>novelli</span> 
     </span>
     <span class='ocr_line' id='line_1_21' title="bbox 436 1491 1808 1541; baseline 0.002 -13"><span class='ocrx_word' id='word_1_155' title='bbox 436 1491 719 1528; x_wconf 85' lang='lat' dir='ltr'>deteriorando</span> <span class='ocrx_word' id='word_1_156' title='bbox 752 1494 989 1541; x_wconf 87' lang='lat' dir='ltr'>procedunt,</span> <span class='ocrx_word' id='word_1_157' title='bbox 1024 1495 1091 1530; x_wconf 89' lang='lat' dir='ltr'>sed</span> <span class='ocrx_word' id='word_1_158' title='bbox 1125 1493 1266 1530; x_wconf 82' lang='lat' dir='ltr'>fratres</span> <span class='ocrx_word' id='word_1_159' title='bbox 1292 1493 1329 1529; x_wconf 89' lang='lat' dir='ltr'>in</span> <span class='ocrx_word' id='word_1_160' title='bbox 1354 1493 1664 1541; x_wconf 84' lang='lat' dir='ltr'>comparacione</span> <span class='ocrx_word' id='word_1_161' title='bbox 1698 1495 1746 1530; x_wconf 86' lang='lat' dir='ltr'>ad</span> <span class='ocrx_word' id='word_1_162' title='bbox 1766 1509 1808 1531; x_wconf 86' lang='lat'>20</span> 
     </span>
     <span class='ocr_line' id='line_1_22' title="bbox 436 1549 1749 1601; baseline 0.001 -15"><span class='ocrx_word' id='word_1_163' title='bbox 436 1549 755 1598; x_wconf 87' lang='lat' dir='ltr'>possessionatos</span> <span class='ocrx_word' id='word_1_164' title='bbox 779 1550 878 1587; x_wconf 86' lang='lat' dir='ltr'>alios</span> <span class='ocrx_word' id='word_1_165' title='bbox 900 1560 991 1587; x_wconf 88' lang='lat' dir='ltr'>sunt</span> <span class='ocrx_word' id='word_1_166' title='bbox 1016 1560 1212 1601; x_wconf 78' lang='lat' dir='ltr'>recentes3</span> <span class='ocrx_word' id='word_1_167' title='bbox 1242 1564 1335 1599; x_wconf 75' lang='lat' dir='ltr'>ergo</span> <span class='ocrx_word' id='word_1_168' title='bbox 1360 1551 1489 1587; x_wconf 92' lang='lat' dir='ltr'>minus</span> <span class='ocrx_word' id='word_1_169' title='bbox 1514 1551 1551 1587; x_wconf 88' lang='lat' dir='ltr'>in</span> <span class='ocrx_word' id='word_1_170' title='bbox 1576 1551 1749 1588; x_wconf 84' lang='lat' dir='ltr'>deterius</span> 
     </span>
     <span class='ocr_line' id='line_1_23' title="bbox 435 1608 1749 1657; baseline 0.001 -13"><span class='ocrx_word' id='word_1_171' title='bbox 435 1608 743 1656; x_wconf 79' lang='lat' dir='ltr'>profundantur.</span> <span class='ocrx_word' id='word_1_172' title='bbox 776 1611 817 1645; x_wconf 91' lang='lat' dir='ltr'>In</span> <span class='ocrx_word' id='word_1_173' title='bbox 840 1609 1070 1657; x_wconf 86' lang='lat' dir='ltr'>oppositum</span> <span class='ocrx_word' id='word_1_174' title='bbox 1096 1618 1152 1646; x_wconf 86' lang='lat' dir='ltr'>est</span> <span class='ocrx_word' id='word_1_175' title='bbox 1176 1611 1282 1657; x_wconf 81' lang='lat' dir='ltr'>quod</span> <span class='ocrx_word' id='word_1_176' title='bbox 1306 1618 1432 1646; x_wconf 83' lang='lat' dir='ltr'>status</span> <span class='ocrx_word' id='word_1_177' title='bbox 1458 1611 1749 1646; x_wconf 87' lang='lat' dir='ltr'>monachorum</span> 
     </span>
     <span class='ocr_line' id='line_1_24' title="bbox 437 1666 1748 1715; baseline 0.001 -13"><span class='ocrx_word' id='word_1_178' title='bbox 437 1675 473 1702; x_wconf 90' lang='lat' dir='ltr'>et</span> <span class='ocrx_word' id='word_1_179' title='bbox 506 1666 897 1714; x_wconf 87' lang='lat' dir='ltr'>possessionatorum</span> <span class='ocrx_word' id='word_1_180' title='bbox 932 1667 1125 1703; x_wconf 87' lang='lat' dir='ltr'>similium</span> <span class='ocrx_word' id='word_1_181' title='bbox 1166 1667 1332 1715; x_wconf 87' lang='lat' dir='ltr'>protulit</span> <span class='ocrx_word' id='word_1_182' title='bbox 1376 1669 1595 1704; x_wconf 89' lang='lat' dir='ltr'>secundum</span> <span class='ocrx_word' id='word_1_183' title='bbox 1635 1680 1748 1704; x_wconf 86' lang='lat' dir='ltr'>suam</span> 
     </span>
    </p>
   </div>
   <div class='ocr_carea' id='block_1_3' title="bbox 437 1724 1750 1773">
    <p class='ocr_par' dir='ltr' id='par_1_6' title="bbox 437 1724 1750 1773">
     <span class='ocr_line' id='line_1_25' title="bbox 437 1724 1750 1773; baseline 0.001 -13"><span class='ocrx_word' id='word_1_184' title='bbox 437 1724 614 1772; x_wconf 82' lang='lat' dir='ltr'>regulam</span> <span class='ocrx_word' id='word_1_185' title='bbox 649 1725 782 1772; x_wconf 88' lang='lat' dir='ltr'>plures</span> <span class='ocrx_word' id='word_1_186' title='bbox 815 1733 974 1761; x_wconf 85' lang='lat' dir='ltr'>sanctos</span> <span class='ocrx_word' id='word_1_187' title='bbox 1007 1734 1044 1761; x_wconf 90' lang='lat' dir='ltr'>et</span> <span class='ocrx_word' id='word_1_188' title='bbox 1079 1725 1220 1762; x_wconf 86' lang='lat' dir='ltr'>iterum</span> <span class='ocrx_word' id='word_1_189' title='bbox 1255 1738 1326 1762; x_wconf 86' lang='lat' dir='ltr'>sua</span> <span class='ocrx_word' id='word_1_190' title='bbox 1361 1725 1499 1773; x_wconf 77' lang='lat' dir='ltr'>religio</span> <span class='ocrx_word' id='word_1_191' title='bbox 1533 1734 1589 1762; x_wconf 87' lang='lat' dir='ltr'>est</span> <span class='ocrx_word' id='word_1_192' title='bbox 1624 1724 1750 1773; x_wconf 79' lang='lat' dir='ltr'>magis</span> 
     </span>
    </p>
   </div>
   <div class='ocr_carea' id='block_1_4' title="bbox 169 1781 1806 1944">
    <p class='ocr_par' dir='ltr' id='par_1_7' title="bbox 169 1781 1806 1944">
     <span class='ocr_line' id='line_1_26' title="bbox 437 1781 1806 1831; baseline 0.003 -14"><span class='ocrx_word' id='word_1_193' title='bbox 437 1781 653 1818; x_wconf 86' lang='lat' dir='ltr'>fundabilis</span> <span class='ocrx_word' id='word_1_194' title='bbox 687 1781 727 1818; x_wconf 91' lang='lat' dir='ltr'>in</span> <span class='ocrx_word' id='word_1_195' title='bbox 761 1783 972 1831; x_wconf 89' lang='lat' dir='ltr'>scriptura.</span> <span class='ocrx_word' id='word_1_196' title='bbox 1768 1790 1806 1821; x_wconf 77' lang='lat'>25</span> 
     </span>
     <span class='ocr_line' id='line_1_27' title="bbox 177 1839 1750 1892; baseline 0.003 -20"><span class='ocrx_word' id='word_1_197' title='bbox 177 1846 254 1884; x_wconf 54' lang='lat' dir='ltr'>Both</span> <span class='ocrx_word' id='word_1_198' title='bbox 275 1846 391 1892; x_wconf 32' lang='lat' dir='ltr'>aie-sag·</span> <span class='ocrx_word' id='word_1_199' title='bbox 495 1841 537 1875; x_wconf 93' lang='lat' dir='ltr'>In</span> <span class='ocrx_word' id='word_1_200' title='bbox 570 1839 647 1875; x_wconf 86' lang='lat' dir='ltr'>isto</span> <span class='ocrx_word' id='word_1_201' title='bbox 681 1840 803 1876; x_wconf 84' lang='lat' dir='ltr'>dubio</span> <span class='ocrx_word' id='word_1_202' title='bbox 836 1853 1020 1889; x_wconf 87' lang='lat' dir='ltr'>suppono</span> <span class='ocrx_word' id='word_1_203' title='bbox 1045 1850 1084 1876; x_wconf 90' lang='lat' dir='ltr'>ut</span> <span class='ocrx_word' id='word_1_204' title='bbox 1111 1841 1219 1888; x_wconf 83' lang='lat' dir='ltr'>prius</span> <span class='ocrx_word' id='word_1_205' title='bbox 1243 1842 1349 1888; x_wconf 82' lang='lat' dir='ltr'>quod</span> <span class='ocrx_word' id='word_1_206' title='bbox 1375 1840 1532 1889; x_wconf 85' lang='lat' dir='ltr'>utrique</span> <span class='ocrx_word' id='word_1_207' title='bbox 1558 1840 1750 1889; x_wconf 89' lang='lat' dir='ltr'>multipli-</span> 
     </span>
     <span class='ocr_line' id='line_1_28' title="bbox 169 1880 1749 1944; baseline 0.001 -12"><span class='ocrx_word' id='word_1_208' title='bbox 169 1880 375 1944; x_wconf 50' lang='lat' dir='ltr'>¹s⁰¹¹gsg⁴g¹ssff⁵t</span> <span class='ocrx_word' id='word_1_209' title='bbox 390 1889 403 1907; x_wconf 82' lang='lat' dir='ltr'>s</span> <span class='ocrx_word' id='word_1_210' title='bbox 437 1896 535 1934; x_wconf 88' lang='lat' dir='ltr'>citer</span> <span class='ocrx_word' id='word_1_211' title='bbox 554 1897 778 1934; x_wconf 83' lang='lat' dir='ltr'>exorbitant</span> <span class='ocrx_word' id='word_1_212' title='bbox 797 1911 885 1934; x_wconf 87' lang='lat' dir='ltr'>cum</span> <span class='ocrx_word' id='word_1_213' title='bbox 904 1899 1150 1935; x_wconf 82' lang='lat' dir='ltr'>secularibus</span> <span class='ocrx_word' id='word_1_214' title='bbox 1169 1900 1218 1934; x_wconf 83' lang='lat' dir='ltr'>ab</span> <span class='ocrx_word' id='word_1_215' title='bbox 1239 1898 1378 1935; x_wconf 85' lang='lat' dir='ltr'>ordine</span> <span class='ocrx_word' id='word_1_216' title='bbox 1397 1898 1634 1939; x_wconf 79' lang='lat' dir='ltr'>christiano:</span> <span class='ocrx_word' id='word_1_217' title='bbox 1659 1898 1749 1935; x_wconf 89' lang='lat' dir='ltr'>ideo</span> 
     </span>
    </p>
   </div>
   <div class='ocr_carea' id='block_1_5' title="bbox 436 1955 1808 2642">
    <p class='ocr_par' dir='ltr' id='par_1_8' title="bbox 436 1955 1808 2642">
     <span class='ocr_line' id='line_1_29' title="bbox 437 1955 1749 2004; baseline 0.002 -13"><span class='ocrx_word' id='word_1_218' title='bbox 437 1955 578 2004; x_wconf 88' lang='lat' dir='ltr'>plenus</span> <span class='ocrx_word' id='word_1_219' title='bbox 601 1955 735 2003; x_wconf 82' lang='lat' dir='ltr'>gracia</span> <span class='ocrx_word' id='word_1_220' title='bbox 759 1969 848 1992; x_wconf 90' lang='lat' dir='ltr'>cum</span> <span class='ocrx_word' id='word_1_221' title='bbox 876 1957 1058 1993; x_wconf 77' lang='lat' dir='ltr'>fidelibus</span> <span class='ocrx_word' id='word_1_222' title='bbox 1083 1965 1174 1993; x_wconf 82' lang='lat' dir='ltr'>ante</span> <span class='ocrx_word' id='word_1_223' title='bbox 1197 1957 1269 1992; x_wconf 91' lang='lat' dir='ltr'>hos</span> <span class='ocrx_word' id='word_1_224' title='bbox 1303 1956 1464 1993; x_wconf 83' lang='lat' dir='ltr'>ordines</span> <span class='ocrx_word' id='word_1_225' title='bbox 1498 1957 1749 1993; x_wconf 87' lang='lat' dir='ltr'>introductos</span> 
     </span>
     <span class='ocr_line' id='line_1_30' title="bbox 436 2013 1749 2063; baseline 0.001 -14"><span class='ocrx_word' id='word_1_226' title='bbox 436 2013 688 2061; x_wconf 84' lang='lat' dir='ltr'>suggestione</span> <span class='ocrx_word' id='word_1_227' title='bbox 712 2014 871 2062; x_wconf 84' lang='lat' dir='ltr'>dyaboli</span> <span class='ocrx_word' id='word_1_228' title='bbox 896 2014 1044 2051; x_wconf 83' lang='lat' dir='ltr'>diceret</span> <span class='ocrx_word' id='word_1_229' title='bbox 1069 2015 1175 2063; x_wconf 88' lang='lat' dir='ltr'>quod</span> <span class='ocrx_word' id='word_1_230' title='bbox 1200 2014 1283 2050; x_wconf 89' lang='lat' dir='ltr'>istis</span> <span class='ocrx_word' id='word_1_231' title='bbox 1307 2013 1550 2051; x_wconf 84' lang='lat' dir='ltr'>novitatibus</span> <span class='ocrx_word' id='word_1_232' title='bbox 1576 2014 1749 2051; x_wconf 86' lang='lat' dir='ltr'>dimissis</span> 
     </span>
     <span class='ocr_line' id='line_1_31' title="bbox 437 2070 1808 2121; baseline 0.001 -14"><span class='ocrx_word' id='word_1_233' title='bbox 437 2070 697 2108; x_wconf 86' lang='lat' dir='ltr'>rectificanda</span> <span class='ocrx_word' id='word_1_234' title='bbox 751 2072 852 2108; x_wconf 91' lang='lat' dir='ltr'>foret</span> <span class='ocrx_word' id='word_1_235' title='bbox 905 2072 1051 2109; x_wconf 81' lang='lat' dir='ltr'>Christi</span> <span class='ocrx_word' id='word_1_236' title='bbox 1106 2071 1246 2121; x_wconf 83' lang='lat' dir='ltr'>religio</span> <span class='ocrx_word' id='word_1_237' title='bbox 1299 2073 1479 2120; x_wconf 85' lang='lat' dir='ltr'>exemplo</span> <span class='ocrx_word' id='word_1_238' title='bbox 1531 2081 1567 2109; x_wconf 91' lang='lat' dir='ltr'>et</span> <span class='ocrx_word' id='word_1_239' title='bbox 1613 2072 1749 2120; x_wconf 84' lang='lat' dir='ltr'>regula</span> <span class='ocrx_word' id='word_1_240' title='bbox 1765 2079 1808 2112; x_wconf 89' lang='lat'>30</span> 
     </span>
     <span class='ocr_line' id='line_1_32' title="bbox 438 2128 1750 2178; baseline 0 -12"><span class='ocrx_word' id='word_1_241' title='bbox 438 2128 586 2166; x_wconf 86' lang='lat' dir='ltr'>Christi</span> <span class='ocrx_word' id='word_1_242' title='bbox 619 2137 657 2166; x_wconf 91' lang='lat' dir='ltr'>et</span> <span class='ocrx_word' id='word_1_243' title='bbox 689 2131 965 2178; x_wconf 83' lang='lat' dir='ltr'>apostolorum</span> <span class='ocrx_word' id='word_1_244' title='bbox 1001 2140 1037 2167; x_wconf 90' lang='lat' dir='ltr'>et</span> <span class='ocrx_word' id='word_1_245' title='bbox 1060 2142 1140 2167; x_wconf 86' lang='lat' dir='ltr'>non</span> <span class='ocrx_word' id='word_1_246' title='bbox 1173 2142 1215 2166; x_wconf 86' lang='lat' dir='ltr'>ex</span> <span class='ocrx_word' id='word_1_247' title='bbox 1247 2129 1555 2178; x_wconf 85' lang='lat' dir='ltr'>presumpcione</span> <span class='ocrx_word' id='word_1_248' title='bbox 1579 2129 1750 2166; x_wconf 84' lang='lat' dir='ltr'>Luciferi</span> 
     </span>
     <span class='ocr_line' id='line_1_33' title="bbox 437 2186 1749 2237; baseline 0.002 -15"><span class='ocrx_word' id='word_1_249' title='bbox 437 2186 728 2224; x_wconf 87' lang='lat' dir='ltr'>introducenda</span> <span class='ocrx_word' id='word_1_250' title='bbox 763 2188 863 2224; x_wconf 88' lang='lat' dir='ltr'>foret</span> <span class='ocrx_word' id='word_1_251' title='bbox 896 2189 973 2225; x_wconf 87' lang='lat' dir='ltr'>alia</span> <span class='ocrx_word' id='word_1_252' title='bbox 1012 2187 1237 2237; x_wconf 84' lang='lat' dir='ltr'>periculosa</span> <span class='ocrx_word' id='word_1_253' title='bbox 1278 2197 1314 2225; x_wconf 88' lang='lat' dir='ltr'>et</span> <span class='ocrx_word' id='word_1_254' title='bbox 1359 2187 1523 2225; x_wconf 85' lang='lat' dir='ltr'>ecclesie</span> <span class='ocrx_word' id='word_1_255' title='bbox 1566 2200 1749 2225; x_wconf 87' lang='lat' dir='ltr'>onerosa.</span> 
     </span>
     <span class='ocr_line' id='line_1_34' title="bbox 437 2244 1750 2294; baseline 0.002 -14"><span class='ocrx_word' id='word_1_256' title='bbox 437 2244 608 2281; x_wconf 87' lang='lat' dir='ltr'>Facilius</span> <span class='ocrx_word' id='word_1_257' title='bbox 642 2245 803 2294; x_wconf 90' lang='lat' dir='ltr'>quidem</span> <span class='ocrx_word' id='word_1_258' title='bbox 838 2256 937 2283; x_wconf 90' lang='lat' dir='ltr'>esset</span> <span class='ocrx_word' id='word_1_259' title='bbox 970 2246 1176 2294; x_wconf 86' lang='lat' dir='ltr'>religiosos</span> <span class='ocrx_word' id='word_1_260' title='bbox 1206 2246 1353 2283; x_wconf 86' lang='lat' dir='ltr'>Christi</span> <span class='ocrx_word' id='word_1_261' title='bbox 1385 2247 1435 2283; x_wconf 89' lang='lat' dir='ltr'>ad</span> <span class='ocrx_word' id='word_1_262' title='bbox 1468 2245 1750 2282; x_wconf 87' lang='lat' dir='ltr'>rectitudinem</span> 
     </span>
     <span class='ocr_line' id='line_1_35' title="bbox 438 2303 1749 2352; baseline 0.002 -14"><span class='ocrx_word' id='word_1_263' title='bbox 438 2311 563 2339; x_wconf 89' lang='lat' dir='ltr'>status</span> <span class='ocrx_word' id='word_1_264' title='bbox 597 2305 787 2340; x_wconf 84' lang='lat' dir='ltr'>reducere</span> <span class='ocrx_word' id='word_1_265' title='bbox 821 2317 940 2352; x_wconf 87' lang='lat' dir='ltr'>quam</span> <span class='ocrx_word' id='word_1_266' title='bbox 975 2305 1152 2341; x_wconf 89' lang='lat' dir='ltr'>novellos</span> <span class='ocrx_word' id='word_1_267' title='bbox 1185 2306 1234 2341; x_wconf 88' lang='lat' dir='ltr'>ab</span> <span class='ocrx_word' id='word_1_268' title='bbox 1268 2304 1350 2340; x_wconf 87' lang='lat' dir='ltr'>eius</span> <span class='ocrx_word' id='word_1_269' title='bbox 1389 2303 1629 2341; x_wconf 89' lang='lat' dir='ltr'>rectitudine</span> <span class='ocrx_word' id='word_1_270' title='bbox 1663 2304 1749 2352; x_wconf 89' lang='lat' dir='ltr'>plus</span> 
     </span>
     <span class='ocr_line' id='line_1_36' title="bbox 438 2360 1806 2410; baseline 0.004 -14"><span class='ocrx_word' id='word_1_271' title='bbox 438 2360 643 2407; x_wconf 85' lang='lat' dir='ltr'>distantes,</span> <span class='ocrx_word' id='word_1_272' title='bbox 689 2361 782 2410; x_wconf 85' lang='lat' dir='ltr'>quia</span> <span class='ocrx_word' id='word_1_273' title='bbox 832 2364 1051 2398; x_wconf 88' lang='lat' dir='ltr'>secundum</span> <span class='ocrx_word' id='word_1_274' title='bbox 1096 2361 1284 2399; x_wconf 86' lang='lat' dir='ltr'>Veritatis</span> <span class='ocrx_word' id='word_1_275' title='bbox 1337 2362 1492 2410; x_wconf 84' lang='lat' dir='ltr'>regulas</span> <span class='ocrx_word' id='word_1_276' title='bbox 1545 2370 1750 2410; x_wconf 88' lang='lat' dir='ltr'>oporteret</span> <span class='ocrx_word' id='word_1_277' title='bbox 1767 2368 1806 2401; x_wconf 81' lang='lat'>35</span> 
     </span>
     <span class='ocr_line' id='line_1_37' title="bbox 438 2418 1750 2467; baseline 0.002 -13"><span class='ocrx_word' id='word_1_278' title='bbox 438 2418 546 2466; x_wconf 90' lang='lat' dir='ltr'>ipsos</span> <span class='ocrx_word' id='word_1_279' title='bbox 584 2418 715 2467; x_wconf 86' lang='lat' dir='ltr'>primo</span> <span class='ocrx_word' id='word_1_280' title='bbox 755 2421 945 2457; x_wconf 86' lang='lat' dir='ltr'>reducere</span> <span class='ocrx_word' id='word_1_281' title='bbox 984 2422 1033 2457; x_wconf 85' lang='lat' dir='ltr'>ad</span> <span class='ocrx_word' id='word_1_282' title='bbox 1074 2420 1249 2456; x_wconf 88' lang='lat' dir='ltr'>medium</span> <span class='ocrx_word' id='word_1_283' title='bbox 1289 2419 1441 2456; x_wconf 89' lang='lat' dir='ltr'>ordinis</span> <span class='ocrx_word' id='word_1_284' title='bbox 1474 2418 1679 2456; x_wconf 88' lang='lat' dir='ltr'>christiani</span> <span class='ocrx_word' id='word_1_285' title='bbox 1713 2428 1750 2456; x_wconf 88' lang='lat' dir='ltr'>et</span> 
     </span>
     <span class='ocr_line' id='line_1_38' title="bbox 439 2477 1750 2526; baseline 0.001 -14"><span class='ocrx_word' id='word_1_286' title='bbox 439 2486 728 2525; x_wconf 89' lang='lat' dir='ltr'>consequenter</span> <span class='ocrx_word' id='word_1_287' title='bbox 761 2479 810 2514; x_wconf 86' lang='lat' dir='ltr'>ad</span> <span class='ocrx_word' id='word_1_288' title='bbox 844 2478 1026 2515; x_wconf 87' lang='lat' dir='ltr'>ordinem</span> <span class='ocrx_word' id='word_1_289' title='bbox 1066 2477 1302 2524; x_wconf 85' lang='lat' dir='ltr'>virtuosum,</span> <span class='ocrx_word' id='word_1_290' title='bbox 1343 2478 1451 2526; x_wconf 89' lang='lat' dir='ltr'>quod</span> <span class='ocrx_word' id='word_1_291' title='bbox 1489 2489 1578 2514; x_wconf 87' lang='lat' dir='ltr'>cum</span> <span class='ocrx_word' id='word_1_292' title='bbox 1619 2477 1668 2514; x_wconf 88' lang='lat' dir='ltr'>sit</span> <span class='ocrx_word' id='word_1_293' title='bbox 1707 2489 1750 2514; x_wconf 85' lang='lat' dir='ltr'>ex</span> 
     </span>
     <span class='ocr_line' id='line_1_39' title="bbox 439 2533 1751 2584; baseline 0.002 -14"><span class='ocrx_word' id='word_1_294' title='bbox 439 2533 603 2570; x_wconf 89' lang='lat' dir='ltr'>cautelis</span> <span class='ocrx_word' id='word_1_295' title='bbox 633 2535 792 2582; x_wconf 83' lang='lat' dir='ltr'>dyaboli</span> <span class='ocrx_word' id='word_1_296' title='bbox 823 2535 946 2573; x_wconf 89' lang='lat' dir='ltr'>vianti</span> <span class='ocrx_word' id='word_1_297' title='bbox 980 2535 1154 2582; x_wconf 78' lang='lat' dir='ltr'>difficile,</span> <span class='ocrx_word' id='word_1_298' title='bbox 1198 2544 1307 2584; x_wconf 88' lang='lat' dir='ltr'>patet</span> <span class='ocrx_word' id='word_1_299' title='bbox 1350 2536 1457 2584; x_wconf 90' lang='lat' dir='ltr'>quod</span> <span class='ocrx_word' id='word_1_300' title='bbox 1500 2535 1668 2572; x_wconf 87' lang='lat' dir='ltr'>ecclesia</span> <span class='ocrx_word' id='word_1_301' title='bbox 1711 2535 1751 2572; x_wconf 92' lang='lat' dir='ltr'>in</span> 
     </span>
     <span class='ocr_line' id='line_1_40' title="bbox 438 2592 1751 2642; baseline 0.002 -15"><span class='ocrx_word' id='word_1_302' title='bbox 438 2603 627 2640; x_wconf 89' lang='lat' dir='ltr'>processu</span> <span class='ocrx_word' id='word_1_303' title='bbox 643 2593 836 2641; x_wconf 88' lang='lat' dir='ltr'>temporis</span> <span class='ocrx_word' id='word_1_304' title='bbox 852 2593 1103 2630; x_wconf 86' lang='lat' dir='ltr'>admittendo</span> <span class='ocrx_word' id='word_1_305' title='bbox 1121 2594 1219 2630; x_wconf 87' lang='lat' dir='ltr'>tales</span> <span class='ocrx_word' id='word_1_306' title='bbox 1235 2592 1395 2630; x_wconf 90' lang='lat' dir='ltr'>ordines</span> <span class='ocrx_word' id='word_1_307' title='bbox 1416 2604 1456 2629; x_wconf 90' lang='lat' dir='ltr'>se</span> <span class='ocrx_word' id='word_1_308' title='bbox 1471 2592 1599 2641; x_wconf 87' lang='lat' dir='ltr'>ipsam</span> <span class='ocrx_word' id='word_1_309' title='bbox 1617 2594 1751 2642; x_wconf 89' lang='lat' dir='ltr'>quoad</span> 
     </span>
    </p>
   </div>
   <div class='ocr_carea' id='block_1_6' title="bbox 437 2701 1750 2947">
    <p class='ocr_par' dir='ltr' id='par_1_9' title="bbox 437 2701 1750 2947">
     <span class='ocr_line' id='line_1_41' title="bbox 507 2701 1750 2739; baseline 0.003 -11"><span class='ocrx_word' id='word_1_310' title='bbox 507 2709 533 2736; x_wconf 89' lang='lat'>7.</span> <span class='ocrx_word' id='word_1_311' title='bbox 555 2701 624 2729; x_wconf 66' lang='lat' dir='ltr'>DE:</span> <span class='ocrx_word' id='word_1_312' title='bbox 646 2707 762 2730; x_wconf 76' lang='lat' dir='ltr'>lantum</span> <span class='ocrx_word' id='word_1_313' title='bbox 785 2703 886 2732; x_wconf 77' lang='lat' dir='ltr'>deest:</span> <span class='ocrx_word' id='word_1_314' title='bbox 918 2703 957 2730; x_wconf 85' lang='lat' dir='ltr'>ib.</span> <span class='ocrx_word' id='word_1_315' title='bbox 979 2703 1003 2730; x_wconf 82' lang='grc' dir='ltr'>Ε</span> <span class='ocrx_word' id='word_1_316' title='bbox 1022 2704 1052 2731; x_wconf 84' lang='lat' dir='ltr'>in</span> <span class='ocrx_word' id='word_1_317' title='bbox 1074 2712 1187 2739; x_wconf 84' lang='lat' dir='ltr'>marg.:</span> <span class='ocrx_word' id='word_1_318' title='bbox 1210 2703 1299 2731; x_wconf 84' lang='lat' dir='ltr'>Alius</span> <span class='ocrx_word' id='word_1_319' title='bbox 1318 2708 1345 2730; x_wconf 83' lang='lat' dir='ltr'>te</span> <span class='ocrx_word' id='word_1_320' title='bbox 1366 2704 1475 2737; x_wconf 68' lang='lat' dir='ltr'>cinget.</span> <span class='ocrx_word' id='word_1_321' title='bbox 1566 2704 1593 2731; x_wconf 55' lang='grc' dir='ltr'>δ’.</span> <span class='ocrx_word' id='word_1_322' title='bbox 1615 2708 1750 2738; x_wconf 69' lang='lat' dir='ltr'>tantum:</span> 
     </span>
     <span class='ocr_line' id='line_1_42' title="bbox 438 2735 1750 2773; baseline 0.003 -10"><span class='ocrx_word' id='word_1_323' title='bbox 438 2735 477 2763; x_wconf 84' lang='lat' dir='ltr'>E:</span> <span class='ocrx_word' id='word_1_324' title='bbox 499 2740 614 2769; x_wconf 79' lang='lat' dir='ltr'>toturn;</span> <span class='ocrx_word' id='word_1_325' title='bbox 645 2736 684 2763; x_wconf 86' lang='lat' dir='ltr'>ib.</span> <span class='ocrx_word' id='word_1_326' title='bbox 706 2738 856 2771; x_wconf 74' lang='lat' dir='ltr'>existens;</span> <span class='ocrx_word' id='word_1_327' title='bbox 887 2737 954 2764; x_wconf 70' lang='lat' dir='ltr'>DE:</span> <span class='ocrx_word' id='word_1_328' title='bbox 977 2738 1122 2766; x_wconf 79' lang='lat' dir='ltr'>insolens.</span> <span class='ocrx_word' id='word_1_329' title='bbox 1207 2746 1239 2766; x_wconf 82' lang='grc' dir='ltr'>ιι.</span> <span class='ocrx_word' id='word_1_330' title='bbox 1260 2739 1289 2766; x_wconf 88' lang='grc' dir='ltr'><strong>Α</strong></span> <span class='ocrx_word' id='word_1_331' title='bbox 1309 2738 1338 2765; x_wconf 82' lang='lat' dir='ltr'>in</span> <span class='ocrx_word' id='word_1_332' title='bbox 1361 2746 1474 2773; x_wconf 77' lang='lat' dir='ltr'>marg.:</span> <span class='ocrx_word' id='word_1_333' title='bbox 1497 2738 1649 2770; x_wconf 76' lang='lat' dir='ltr'>Dubium:</span> <span class='ocrx_word' id='word_1_334' title='bbox 1677 2739 1700 2767; x_wconf 77' lang='lat' dir='ltr'>E</span> <span class='ocrx_word' id='word_1_335' title='bbox 1720 2739 1750 2767; x_wconf 88' lang='lat' dir='ltr'>in</span> 
     </span>
     <span class='ocr_line' id='line_1_43' title="bbox 439 2770 1750 2808; baseline 0.004 -11"><span class='ocrx_word' id='word_1_336' title='bbox 439 2778 553 2805; x_wconf 61' lang='lat' dir='ltr'>marg:</span> <span class='ocrx_word' id='word_1_337' title='bbox 575 2770 716 2806; x_wconf 76' lang='lat' dir='ltr'>Questio.</span> <span class='ocrx_word' id='word_1_338' title='bbox 791 2780 828 2799; x_wconf 82' lang='lat'>12.</span> <span class='ocrx_word' id='word_1_339' title='bbox 849 2772 892 2799; x_wconf 85' lang='lat' dir='ltr'>A:</span> <span class='ocrx_word' id='word_1_340' title='bbox 915 2773 1012 2808; x_wconf 85' lang='lat' dir='ltr'>patria</span> <span class='ocrx_word' id='word_1_341' title='bbox 1034 2773 1142 2807; x_wconf 84' lang='lat' dir='ltr'>magis.</span> <span class='ocrx_word' id='word_1_342' title='bbox 1205 2771 1261 2800; x_wconf 88' lang='lat'>·13.</span> <span class='ocrx_word' id='word_1_343' title='bbox 1283 2772 1352 2800; x_wconf 90' lang='lat' dir='ltr'>DE:</span> <span class='ocrx_word' id='word_1_344' title='bbox 1374 2781 1409 2799; x_wconf 83' lang='lat' dir='ltr'>ex</span> <span class='ocrx_word' id='word_1_345' title='bbox 1430 2772 1546 2800; x_wconf 81' lang='lat' dir='ltr'>ordine.</span> <span class='ocrx_word' id='word_1_346' title='bbox 1624 2773 1659 2802; x_wconf 84' lang='lat'>15.</span> <span class='ocrx_word' id='word_1_347' title='bbox 1681 2773 1750 2802; x_wconf 80' lang='lat' dir='ltr'>DE:</span> 
     </span>
     <span class='ocr_line' id='line_1_44' title="bbox 438 2805 1748 2844; baseline 0.003 -12"><span class='ocrx_word' id='word_1_348' title='bbox 438 2805 509 2841; x_wconf 87' lang='lat' dir='ltr'>quia</span> <span class='ocrx_word' id='word_1_349' title='bbox 530 2805 653 2837; x_wconf 78' lang='lat' dir='ltr'>fratres:</span> <span class='ocrx_word' id='word_1_350' title='bbox 675 2806 714 2833; x_wconf 89' lang='lat' dir='ltr'>ib.</span> <span class='ocrx_word' id='word_1_351' title='bbox 732 2806 800 2834; x_wconf 69' lang='lat' dir='ltr'>liss:</span> <span class='ocrx_word' id='word_1_352' title='bbox 821 2806 871 2844; x_wconf 81' lang='lat' dir='ltr'>qui</span> <span class='ocrx_word' id='word_1_353' title='bbox 893 2806 985 2834; x_wconf 80' lang='lat' dir='ltr'>deest.</span> <span class='ocrx_word' id='word_1_354' title='bbox 1061 2808 1099 2834; x_wconf 68' lang='lat'>18.</span> <span class='ocrx_word' id='word_1_355' title='bbox 1123 2807 1190 2834; x_wconf 84' lang='lat' dir='ltr'>DE:</span> <span class='ocrx_word' id='word_1_356' title='bbox 1208 2811 1390 2842; x_wconf 79' lang='lat' dir='ltr'>sequuntur.</span> <span class='ocrx_word' id='word_1_357' title='bbox 1465 2815 1511 2842; x_wconf 77' lang='lat'>24.</span> <span class='ocrx_word' id='word_1_358' title='bbox 1533 2809 1561 2835; x_wconf 84' lang='lat' dir='ltr'>A</span> <span class='ocrx_word' id='word_1_359' title='bbox 1582 2807 1611 2836; x_wconf 88' lang='lat' dir='ltr'>in</span> <span class='ocrx_word' id='word_1_360' title='bbox 1634 2816 1748 2844; x_wconf 87' lang='lat' dir='ltr'>marg.:</span> 
     </span>
     <span class='ocr_line' id='line_1_45' title="bbox 439 2839 1748 2877; baseline 0.004 -11"><span class='ocrx_word' id='word_1_361' title='bbox 439 2840 470 2867; x_wconf 85' lang='lat' dir='ltr'>ln</span> <span class='ocrx_word' id='word_1_362' title='bbox 491 2839 681 2875; x_wconf 80' lang='lat' dir='ltr'>oppositum.</span> <span class='ocrx_word' id='word_1_363' title='bbox 837 2848 880 2867; x_wconf 71' lang='lat'>20.</span> <span class='ocrx_word' id='word_1_364' title='bbox 902 2841 956 2868; x_wconf 79' lang='grc' dir='ltr'>ΛΕ</span> <span class='ocrx_word' id='word_1_365' title='bbox 978 2841 1006 2868; x_wconf 87' lang='lat' dir='ltr'>in</span> <span class='ocrx_word' id='word_1_366' title='bbox 1029 2849 1142 2877; x_wconf 82' lang='lat' dir='ltr'>marg.:</span> <span class='ocrx_word' id='word_1_367' title='bbox 1171 2841 1360 2877; x_wconf 82' lang='lat' dir='ltr'>Responsio;</span> <span class='ocrx_word' id='word_1_368' title='bbox 1390 2841 1430 2869; x_wconf 91' lang='lat' dir='ltr'>ib.</span> <span class='ocrx_word' id='word_1_369' title='bbox 1454 2842 1494 2870; x_wconf 79' lang='lat' dir='ltr'>D:</span> <span class='ocrx_word' id='word_1_370' title='bbox 1525 2850 1595 2870; x_wconf 88' lang='lat' dir='ltr'>cum</span> <span class='ocrx_word' id='word_1_371' title='bbox 1616 2843 1674 2871; x_wconf 86' lang='lat' dir='ltr'>utri</span> <span class='ocrx_word' id='word_1_372' title='bbox 1702 2852 1748 2872; x_wconf 90' lang='lat' dir='ltr'>ue.</span> 
     </span>
     <span class='ocr_line' id='line_1_46' title="bbox 437 2873 1748 2913; baseline 0.004 -12"><span class='ocrx_word' id='word_1_373' title='bbox 437 2873 476 2902; x_wconf 85' lang='lat'>31.</span> <span class='ocrx_word' id='word_1_374' title='bbox 491 2875 535 2902; x_wconf 82' lang='lat' dir='ltr'>A:</span> <span class='ocrx_word' id='word_1_375' title='bbox 557 2875 768 2910; x_wconf 86' lang='lat' dir='ltr'>apostolorum</span> <span class='ocrx_word' id='word_1_376' title='bbox 785 2883 856 2903; x_wconf 86' lang='lat' dir='ltr'>non.</span> <span class='ocrx_word' id='word_1_377' title='bbox 911 2875 955 2903; x_wconf 83' lang='lat'>32.</span> <span class='ocrx_word' id='word_1_378' title='bbox 970 2876 1015 2904; x_wconf 87' lang='lat' dir='ltr'>A:</span> <span class='ocrx_word' id='word_1_379' title='bbox 1037 2875 1219 2904; x_wconf 84' lang='lat' dir='ltr'>introducta.</span> <span class='ocrx_word' id='word_1_380' title='bbox 1269 2874 1316 2910; x_wconf 88' lang='lat'>34.</span> <span class='ocrx_word' id='word_1_381' title='bbox 1333 2875 1401 2903; x_wconf 88' lang='lat' dir='ltr'>DE:</span> <span class='ocrx_word' id='word_1_382' title='bbox 1424 2877 1569 2904; x_wconf 84' lang='lat' dir='ltr'>novellas.</span> <span class='ocrx_word' id='word_1_383' title='bbox 1618 2876 1663 2913; x_wconf 88' lang='lat'>37.</span> <span class='ocrx_word' id='word_1_384' title='bbox 1709 2878 1748 2906; x_wconf 81' lang='lat' dir='ltr'>E:</span> 
     </span>
     <span class='ocr_line' id='line_1_47' title="bbox 438 2908 1694 2947; baseline 0.002 -10"><span class='ocrx_word' id='word_1_385' title='bbox 438 2917 506 2937; x_wconf 85' lang='lat' dir='ltr'>cum</span> <span class='ocrx_word' id='word_1_386' title='bbox 527 2918 571 2937; x_wconf 86' lang='lat' dir='ltr'>ex.</span> <span class='ocrx_word' id='word_1_387' title='bbox 647 2908 690 2936; x_wconf 65' lang='lat'>38.</span> <span class='ocrx_word' id='word_1_388' title='bbox 713 2909 804 2937; x_wconf 72' lang='lat' dir='ltr'>vianti</span> <span class='ocrx_word' id='word_1_389' title='bbox 829 2914 889 2942; x_wconf 81' lang='lat' dir='ltr'>est:</span> <span class='ocrx_word' id='word_1_390' title='bbox 911 2910 951 2938; x_wconf 87' lang='lat' dir='ltr'>ib.</span> <span class='ocrx_word' id='word_1_391' title='bbox 973 2910 1016 2938; x_wconf 88' lang='lat' dir='ltr'>A:</span> <span class='ocrx_word' id='word_1_392' title='bbox 1038 2910 1119 2946; x_wconf 86' lang='lat' dir='ltr'>quod</span> <span class='ocrx_word' id='word_1_393' title='bbox 1141 2909 1237 2939; x_wconf 86' lang='lat' dir='ltr'>eciam</span> <span class='ocrx_word' id='word_1_394' title='bbox 1261 2909 1301 2938; x_wconf 90' lang='lat' dir='ltr'>in.</span> <span class='ocrx_word' id='word_1_395' title='bbox 1375 2909 1422 2947; x_wconf 90' lang='lat'>39.</span> <span class='ocrx_word' id='word_1_396' title='bbox 1443 2912 1491 2940; x_wconf 84' lang='lat' dir='ltr'>A:</span> <span class='ocrx_word' id='word_1_397' title='bbox 1512 2911 1694 2940; x_wconf 80' lang='lat' dir='ltr'>omittendo.</span> 
     </span>
    </p>
   </div>
  </div>
 </body>
</html>
