1986 3380
127 316 175 351 μ
708 311 930 342 Jonfxnnis
949 310 1131 343 wrein*
1149 311 1404 343 sERMONUM
1498 296 1649 353 [SERMO
1672 308 1722 335 vl.

415 432 532 458 nove:
579 419 693 455 aliter
738 418 842 454 enim
889 418 1038 454 diceret
1070 418 1337 455 Antichristus
1382 420 1487 466 quod
1535 417 1722 466 quicquid

197 486 328 512 ‹Llnſst's
415 477 594 513 Christus
628 475 858 512 humanitus
892 476 1096 513 mandavit
1118 490 1198 513 non
1221 477 1369 523 obligat
1395 486 1483 524 post
1507 477 1724 523 apostolos,

137 524 390 592 “22¹¹''Qss's'sssfflfufljc
415 548 503 571 cum
539 535 661 570 virtus
694 535 906 570 verborum
941 547 1104 571 suorum
1146 535 1365 583 antiquitus
1404 534 1607 582 expiravit.
1649 535 1724 569 Sed

173 593 350 627 obnuntiwss-
415 593 509 641 quid
550 591 835 640 blasphemius,
883 605 971 628 cum
1013 602 1192 629 remanet
1232 606 1303 641 par
1342 592 1450 629 racio
1489 591 1724 639 utrobique}

416 652 507 687 ldeo
540 651 681 687 vellem
715 651 814 686 tales
848 649 1026 698 duplices
1060 652 1279 687 concedere
1313 652 1419 699 quod
1459 663 1539 686 non
1579 650 1759 685 habent5

416 708 698 745 auctoritatem
733 721 754 744 a
788 707 947 744 Christo
981 708 1020 744 in
1054 708 1128 744 hiis
1168 722 1244 757 que
1284 710 1395 744 lucra
1428 708 1601 756 sapiunt,
1642 716 1725 742 tum

415 775 579 814 propter
611 766 890 814 indignitatem
921 779 1033 802 suam
1058 766 1270 814 ingratam,
1305 776 1386 802 tum
1413 766 1537 802 eciam
1564 773 1728 813 propter

417 826 555 861 salsam
592 824 780 861 ficticiam
816 825 863 860 de
894 824 1024 861 verbis
1048 824 1209 861 Domini
1242 824 1463 872 palliatam.
1500 824 1569 860 Illa
1593 823 1727 871 itaque

416 896 491 931 que
529 891 673 919 sonant
712 883 761 918 ad
802 881 1104 919 edificacionem
1144 882 1276 919 anime
1315 890 1478 919 manent
1517 890 1726 929 perpetuo,

416 942 483 977 sed
516 940 584 977 illa
618 952 694 988 que
726 939 993 977 Antichristus
1026 939 1232 989 palliando
1265 941 1462 988 ponderat
1496 952 1538 975 ex
1570 938 1728 975 fallacia
1748 952 1787 973 10

416 1000 522 1036 scole
553 1011 622 1035 sue
661 1007 751 1034 sunt
789 998 1005 1034 infideliter
1044 998 1245 1036 innovata.
1285 998 1389 1034 Dicti
1428 997 1563 1046 itaque
1602 996 1727 1033 sancti

416 1057 522 1094 circa
554 1055 814 1093 affeccionem
847 1056 1131 1104 temporalium
1165 1056 1256 1092 licet
1295 1055 1502 1092 venialiter
1541 1067 1728 1103 peccave—

416 1124 528 1160 runt;
553 1115 600 1150 de
616 1127 696 1162 quo
710 1115 772 1150 vel
791 1113 830 1150 in
850 1115 925 1150 hoc
948 1115 1082 1150 seculo
1106 1115 1166 1150 vel
1190 1114 1228 1150 in
1244 1113 1477 1161 purgatorio
1502 1114 1728 1155 doluerunt,

417 1174 525 1221 quod
564 1171 797 1208 confirmari
844 1181 975 1220 potest
1020 1184 1062 1208 ex
1102 1171 1209 1208 dicto
1247 1171 1352 1207 beati
1391 1171 1573 1218 Gregorii
1611 1182 1730 1218 super

418 1232 493 1267 hoc
526 1230 731 1278 evangelio
764 1229 977 1266 asserentis
1011 1229 1211 1265 katliolice
1241 1230 1349 1277 quod
1373 1230 1466 1264 dum
1492 1230 1638 1276 gradus
1670 1228 1730 1264 vel
1753 1231 1787 1263 ¹5

418 1298 543 1325 status
577 1287 719 1336 prelati
754 1296 811 1323 est
843 1287 981 1333 alcior,
1015 1286 1214 1335 obligacio
1238 1288 1322 1323 Deo
1356 1296 1397 1323 ut
1430 1286 1504 1322 sibi
1537 1285 1731 1322 serviatur

160 1359 362 1386 nrt-lamas„-
417 1346 646 1395 placencius
692 1354 750 1382 est
795 1344 943 1381 maior:
989 1345 1084 1391 Nos,
1126 1344 1268 1393 inquit,
1313 1345 1377 1393 qui
1418 1345 1454 1380 in
1493 1345 1564 1380 hoc
1603 1344 1730 1380 seculo

130 1392 393 1456 ᾞῘῙΪΣᾎᾌἪῚᾸᾎ
418 1404 609 1453 accepisse
651 1416 673 1439 a
711 1404 796 1439 Deo
840 1403 986 1452 aliquid
1023 1403 1151 1453 magis
1188 1403 1385 1439 cernimur
1427 1402 1514 1439 inde
1555 1401 1732 1438 stt-iccius

190 1462 339 1533 {gggtffclgc
418 1463 647 1498 iudicamur.
701 1462 802 1498 Cum
842 1460 947 1497 enim
986 1469 1183 1509 augentur
1221 1462 1339 1506 dona,
1385 1460 1566 1497 raciones
1604 1459 1731 1496 eciam

312 1518 334 1524 ⁰
419 1528 603 1557 crescunt
635 1520 856 1565 donorum3
895 1527 1007 1555 tanto
1046 1531 1140 1567 ergo
1179 1531 1262 1555 esse
1301 1517 1491 1555 humilior
1530 1527 1649 1566 atque
1682 1518 1732 1554 ad
1748 1528 1790 1550 20

419 1578 671 1615 serviendum
696 1579 780 1614 Deo
804 1576 1039 1625 prompcior
1062 1576 1230 1625 quisque
1253 1577 1369 1613 debet
1394 1588 1477 1612 esse
1501 1588 1544 1612 ex
1569 1587 1733 1611 munere

420 1645 570 1685 quanto
586 1648 626 1672 se
649 1635 937 1683 obligaciorem
955 1647 1039 1671 esse
1055 1634 1251 1683 conspicit
1266 1634 1306 1670 in
1329 1635 1532 1671 reddenda
1557 1632 1730 1670 racione.

419 1697 474 1731 Ex
497 1707 576 1743 qua
599 1693 875 1741 complecione
897 1692 1141 1741 syllogistica
1163 1692 1331 1738 videtur,
1356 1692 1488 1741 primo
1514 1692 1621 1740 quod
1645 1703 1733 1739 pre-

420 1753 490 1790 lati
523 1751 663 1789 cesarii
688 1750 871 1788 moderni
894 1760 985 1787 sunt
1008 1752 1092 1787 Deo
1123 1749 1388 1799 obligaciores
1421 1763 1541 1798 quam
1575 1750 1732 1786 fuerant

419 1810 606 1860 apostoli,
652 1809 746 1858 quia
784 1821 883 1858 eque
921 1822 943 1846 a
982 1810 1066 1845 Deo
1110 1809 1212 1845 altos
1255 1817 1380 1845 status
1420 1816 1659 1856 acceperant
1697 1815 1735 1843 et
1751 1808 1791 1841 25

420 1882 500 1906 non
532 1881 554 1905 a
578 1871 662 1905 Deo
685 1869 753 1904 sed
786 1869 835 1904 ab
868 1866 963 1915 ipsis
998 1875 1054 1903 est
1087 1868 1195 1915 quod
1217 1879 1299 1903 non
1321 1878 1421 1914 eque
1445 1866 1579 1914 ampla
1614 1864 1734 1902 caris-

421 1936 548 1972 mata;
583 1939 673 1964 curn
698 1938 791 1974 ergo
814 1924 1105 1962 necessitantur
1136 1924 1251 1961 fateri
1285 1925 1394 1973 quod
1418 1937 1440 1960 a
1463 1923 1622 1960 Christo
1654 1935 1736 1959 non

420 1998 442 2022 a
475 1984 647 2033 dyabolo
679 1983 755 2020 ista
788 1982 967 2020 dominia
998 1981 1194 2019 secularia
1227 1994 1346 2030 super
1383 1982 1589 2030 apostolos
1628 1993 1734 2017 rece-

421 2051 575 2092 perant,
610 2042 818 2079 manifeste
849 2040 1029 2090 sequitur
1062 2041 1169 2089 quod
1202 2042 1286 2077 Deo
1326 2041 1373 2077 de
1412 2048 1523 2076 tanto
1561 2038 1734 2087 amplius

421 2100 615 2150 apostolis
666 2100 906 2148 obligantur,
960 2107 998 2135 et
1050 2111 1140 2135 cum
1193 2098 1374 2135 Christus
1425 2095 1734 2146 prudentissime
1751 2098 1792 2132 30

422 2158 614 2207 obligavit
646 2158 851 2207 apostolos
884 2158 1104 2194 secundum
1143 2155 1330 2192 ultimum
1371 2168 1439 2193 sue
1484 2153 1733 2203 capacitatiS,

422 2217 602 2266 sequitur
641 2217 749 2265 quod
781 2215 846 2252 isti
873 2216 934 2252 vel
964 2214 1182 2262 infringunt
1212 2213 1506 2263 obligacionem
1530 2213 1592 2249 vel
1613 2224 1735 2261 supra

423 2275 629 2324 apostolos
661 2283 752 2311 sunt
786 2273 892 2310 beati
932 2281 970 2310 et
1015 2271 1229 2321 utrobique
1277 2271 1457 2321 sequitur
1500 2271 1736 2319 blasphema

423 2332 663 2371 absurditas.

482 2392 668 2428 Secundo
712 2390 868 2427 videtur
912 2389 1023 2438 sequi
1068 2390 1177 2438 quod
1227 2387 1453 2424 necessario
1498 2388 1603 2423 Deus
1647 2386 1736 2434 plus
1753 2386 1793 2419 35

424 2451 578 2486 donans
597 2447 743 2485 nostris
766 2447 930 2496 prelatis
952 2460 1073 2497 quam
1090 2445 1237 2485 sanctis
1260 2444 1453 2494 apostolis
1468 2444 1607 2482 habuit
1629 2443 1736 2492 ipsos

425 2505 600 2545 cariores
633 2515 670 2544 et
703 2505 841 2543 exhinc
874 2505 928 2542 eis
962 2506 1039 2542 hoc
1070 2505 1217 2542 fecerat
1248 2512 1291 2540 ut
1323 2503 1401 2540 sint
1434 2502 1666 2539 humiliores
1699 2509 1737 2537 et

497 2650 528 2668 ιι,
551 2642 594 2668 Α;
618 2641 764 2668 innotata.
840 2649 879 2675 17.
900 2639 970 2667 DE:
992 2639 1168 2675 placencius
1188 2639 1281 2666 deest.
1357 2646 1397 2673 ις).
1419 2637 1462 2664 Α;
1484 2635 1689 2674 αςαιηιιιῚᾸὴ
1712 2634 1736 2662 l)

427 2677 454 2704 in
479 2684 589 2709 marg:
621 2675 699 2702 Cnm
722 2679 870 2709 augentur
890 2675 982 2709 dona,
1010 2674 1147 2701 raciones
1174 2678 1313 2700 crescunt
1340 2673 1504 2700 donorum.
1539 2670 1646 2697 l'relati
1669 2670 1737 2705 plns

427 2716 497 2738 sunt
517 2709 640 2745 obligati
663 2709 788 2737 Christo
808 2717 901 2744 quam
923 2708 1065 2744 apostoli.
1140 2715 1185 2735 20.
1201 2707 1269 2735 DE:
1291 2715 1363 2746 ergo
1384 2710 1438 2734 est.
1511 2712 1552 2738 21,
1572 2712 1616 2732 22.
1637 2704 1680 2743 Α]
1702 2712 1737 2731 ex

428 2753 553 2773 munere
573 2761 605 2765 -
625 2753 691 2772 esse
712 2744 805 2771 deest.
880 2743 922 2771 23.
943 2743 1016 2770 AD:
1041 2742 1203 2778 syllogica:
1224 2741 1264 2769 ib.
1286 2741 1309 2769 E
1329 2749 1357 2768 in
1381 2749 1493 2775 marga
1516 2738 1736 2767 Correlarnnu.

381 2806 383 2809 ,
429 2789 475 2813 20.
499 2779 566 2807 DE:
597 2779 633 2806 de
663 2783 746 2806 tanto
776 2778 875 2810 deest:
906 2778 946 2805 ib.
969 2777 991 2805 E
1018 2778 1047 2804 in
1076 2785 1190 2810 marga
1222 2776 1278 2803 Hic
1308 2780 1455 2803 venantur
1485 2774 1589 2809 prelati
1619 2773 1736 2811 cesarii.

428 2813 471 2843 3'2.
494 2814 563 2842 1315:
586 2814 699 2841 nnllam
722 2813 848 2848 fingunt.
957 2811 999 2839 33.
1023 2812 1064 2839 D:
1087 2812 1164 2844 sint;
1195 2811 1234 2838 ib.
1255 2811 1299 2838 A:
1321 2815 1347 2837 et
1369 2810 1462 2837 deest.
1570 2808 1612 2836 35.
1634 2807 1687 2835 Ali
1709 2816 1736 2834 in

429 2858 543 2884 inarg.:
564 2857 588 2876 2.
661 2847 707 2875 36.
730 2848 771 2875 D:
793 2852 819 2874 et
841 2847 955 2874 habuit.

502 2943 551 2976 ¹4-
579 2932 613 2964 S.
639 2929 800 2973 Gregorii
827 2930 920 2975 Opp.
947 2929 971 2971 1,
999 2928 1079 2971 620,
1105 2927 1204 2961 1283.
