1986 3380
135 934 172 955 10

133 1214 168 1246 15

129 1514 169 1535 20

98 1701 168 1732 Fol.

90 1744 169 1778 212d

129 1805 167 1825 23

129 2086 169 2116 '50

130 2375 145 2407 ’,νδ

190 289 324 316 SERMO
347 279 488 334 xxxv]
661 292 873 324 SECUNDA
902 292 1015 323 12.st

1716 299 1734 323 [Q

1747 290 1762 324 ’.Π

189 400 445 447 relinquatur
487 401 764 447 imperfectum
808 409 843 435 et
882 399 1103 446 accipiatur
1145 401 1230 447 plus
1272 400 1505 447 perfectum.

191 459 290 493 Cum
335 471 428 506 ergo
470 471 608 494 omnes
648 458 787 493 fratres
829 459 975 493 habent
1016 458 1303 494 suflicienciam
1344 467 1379 494 et
1414 471 1506 494 con-

188 516 435 565 gruenciam,
478 525 518 552 ut
559 516 635 551 sint
677 516 723 551 de
768 528 885 551 cruce
931 515 1106 562 supremi
1147 516 1312 559 ordinis,
1351 515 1507 552 videtur

189 576 297 624 quod
322 574 550 610 inferiorem
577 575 720 609 debent
738 574 918 609 descrere
936 582 971 608 et
987 573 1278 620 perfectissimo
1295 575 1506 613 adherere:

189 633 304 669 aliter
363 632 465 668 enim
518 640 731 679 peccarent
789 631 960 678 graviter
1011 640 1091 667 tam
1148 632 1223 667 hoc
1276 632 1507 668 omittentes

190 703 308 739 quam
352 689 419 726 alii
459 691 506 725 de
553 701 742 736 supremo
789 688 929 724 ordine
978 689 1253 725 hortacionem
1302 691 1351 726 ad
1391 703 1504 725 suum

190 748 372 785 ordinem
408 747 668 783 dimittentes.

248 809 358 851 Item,
394 805 574 841 Christus
620 804 862 840 omnisciens
909 804 1118 852 explicavit
1165 818 1324 842 crucem
1363 805 1506 842 viantis

189 865 408 901 secundum
443 864 551 911 quod
575 863 675 898 foret
709 861 934 910 expedicius
968 875 1035 898 sue
1069 863 1253 904 ecclesie;
1288 876 1377 900 cum
1413 876 1506 911 ergo

188 935 260 959 nec
293 922 332 958 in
365 933 537 969 persona
570 919 734 968 propria
768 933 839 956 nec
874 920 913 955 in
945 921 1024 956 suis
1059 921 1264 969 discipulis
1298 921 1506 969 explicavit

188 982 287 1017 tales
317 978 477 1016 ordines
507 980 567 1015 vel
591 977 783 1023 fundavit,
807 978 963 1014 videtur
988 980 1095 1027 quod
1126 979 1287 1015 illorum
1317 979 1504 1016 ordinum

189 1038 369 1075 invencio
416 1037 465 1073 sit
505 1038 676 1085 quedam
719 1035 912 1072 fatuitatis
953 1037 1223 1086 presumpcio.
1271 1039 1360 1074 Non
1399 1038 1504 1074 enim

188 1097 279 1133 licet
324 1095 499 1143 aliquem
550 1096 712 1131 modum
754 1094 910 1130 vivendi
951 1094 1133 1142 accipere
1179 1095 1253 1131 nisi
1297 1095 1335 1131 in
1375 1096 1505 1143 prima

186 1155 351 1192 veritate
375 1163 411 1190 et
436 1149 654 1201 exemplari
677 1154 876 1189 bonorum
906 1153 1087 1189 omnium
1114 1154 1300 1189 fundetur
1324 1154 1505 1202 explicite

185 1213 265 1250 sive
298 1211 511 1260 implicite3
546 1211 638 1259 quia
672 1210 786 1247 aliter
819 1210 955 1247 liceret
989 1211 1028 1247 in
1061 1211 1258 1247 infinitum
1290 1211 1330 1247 in
1359 1212 1505 1248 talibus

186 1270 393 1308 ordinibus
434 1269 780 1317 extravagantibus
816 1281 995 1317 evagare.
1037 1271 1181 1305 Ymmo
1216 1271 1338 1306 homo
1372 1279 1505 1318 posset

188 1330 333 1377 fingere
372 1328 459 1376 pari
499 1327 703 1364 evidencia
736 1327 1057 1363 laudabilitatem
1092 1327 1182 1364 talis
1215 1328 1379 1373 ordinis,
1414 1328 1505 1364 licet

186 1387 303 1423 fuerit
343 1386 503 1423 Christo
550 1385 764 1433 displicens
811 1394 846 1421 et
886 1385 965 1421 vite
1011 1398 1079 1422 sue
1118 1386 1356 1422 contrarius.
1404 1388 1504 1422 Cum

186 1458 280 1494 ergo
305 1444 484 1482 Christus
520 1444 690 1480 docebat
720 1444 855 1491 patule
888 1452 969 1479 tam
1004 1443 1043 1479 in
1075 1457 1115 1480 se
1149 1444 1237 1493 ipso
1271 1457 1392 1492 quam
1426 1444 1505 1480 suis

185 1502 379 1552 apostolis
413 1503 633 1538 secundum
665 1514 784 1549 quam
820 1501 991 1538 formam
1027 1511 1062 1538 et
1086 1502 1320 1550 religionem
1354 1502 1504 1550 posteri

186 1563 330 1598 debent
382 1560 553 1596 finaliter
599 1559 710 1607 sequi
762 1559 906 1607 ipsum,
953 1559 1108 1596 videtur
1154 1562 1261 1608 quod
1305 1561 1366 1597 vel
1423 1560 1505 1609 ipse

185 1619 257 1656 fuit
281 1620 412 1656 fatuus
443 1627 479 1654 et
510 1618 743 1666 imprudens
773 1618 832 1653 vel
865 1617 1040 1654 formam
1072 1618 1276 1666 religionis
1307 1618 1503 1666 optimam

185 1678 225 1714 in
257 1690 297 1714 se
327 1686 364 1713 et
387 1676 467 1713 suis
492 1675 696 1724 discipulis
720 1675 952 1723 dereliquit;
984 1685 1179 1724 repugnat
1211 1675 1316 1712 enirn
1347 1677 1503 1713 caritati

185 1735 320 1784 sponsi
353 1734 487 1771 dilecti
521 1747 542 1770 a
575 1747 721 1782 sponsa
755 1746 826 1770 sua
858 1734 1029 1770 formam
1062 1734 1239 1771 debitam
1269 1730 1273 1787 Ι
1303 1736 1505 1771 occultare

185 1804 221 1831 et
244 1795 415 1830 formam
440 1802 521 1829 tam
553 1793 751 1829 abiectam
784 1793 822 1828 in
846 1791 1049 1839 primitiva
1074 1792 1254 1837 ecclesia,
1280 1792 1505 1841 specialiter

185 1854 346 1901 quando
381 1851 549 1887 insultus
584 1851 654 1886 fuit
688 1850 849 1896 forcior,
885 1863 1074 1887 reserare.

242 1913 284 1947 In
316 1910 392 1946 isto
423 1909 544 1946 dubio
568 1909 724 1945 videtur
750 1908 847 1945 mihi
870 1910 928 1953 (ut
951 1908 1099 1957 sepius)
1134 1910 1242 1957 quod
1266 1921 1425 1946 necesse
1449 1918 1505 1945 est
1572 1917 1741 1956 *Ausum-:-

185 1981 347 2005 omnem
370 1968 603 2004 salvandum
630 1980 787 2003 crucem
813 1980 925 2004 suam
950 1967 1090 2003 tollere
1115 1976 1151 2003 et
1174 1967 1370 2015 penaliter
1395 1967 1505 2015 sequi
1556 1950 1761 2013 lslfssffffffdss

186 2027 404 2064 Christum.

245 2087 356 2129 Item,
398 2093 454 2121 est
487 2093 639 2120 certum
675 2083 857 2120 fidelibus
890 2085 997 2132 quod
1033 2083 1206 2131 apostoli
1241 2093 1277 2120 et
1311 2093 1505 2132 martyres

187 2143 225 2179 in
275 2142 478 2191 primitiva
525 2141 693 2178 ecclesia
738 2144 1008 2190 sequebantur
1056 2141 1260 2178 Christum
1310 2141 1505 2179 direccius

187 2214 276 2238 cum
329 2202 403 2237 hac
451 2213 580 2237 cruce.
626 2202 679 2236 Ex
719 2200 863 2248 quibus
903 2200 1071 2236 infertur
1111 2200 1237 2237 tercio
1277 2202 1385 2248 quod
1423 2213 1504 2237 non

187 2259 259 2295 fuit
299 2258 538 2295 intencionis
573 2258 720 2294 Christi
759 2267 898 2306 aptare
940 2259 1042 2295 hanc
1084 2270 1244 2295 crucem
1284 2260 1504 2295 secundum

186 2318 307 2354 ritum
354 2326 390 2353 et
437 2317 607 2353 formam
657 2316 863 2353 sensibiles
902 2316 942 2353 in
982 2316 1125 2365 quibus
1164 2315 1340 2365 religiosi
1378 2316 1504 2353 nostri
1532 2323 1657 2387 Takingf1
1674 2332 1714 2359 up
1737 2323 1787 2385 thet

1533 2367 1619 2386 CFOSS
1663 2368 1715 2386 OCS
1736 2367 1775 2386 ΠΟ

154 2375 374 2417 5militant,
401 2375 493 2424 quia
519 2387 612 2411 crux
636 2374 726 2412 talis
756 2375 858 2411 foret
890 2374 1023 2411 multis
1052 2374 1171 2411 nimis
1202 2374 1505 2411 disconveniens
1538 2393 1635 2429 impiv
1656 2402 1714 2421 anv
1735 2399 1779 2420 Set

188 2444 224 2470 et
257 2433 344 2470 aliis
377 2433 495 2469 nimis
530 2442 629 2470 arta.
664 2435 811 2469 Forma
845 2446 938 2481 ergo
973 2432 1101 2469 crucis
1135 2433 1281 2470 Christi
1317 2434 1433 2469 debet
1466 2432 1506 2468 in
1591 2429 1724 2456 omitt-s.

190 2501 322 2528 mente
362 2491 538 2539 incipere
578 2500 614 2527 et
661 2491 866 2528 sensibiles
908 2491 1189 2528 observancias
1234 2495 1290 2536 (ut
1335 2490 1506 2539 expedit)

185 2563 291 2586 nunc
331 2549 405 2586 sibi
445 2549 627 2597 accipere
667 2559 703 2586 et
743 2562 848 2586 nunc
889 2549 1030 2586 tollere
1072 2558 1108 2586 et
1148 2562 1218 2598 per
1258 2561 1506 2597 consequens

186 2621 266 2644 non
306 2620 345 2644 se
386 2607 580 2644 serviliter
621 2620 709 2644 cum
752 2608 897 2644 talibus
938 2607 1191 2644 sensibilibus
1236 2606 1507 2644 observanciis

257 2763 276 2782 1.
297 2755 342 2782 A:
365 2755 554 2790 relinquantg
577 2754 614 2781 12:
639 2754 804 2789 relinquat;
835 2755 875 2782 ib.
896 2754 967 2782 AE:
990 2754 1152 2790 accipiant.
1227 2762 1252 2786 2,
1274 2753 1299 2781 3.
1321 2754 1364 2781 D:
1386 2757 1413 2780 et
1434 2761 1505 2780 con-

185 2789 362 2822 gruenciam
385 2789 478 2816 deest.
569 2788 594 2816 3.
616 2789 661 2816 D:
684 2790 854 2824 superioris
875 2789 1003 2816 ordinis.
1101 2799 1130 2823 4.
1152 2789 1192 2817 E:
1215 2789 1368 2825 superiori
1390 2788 1505 2822 perfec-

187 2824 319 2851 tissimo.
394 2823 491 2861 &AE
511 2823 540 2850 in
563 2832 676 2859 marg:
699 2823 723 2851 3.
804 2833 832 2860 9.
854 2824 923 2851 DE:
945 2823 1096 2860 quidquid
1118 2824 1206 2851 foret.
1281 2832 1327 2857 24.
1350 2823 1418 2850 nE:
1442 2828 1502 2849 tam

186 2859 331 2886 debitam.
405 2863 452 2886 20.
474 2858 516 2885 I):
540 2867 692 2889 resecare:
714 2858 753 2886 E:
777 2859 916 2886 reserari.
983 2857 1028 2885 30.
1051 2859 1106 2886 ΑΕ
1127 2859 1155 2886 in
1178 2867 1290 2894 marg:
1313 2858 1503 2893 Responsio:

186 2894 388 2927 Aiuma1-g.:
412 2902 431 2923 1.
448 2901 473 2922 2.
490 2893 514 2920 3.
590 2892 631 2923 35.
647 2892 693 2920 ΞΓ).
712 2894 754 2920 A:
777 2894 1015 2920 disconveniens
1035 2910 1067 2913 —
1088 2893 1181 2920 nimis
1203 2894 1296 2921 deest.
1372 2893 1417 2920 1313.
1434 2892 1457 2919 E
1476 2893 1503 2918 in

187 2936 300 2961 marga:
324 2929 436 2955 Forma
458 2928 557 2955 crucis
579 2928 704 2955 Christi.

1330 2987 1364 3007 ι-

1350 2997 1361 3019 l
