<?xml version="1.0" encoding="UTF-8"?>
<!DOCTYPE html PUBLIC "-//W3C//DTD XHTML 1.0 Transitional//EN"
    "http://www.w3.org/TR/xhtml1/DTD/xhtml1-transitional.dtd">
<html xmlns="http://www.w3.org/1999/xhtml" xml:lang="en" lang="en">
 <head>
  <title>
</title>
<meta http-equiv="Content-Type" content="text/html;charset=utf-8" />
  <meta name='ocr-system' content='tesseract 3.04.00' />
  <meta name='ocr-capabilities' content='ocr_page ocr_carea ocr_par ocr_line ocrx_word'/>
</head>
<body>
  <div class='ocr_page' id='page_1' title='image "./iohanniswyclifse0702wycl_0435.png"; bbox 0 0 1986 3380; ppageno 0'>
   <div class='ocr_carea' id='block_1_1' title="bbox 205 278 1038 337">
    <p class='ocr_par' dir='ltr' id='par_1_1' title="bbox 205 278 1038 337">
     <span class='ocr_line' id='line_1_1' title="bbox 205 278 1038 337; baseline 0.002 -15"><span class='ocrx_word' id='word_1_1' title='bbox 205 291 340 320; x_wconf 69' lang='lat' dir='ltr'>sERMO</span> <span class='ocrx_word' id='word_1_2' title='bbox 362 278 443 337; x_wconf 66' lang='lat' dir='ltr'>LV]</span> <span class='ocrx_word' id='word_1_3' title='bbox 671 293 883 326; x_wconf 80' lang='lat' dir='ltr'><strong>SECUNDA</strong></span> <span class='ocrx_word' id='word_1_4' title='bbox 914 293 1038 325; x_wconf 74' lang='lat' dir='ltr'>PARs.</span> 
     </span>
    </p>
   </div>
   <div class='ocr_carea' id='block_1_2' title="bbox 146 400 1521 2481">
    <p class='ocr_par' dir='ltr' id='par_1_2' title="bbox 152 400 1519 1204">
     <span class='ocr_line' id='line_1_2' title="bbox 208 400 1516 448; baseline 0.002 -13"><span class='ocrx_word' id='word_1_5' title='bbox 208 401 255 436; x_wconf 87' lang='lat' dir='ltr'>Et</span> <span class='ocrx_word' id='word_1_6' title='bbox 290 400 380 436; x_wconf 92' lang='lat' dir='ltr'>hinc</span> <span class='ocrx_word' id='word_1_7' title='bbox 415 400 510 436; x_wconf 88' lang='lat' dir='ltr'>dicit</span> <span class='ocrx_word' id='word_1_8' title='bbox 542 400 786 448; x_wconf 78' lang='lat' dir='ltr'>Augustinus</span> <span class='ocrx_word' id='word_1_9' title='bbox 826 413 945 448; x_wconf 88' lang='lat' dir='ltr'>super</span> <span class='ocrx_word' id='word_1_10' title='bbox 977 400 1045 435; x_wconf 92' lang='lat' dir='ltr'>illo</span> <span class='ocrx_word' id='word_1_11' title='bbox 1080 400 1225 436; x_wconf 84' lang='lat' dir='ltr'>Psalmi</span> <span class='ocrx_word' id='word_1_12' title='bbox 1259 401 1447 445; x_wconf 74' lang='lat' dir='ltr'>LXV1110,</span> <span class='ocrx_word' id='word_1_13' title='bbox 1477 403 1516 438; x_wconf 78' lang='lat'>3:</span> 
     </span>
     <span class='ocr_line' id='line_1_3' title="bbox 205 458 1517 507; baseline 0.001 -13"><span class='ocrx_word' id='word_1_14' title='bbox 205 459 292 494; x_wconf 73' lang='lat' dir='ltr'>Non</span> <span class='ocrx_word' id='word_1_15' title='bbox 323 465 379 495; x_wconf 81' lang='lat' dir='ltr'>est</span> <span class='ocrx_word' id='word_1_16' title='bbox 412 459 629 495; x_wconf 79' lang='lat' dir='ltr'><em>substancia</em></span> <span class='ocrx_word' id='word_1_17' title='bbox 664 459 771 507; x_wconf 89' lang='lat' dir='ltr'>quod</span> <span class='ocrx_word' id='word_1_18' title='bbox 805 459 935 495; x_wconf 90' lang='lat' dir='ltr'>omnis</span> <span class='ocrx_word' id='word_1_19' title='bbox 969 466 1152 494; x_wconf 86' lang='lat' dir='ltr'>creatura</span> <span class='ocrx_word' id='word_1_20' title='bbox 1185 467 1242 494; x_wconf 88' lang='lat' dir='ltr'>est</span> <span class='ocrx_word' id='word_1_21' title='bbox 1275 458 1517 502; x_wconf 68' lang='lat' dir='ltr'>substancia,</span> 
     </span>
     <span class='ocr_line' id='line_1_4' title="bbox 206 515 1519 553; baseline 0.002 -2"><span class='ocrx_word' id='word_1_22' title='bbox 206 516 296 552; x_wconf 88' lang='lat' dir='ltr'>licet</span> <span class='ocrx_word' id='word_1_23' title='bbox 331 516 495 552; x_wconf 83' lang='lat' dir='ltr'>heretici</span> <span class='ocrx_word' id='word_1_24' title='bbox 529 525 707 553; x_wconf 78' lang='lat' dir='ltr'>errantes</span> <span class='ocrx_word' id='word_1_25' title='bbox 742 516 781 552; x_wconf 93' lang='lat' dir='ltr'>in</span> <span class='ocrx_word' id='word_1_26' title='bbox 816 516 984 553; x_wconf 87' lang='lat' dir='ltr'>materia</span> <span class='ocrx_word' id='word_1_27' title='bbox 1017 515 1259 553; x_wconf 82' lang='lat' dir='ltr'>sacramenti</span> <span class='ocrx_word' id='word_1_28' title='bbox 1291 516 1519 553; x_wconf 86' lang='lat' dir='ltr'>Eukaristie</span> 
     </span>
     <span class='ocr_line' id='line_1_5' title="bbox 206 573 1518 623; baseline 0.001 -14"><span class='ocrx_word' id='word_1_29' title='bbox 206 573 339 610; x_wconf 84' lang='lat' dir='ltr'>dicant</span> <span class='ocrx_word' id='word_1_30' title='bbox 367 574 611 622; x_wconf 84' lang='lat' dir='ltr'>oppositum.</span> <span class='ocrx_word' id='word_1_31' title='bbox 648 577 799 611; x_wconf 87' lang='lat' dir='ltr'>Lumen</span> <span class='ocrx_word' id='word_1_32' title='bbox 835 587 927 623; x_wconf 89' lang='lat' dir='ltr'>ergo</span> <span class='ocrx_word' id='word_1_33' title='bbox 960 575 1141 611; x_wconf 86' lang='lat' dir='ltr'>naturale</span> <span class='ocrx_word' id='word_1_34' title='bbox 1174 574 1257 610; x_wconf 91' lang='lat' dir='ltr'>sine</span> <span class='ocrx_word' id='word_1_35' title='bbox 1290 575 1518 611; x_wconf 78' lang='lat' dir='ltr'>substancia</span> 
     </span>
     <span class='ocr_line' id='line_1_6' title="bbox 172 631 1519 679; baseline 0.001 -12"><span class='ocrx_word' id='word_1_36' title='bbox 172 631 338 668; x_wconf 79' lang='lat' dir='ltr'>5anime</span> <span class='ocrx_word' id='word_1_37' title='bbox 370 631 450 668; x_wconf 90' lang='lat' dir='ltr'>sive</span> <span class='ocrx_word' id='word_1_38' title='bbox 482 632 669 679; x_wconf 83' lang='lat' dir='ltr'>potencia</span> <span class='ocrx_word' id='word_1_39' title='bbox 704 641 759 669; x_wconf 88' lang='lat' dir='ltr'>est</span> <span class='ocrx_word' id='word_1_40' title='bbox 783 634 958 678; x_wconf 79' lang='lat' dir='ltr'>tenebre,</span> <span class='ocrx_word' id='word_1_41' title='bbox 994 634 1088 669; x_wconf 90' lang='lat' dir='ltr'>dum</span> <span class='ocrx_word' id='word_1_42' title='bbox 1112 632 1229 669; x_wconf 88' lang='lat' dir='ltr'>fuerit</span> <span class='ocrx_word' id='word_1_43' title='bbox 1254 632 1389 669; x_wconf 91' lang='lat' dir='ltr'>multis</span> <span class='ocrx_word' id='word_1_44' title='bbox 1413 645 1519 669; x_wconf 87' lang='lat' dir='ltr'>erro-</span> 
     </span>
     <span class='ocr_line' id='line_1_7' title="bbox 205 689 1519 739; baseline 0.002 -14"><span class='ocrx_word' id='word_1_45' title='bbox 205 689 314 726; x_wconf 86' lang='lat' dir='ltr'>ribus</span> <span class='ocrx_word' id='word_1_46' title='bbox 348 690 584 735; x_wconf 83' lang='lat' dir='ltr'>involutum,</span> <span class='ocrx_word' id='word_1_47' title='bbox 632 699 668 726; x_wconf 91' lang='lat' dir='ltr'>et</span> <span class='ocrx_word' id='word_1_48' title='bbox 702 704 790 726; x_wconf 88' lang='lat' dir='ltr'>cum</span> <span class='ocrx_word' id='word_1_49' title='bbox 826 693 930 727; x_wconf 90' lang='lat' dir='ltr'>Deus</span> <span class='ocrx_word' id='word_1_50' title='bbox 963 689 1085 739; x_wconf 84' lang='lat' dir='ltr'>gratis</span> <span class='ocrx_word' id='word_1_51' title='bbox 1125 692 1191 727; x_wconf 89' lang='lat' dir='ltr'>dat</span> <span class='ocrx_word' id='word_1_52' title='bbox 1224 699 1410 727; x_wconf 88' lang='lat' dir='ltr'>naturam</span> <span class='ocrx_word' id='word_1_53' title='bbox 1444 704 1519 739; x_wconf 86' lang='lat' dir='ltr'>que</span> 
     </span>
     <span class='ocr_line' id='line_1_8' title="bbox 207 747 1519 795; baseline 0.002 -13"><span class='ocrx_word' id='word_1_54' title='bbox 207 748 417 795; x_wconf 86' lang='lat' dir='ltr'>(quantum</span> <span class='ocrx_word' id='word_1_55' title='bbox 453 747 492 783; x_wconf 89' lang='lat' dir='ltr'>in</span> <span class='ocrx_word' id='word_1_56' title='bbox 525 760 564 784; x_wconf 89' lang='lat' dir='ltr'>se</span> <span class='ocrx_word' id='word_1_57' title='bbox 598 752 668 791; x_wconf 91' lang='lat' dir='ltr'>est)</span> <span class='ocrx_word' id='word_1_58' title='bbox 703 757 759 784; x_wconf 91' lang='lat' dir='ltr'>est</span> <span class='ocrx_word' id='word_1_59' title='bbox 798 749 934 785; x_wconf 86' lang='lat' dir='ltr'>lumen</span> <span class='ocrx_word' id='word_1_60' title='bbox 967 750 1176 795; x_wconf 83' lang='lat' dir='ltr'>mundum,</span> <span class='ocrx_word' id='word_1_61' title='bbox 1209 748 1283 785; x_wconf 91' lang='lat' dir='ltr'>nisi</span> <span class='ocrx_word' id='word_1_62' title='bbox 1308 748 1519 785; x_wconf 84' lang='lat' dir='ltr'>occasione</span> 
     </span>
     <span class='ocr_line' id='line_1_9' title="bbox 206 805 1519 855; baseline 0.002 -14"><span class='ocrx_word' id='word_1_63' title='bbox 206 805 396 853; x_wconf 80' lang='lat' dir='ltr'>culpabili</span> <span class='ocrx_word' id='word_1_64' title='bbox 428 805 546 841; x_wconf 87' lang='lat' dir='ltr'>fuerit</span> <span class='ocrx_word' id='word_1_65' title='bbox 579 808 846 852; x_wconf 87' lang='lat' dir='ltr'>tenebratum,</span> <span class='ocrx_word' id='word_1_66' title='bbox 881 816 991 855; x_wconf 86' lang='lat' dir='ltr'>patet</span> <span class='ocrx_word' id='word_1_67' title='bbox 1021 816 1173 855; x_wconf 90' lang='lat' dir='ltr'>quanto</span> <span class='ocrx_word' id='word_1_68' title='bbox 1208 806 1396 855; x_wconf 88' lang='lat' dir='ltr'>culpandi</span> <span class='ocrx_word' id='word_1_69' title='bbox 1429 816 1519 843; x_wconf 88' lang='lat' dir='ltr'>sunt</span> 
     </span>
     <span class='ocr_line' id='line_1_10' title="bbox 207 863 1519 913; baseline 0.002 -14"><span class='ocrx_word' id='word_1_70' title='bbox 207 863 273 912; x_wconf 87' lang='lat' dir='ltr'>qui</span> <span class='ocrx_word' id='word_1_71' title='bbox 307 864 442 900; x_wconf 89' lang='lat' dir='ltr'>lumen</span> <span class='ocrx_word' id='word_1_72' title='bbox 464 863 620 911; x_wconf 85' lang='lat' dir='ltr'>opificis</span> <span class='ocrx_word' id='word_1_73' title='bbox 645 864 746 900; x_wconf 84' lang='lat' dir='ltr'>tanti</span> <span class='ocrx_word' id='word_1_74' title='bbox 771 864 959 901; x_wconf 88' lang='lat' dir='ltr'>continue</span> <span class='ocrx_word' id='word_1_75' title='bbox 989 865 1184 913; x_wconf 88' lang='lat' dir='ltr'>presentis</span> <span class='ocrx_word' id='word_1_76' title='bbox 1217 865 1297 901; x_wconf 90' lang='lat' dir='ltr'>suis</span> <span class='ocrx_word' id='word_1_77' title='bbox 1331 865 1519 913; x_wconf 83' lang='lat' dir='ltr'>operibus</span> 
     </span>
     <span class='ocr_line' id='line_1_11' title="bbox 152 920 1518 971; baseline 0.001 -14"><span class='ocrx_word' id='word_1_78' title='bbox 152 920 401 958; x_wconf 78' lang='lat' dir='ltr'>minficiunt.</span> <span class='ocrx_word' id='word_1_79' title='bbox 448 923 496 957; x_wconf 84' lang='lat' dir='ltr'>Et</span> <span class='ocrx_word' id='word_1_80' title='bbox 535 922 701 958; x_wconf 90' lang='lat' dir='ltr'>omnino</span> <span class='ocrx_word' id='word_1_81' title='bbox 735 922 978 971; x_wconf 83' lang='lat' dir='ltr'>reprobandi</span> <span class='ocrx_word' id='word_1_82' title='bbox 1012 932 1102 959; x_wconf 85' lang='lat' dir='ltr'>sunt</span> <span class='ocrx_word' id='word_1_83' title='bbox 1144 923 1197 959; x_wconf 89' lang='lat' dir='ltr'>hii</span> <span class='ocrx_word' id='word_1_84' title='bbox 1238 923 1518 969; x_wconf 72' lang='lat' dir='ltr'>infidelissimi,</span> 
     </span>
     <span class='ocr_line' id='line_1_12' title="bbox 207 979 1519 1029; baseline 0.002 -15"><span class='ocrx_word' id='word_1_85' title='bbox 207 979 247 1015; x_wconf 88' lang='lat' dir='ltr'>in</span> <span class='ocrx_word' id='word_1_86' title='bbox 279 981 407 1016; x_wconf 91' lang='lat' dir='ltr'>Deum</span> <span class='ocrx_word' id='word_1_87' title='bbox 441 979 620 1016; x_wconf 87' lang='lat' dir='ltr'>omnium</span> <span class='ocrx_word' id='word_1_88' title='bbox 663 981 989 1029; x_wconf 84' lang='lat' dir='ltr'>blasphemantes</span> <span class='ocrx_word' id='word_1_89' title='bbox 1029 983 1135 1029; x_wconf 89' lang='lat' dir='ltr'>quod</span> <span class='ocrx_word' id='word_1_90' title='bbox 1177 994 1220 1018; x_wconf 85' lang='lat' dir='ltr'>ex</span> <span class='ocrx_word' id='word_1_91' title='bbox 1252 981 1427 1019; x_wconf 86' lang='lat' dir='ltr'>stulticia</span> <span class='ocrx_word' id='word_1_92' title='bbox 1460 983 1519 1018; x_wconf 78' lang='lat' dir='ltr'>vel</span> 
     </span>
     <span class='ocr_line' id='line_1_13' title="bbox 205 1037 1518 1088; baseline 0.002 -15"><span class='ocrx_word' id='word_1_93' title='bbox 205 1050 307 1074; x_wconf 87' lang='lat' dir='ltr'>vana</span> <span class='ocrx_word' id='word_1_94' title='bbox 330 1038 448 1074; x_wconf 87' lang='lat' dir='ltr'>laude</span> <span class='ocrx_word' id='word_1_95' title='bbox 470 1037 594 1074; x_wconf 89' lang='lat' dir='ltr'>seculi</span> <span class='ocrx_word' id='word_1_96' title='bbox 618 1047 708 1075; x_wconf 88' lang='lat' dir='ltr'>sunt</span> <span class='ocrx_word' id='word_1_97' title='bbox 731 1039 1035 1075; x_wconf 86' lang='lat' dir='ltr'>ordinacionem</span> <span class='ocrx_word' id='word_1_98' title='bbox 1053 1039 1215 1075; x_wconf 87' lang='lat' dir='ltr'>Domini</span> <span class='ocrx_word' id='word_1_99' title='bbox 1233 1048 1518 1088; x_wconf 83' lang='lat' dir='ltr'>pervertentes.</span> 
     </span>
     <span class='ocr_line' id='line_1_14' title="bbox 264 1095 1519 1147; baseline 0.003 -17"><span class='ocrx_word' id='word_1_100' title='bbox 264 1097 312 1131; x_wconf 81' lang='lat' dir='ltr'>Et</span> <span class='ocrx_word' id='word_1_101' title='bbox 345 1095 524 1144; x_wconf 88' lang='lat' dir='ltr'>sequitur</span> <span class='ocrx_word' id='word_1_102' title='bbox 556 1096 595 1131; x_wconf 92' lang='lat' dir='ltr'>in</span> <span class='ocrx_word' id='word_1_103' title='bbox 628 1105 753 1133; x_wconf 81' lang='lat' dir='ltr'>textu:</span> <span class='ocrx_word' id='word_1_104' title='bbox 800 1097 843 1132; x_wconf 87' lang='lat' dir='ltr'>Si</span> <span class='ocrx_word' id='word_1_105' title='bbox 878 1105 1003 1133; x_wconf 82' lang='lat' dir='ltr'>autem</span> <span class='ocrx_word' id='word_1_106' title='bbox 1040 1110 1181 1147; x_wconf 75' lang='lat' dir='ltr'>corpus</span> <span class='ocrx_word' id='word_1_107' title='bbox 1212 1105 1317 1134; x_wconf 85' lang='lat' dir='ltr'>tuum</span> <span class='ocrx_word' id='word_1_108' title='bbox 1352 1099 1519 1134; x_wconf 74' lang='lat' dir='ltr'>lucidum</span> 
     </span>
     <span class='ocr_line' id='line_1_15' title="bbox 194 1154 1518 1204; baseline 0.002 -15"><span class='ocrx_word' id='word_1_109' title='bbox 194 1154 325 1202; x_wconf 83' lang='lat' dir='ltr'>fuerit</span> <span class='ocrx_word' id='word_1_110' title='bbox 351 1166 424 1189; x_wconf 84' lang='lat' dir='ltr'>non</span> <span class='ocrx_word' id='word_1_111' title='bbox 447 1154 589 1191; x_wconf 77' lang='lat' dir='ltr'>liabens</span> <span class='ocrx_word' id='word_1_112' title='bbox 611 1155 778 1203; x_wconf 75' lang='lat' dir='ltr'>aliquam</span> <span class='ocrx_word' id='word_1_113' title='bbox 798 1163 952 1204; x_wconf 73' lang='lat' dir='ltr'>partem</span> <span class='ocrx_word' id='word_1_114' title='bbox 978 1156 1239 1201; x_wconf 78' lang='lat' dir='ltr'>tenebrarum,</span> <span class='ocrx_word' id='word_1_115' title='bbox 1263 1156 1335 1192; x_wconf 74' lang='lat' dir='ltr'>erit</span> <span class='ocrx_word' id='word_1_116' title='bbox 1350 1157 1518 1192; x_wconf 71' lang='lat' dir='ltr'>lucidum</span> 
     </span>
    </p>

    <p class='ocr_par' dir='ltr' id='par_1_3' title="bbox 154 1212 1521 1495">
     <span class='ocr_line' id='line_1_16' title="bbox 154 1212 1520 1264; baseline 0.001 -15"><span class='ocrx_word' id='word_1_117' title='bbox 154 1215 347 1252; x_wconf 81' lang='lat' dir='ltr'>15t0tum:</span> <span class='ocrx_word' id='word_1_118' title='bbox 378 1219 413 1248; x_wconf 80' lang='lat' dir='ltr'>et</span> <span class='ocrx_word' id='word_1_119' title='bbox 443 1212 540 1248; x_wconf 73' lang='lat' dir='ltr'>sicut</span> <span class='ocrx_word' id='word_1_120' title='bbox 573 1213 729 1249; x_wconf 77' lang='lat' dir='ltr'>lucerna</span> <span class='ocrx_word' id='word_1_121' title='bbox 751 1213 938 1264; x_wconf 79' lang='lat' dir='ltr'>fulguris</span> <span class='ocrx_word' id='word_1_122' title='bbox 976 1214 1205 1250; x_wconf 81' lang='lat' dir='ltr'>illuminabit</span> <span class='ocrx_word' id='word_1_123' title='bbox 1235 1222 1282 1250; x_wconf 81' lang='lat' dir='ltr'>te.</span> <span class='ocrx_word' id='word_1_124' title='bbox 1325 1214 1399 1251; x_wconf 91' lang='lat' dir='ltr'>Ubi</span> <span class='ocrx_word' id='word_1_125' title='bbox 1433 1214 1520 1250; x_wconf 85' lang='lat' dir='ltr'>dili-</span> 
     </span>
     <span class='ocr_line' id='line_1_17' title="bbox 205 1271 1521 1320; baseline 0.002 -15"><span class='ocrx_word' id='word_1_126' title='bbox 205 1278 342 1318; x_wconf 78' lang='lat' dir='ltr'>genter</span> <span class='ocrx_word' id='word_1_127' title='bbox 375 1271 599 1306; x_wconf 87' lang='lat' dir='ltr'>notandum</span> <span class='ocrx_word' id='word_1_128' title='bbox 635 1272 742 1319; x_wconf 88' lang='lat' dir='ltr'>quod</span> <span class='ocrx_word' id='word_1_129' title='bbox 776 1280 861 1308; x_wconf 87' lang='lat' dir='ltr'>tota</span> <span class='ocrx_word' id='word_1_130' title='bbox 894 1271 1099 1320; x_wconf 86' lang='lat' dir='ltr'>congeries</span> <span class='ocrx_word' id='word_1_131' title='bbox 1138 1271 1427 1320; x_wconf 90' lang='lat' dir='ltr'>operacionum</span> <span class='ocrx_word' id='word_1_132' title='bbox 1461 1274 1521 1309; x_wconf 89' lang='lat' dir='ltr'>vel</span> 
     </span>
     <span class='ocr_line' id='line_1_18' title="bbox 206 1328 1520 1376; baseline 0.003 -13"><span class='ocrx_word' id='word_1_133' title='bbox 206 1340 374 1376; x_wconf 87' lang='lat' dir='ltr'>operum</span> <span class='ocrx_word' id='word_1_134' title='bbox 408 1328 653 1365; x_wconf 86' lang='lat' dir='ltr'>naturalium</span> <span class='ocrx_word' id='word_1_135' title='bbox 686 1330 747 1366; x_wconf 83' lang='lat' dir='ltr'>vel</span> <span class='ocrx_word' id='word_1_136' title='bbox 786 1329 999 1366; x_wconf 88' lang='lat' dir='ltr'>moralium</span> <span class='ocrx_word' id='word_1_137' title='bbox 1042 1343 1132 1366; x_wconf 92' lang='lat' dir='ltr'>cum</span> <span class='ocrx_word' id='word_1_138' title='bbox 1173 1330 1252 1366; x_wconf 91' lang='lat' dir='ltr'>suis</span> <span class='ocrx_word' id='word_1_139' title='bbox 1292 1330 1520 1367; x_wconf 84' lang='lat' dir='ltr'>racionibus</span> 
     </span>
     <span class='ocr_line' id='line_1_19' title="bbox 206 1388 1517 1436; baseline 0.002 -14"><span class='ocrx_word' id='word_1_140' title='bbox 206 1395 370 1423; x_wconf 88' lang='lat' dir='ltr'>vocatur</span> <span class='ocrx_word' id='word_1_141' title='bbox 394 1399 540 1435; x_wconf 89' lang='lat' dir='ltr'>corpus</span> <span class='ocrx_word' id='word_1_142' title='bbox 572 1389 793 1424; x_wconf 88' lang='lat' dir='ltr'>secundum</span> <span class='ocrx_word' id='word_1_143' title='bbox 817 1388 987 1436; x_wconf 77' lang='lat' dir='ltr'>logicam</span> <span class='ocrx_word' id='word_1_144' title='bbox 1014 1388 1245 1425; x_wconf 85' lang='lat' dir='ltr'>Salvatoris.</span> <span class='ocrx_word' id='word_1_145' title='bbox 1281 1388 1390 1425; x_wconf 85' lang='lat' dir='ltr'>Sicut</span> <span class='ocrx_word' id='word_1_146' title='bbox 1415 1389 1517 1425; x_wconf 89' lang='lat' dir='ltr'>enim</span> 
     </span>
     <span class='ocr_line' id='line_1_20' title="bbox 207 1444 1520 1495; baseline 0.002 -15"><span class='ocrx_word' id='word_1_147' title='bbox 207 1444 303 1481; x_wconf 85' lang='lat' dir='ltr'>dicit</span> <span class='ocrx_word' id='word_1_148' title='bbox 335 1445 553 1493; x_wconf 88' lang='lat' dir='ltr'>Apostolus</span> <span class='ocrx_word' id='word_1_149' title='bbox 587 1447 695 1494; x_wconf 88' lang='lat' dir='ltr'>quod</span> <span class='ocrx_word' id='word_1_150' title='bbox 728 1454 812 1482; x_wconf 88' lang='lat' dir='ltr'>tota</span> <span class='ocrx_word' id='word_1_151' title='bbox 846 1446 1012 1483; x_wconf 88' lang='lat' dir='ltr'>ecclesia</span> <span class='ocrx_word' id='word_1_152' title='bbox 1054 1455 1410 1495; x_wconf 83' lang='lat' dir='ltr'>quantumcunque</span> <span class='ocrx_word' id='word_1_153' title='bbox 1444 1447 1520 1483; x_wconf 91' lang='lat' dir='ltr'>dis-</span> 
     </span>
    </p>

    <p class='ocr_par' dir='ltr' id='par_1_4' title="bbox 150 1503 1521 1785">
     <span class='ocr_line' id='line_1_21' title="bbox 150 1503 1519 1554; baseline 0.001 -14"><span class='ocrx_word' id='word_1_154' title='bbox 150 1519 190 1540; x_wconf 90' lang='lat'>20</span> <span class='ocrx_word' id='word_1_155' title='bbox 206 1515 323 1551; x_wconf 88' lang='lat' dir='ltr'>persa</span> <span class='ocrx_word' id='word_1_156' title='bbox 355 1503 404 1539; x_wconf 88' lang='lat' dir='ltr'>sit</span> <span class='ocrx_word' id='word_1_157' title='bbox 437 1516 561 1539; x_wconf 88' lang='lat' dir='ltr'>unum</span> <span class='ocrx_word' id='word_1_158' title='bbox 597 1516 741 1552; x_wconf 88' lang='lat' dir='ltr'>corpus</span> <span class='ocrx_word' id='word_1_159' title='bbox 776 1513 811 1540; x_wconf 88' lang='lat' dir='ltr'>et</span> <span class='ocrx_word' id='word_1_160' title='bbox 845 1504 900 1541; x_wconf 90' lang='lat' dir='ltr'>sic</span> <span class='ocrx_word' id='word_1_161' title='bbox 933 1517 1014 1540; x_wconf 91' lang='lat' dir='ltr'>non</span> <span class='ocrx_word' id='word_1_162' title='bbox 1048 1513 1104 1541; x_wconf 89' lang='lat' dir='ltr'>est</span> <span class='ocrx_word' id='word_1_163' title='bbox 1138 1505 1194 1541; x_wconf 86' lang='lat' dir='ltr'>fas</span> <span class='ocrx_word' id='word_1_164' title='bbox 1228 1506 1390 1541; x_wconf 87' lang='lat' dir='ltr'>credere</span> <span class='ocrx_word' id='word_1_165' title='bbox 1424 1505 1519 1554; x_wconf 89' lang='lat' dir='ltr'>quin</span> 
     </span>
     <span class='ocr_line' id='line_1_22' title="bbox 205 1561 1518 1611; baseline 0.002 -15"><span class='ocrx_word' id='word_1_166' title='bbox 205 1562 370 1597; x_wconf 84' lang='lat' dir='ltr'>verbum</span> <span class='ocrx_word' id='word_1_167' title='bbox 412 1561 558 1597; x_wconf 84' lang='lat' dir='ltr'>Christi</span> <span class='ocrx_word' id='word_1_168' title='bbox 600 1562 718 1598; x_wconf 92' lang='lat' dir='ltr'>habet</span> <span class='ocrx_word' id='word_1_169' title='bbox 759 1562 974 1599; x_wconf 88' lang='lat' dir='ltr'>scintillam</span> <span class='ocrx_word' id='word_1_170' title='bbox 1022 1562 1285 1611; x_wconf 87' lang='lat' dir='ltr'>multiplicem</span> <span class='ocrx_word' id='word_1_171' title='bbox 1331 1563 1518 1600; x_wconf 85' lang='lat' dir='ltr'>racionis.</span> 
     </span>
     <span class='ocr_line' id='line_1_23' title="bbox 205 1618 1520 1667; baseline 0.004 -13"><span class='ocrx_word' id='word_1_172' title='bbox 205 1621 295 1655; x_wconf 92' lang='lat' dir='ltr'>Non</span> <span class='ocrx_word' id='word_1_173' title='bbox 329 1618 433 1655; x_wconf 91' lang='lat' dir='ltr'>enim</span> <span class='ocrx_word' id='word_1_174' title='bbox 468 1619 599 1666; x_wconf 81' lang='lat' dir='ltr'>arguit</span> <span class='ocrx_word' id='word_1_175' title='bbox 633 1620 814 1656; x_wconf 89' lang='lat' dir='ltr'>Christus</span> <span class='ocrx_word' id='word_1_176' title='bbox 848 1622 896 1657; x_wconf 88' lang='lat' dir='ltr'>ab</span> <span class='ocrx_word' id='word_1_177' title='bbox 922 1622 1063 1657; x_wconf 88' lang='lat' dir='ltr'>eodem</span> <span class='ocrx_word' id='word_1_178' title='bbox 1097 1622 1147 1658; x_wconf 89' lang='lat' dir='ltr'>ad</span> <span class='ocrx_word' id='word_1_179' title='bbox 1180 1620 1300 1667; x_wconf 83' lang='lat' dir='ltr'>idem,</span> <span class='ocrx_word' id='word_1_180' title='bbox 1336 1623 1430 1658; x_wconf 89' lang='lat' dir='ltr'>dum</span> <span class='ocrx_word' id='word_1_181' title='bbox 1465 1622 1520 1659; x_wconf 89' lang='lat' dir='ltr'>sic</span> 
     </span>
     <span class='ocr_line' id='line_1_24' title="bbox 205 1676 1521 1728; baseline 0.003 -16"><span class='ocrx_word' id='word_1_182' title='bbox 205 1676 354 1725; x_wconf 84' lang='lat' dir='ltr'>arguit:</span> <span class='ocrx_word' id='word_1_183' title='bbox 389 1677 432 1712; x_wconf 86' lang='lat' dir='ltr'>Si</span> <span class='ocrx_word' id='word_1_184' title='bbox 461 1685 580 1713; x_wconf 81' lang='lat' dir='ltr'>totum</span> <span class='ocrx_word' id='word_1_185' title='bbox 615 1690 757 1727; x_wconf 73' lang='lat' dir='ltr'>corpus</span> <span class='ocrx_word' id='word_1_186' title='bbox 789 1686 893 1714; x_wconf 78' lang='lat' dir='ltr'>titum</span> <span class='ocrx_word' id='word_1_187' title='bbox 929 1679 1096 1715; x_wconf 79' lang='lat' dir='ltr'>lucidum</span> <span class='ocrx_word' id='word_1_188' title='bbox 1110 1679 1241 1728; x_wconf 77' lang='lat' dir='ltr'>fuerit</span> <span class='ocrx_word' id='word_1_189' title='bbox 1273 1692 1345 1715; x_wconf 80' lang='lat' dir='ltr'>non</span> <span class='ocrx_word' id='word_1_190' title='bbox 1379 1681 1521 1717; x_wconf 83' lang='lat' dir='ltr'>habens</span> 
     </span>
     <span class='ocr_line' id='line_1_25' title="bbox 204 1735 1520 1785; baseline 0.003 -15"><span class='ocrx_word' id='word_1_191' title='bbox 204 1735 371 1784; x_wconf 80' lang='lat' dir='ltr'>aliquam</span> <span class='ocrx_word' id='word_1_192' title='bbox 400 1743 554 1785; x_wconf 74' lang='lat' dir='ltr'>partem</span> <span class='ocrx_word' id='word_1_193' title='bbox 594 1737 854 1781; x_wconf 78' lang='lat' dir='ltr'>tenebrarum,</span> <span class='ocrx_word' id='word_1_194' title='bbox 888 1737 961 1773; x_wconf 74' lang='lat' dir='ltr'>erit</span> <span class='ocrx_word' id='word_1_195' title='bbox 1000 1738 1169 1773; x_wconf 76' lang='lat' dir='ltr'>lucidum</span> <span class='ocrx_word' id='word_1_196' title='bbox 1206 1744 1337 1773; x_wconf 80' lang='lat' dir='ltr'>totum.</span> <span class='ocrx_word' id='word_1_197' title='bbox 1384 1738 1520 1774; x_wconf 86' lang='lat' dir='ltr'>Multis</span> 
     </span>
    </p>

    <p class='ocr_par' dir='ltr' id='par_1_5' title="bbox 148 1793 1520 2075">
     <span class='ocr_line' id='line_1_26' title="bbox 148 1793 1519 1843; baseline 0.001 -13"><span class='ocrx_word' id='word_1_198' title='bbox 148 1799 187 1832; x_wconf 86' lang='lat'>25</span> <span class='ocrx_word' id='word_1_199' title='bbox 204 1793 367 1842; x_wconf 85' lang='lat' dir='ltr'>quidem</span> <span class='ocrx_word' id='word_1_200' title='bbox 401 1793 549 1842; x_wconf 78' lang='lat' dir='ltr'>ignaris</span> <span class='ocrx_word' id='word_1_201' title='bbox 581 1793 737 1831; x_wconf 85' lang='lat' dir='ltr'>videtur</span> <span class='ocrx_word' id='word_1_202' title='bbox 775 1796 883 1843; x_wconf 87' lang='lat' dir='ltr'>quod</span> <span class='ocrx_word' id='word_1_203' title='bbox 916 1795 1142 1843; x_wconf 79' lang='lat' dir='ltr'>geminatur</span> <span class='ocrx_word' id='word_1_204' title='bbox 1181 1796 1394 1843; x_wconf 83' lang='lat' dir='ltr'>superflue,</span> <span class='ocrx_word' id='word_1_205' title='bbox 1430 1809 1519 1833; x_wconf 88' lang='lat' dir='ltr'>cum</span> 
     </span>
     <span class='ocr_line' id='line_1_27' title="bbox 204 1841 1520 1900; baseline 0.002 -13"><span class='ocrx_word' id='word_1_206' title='bbox 204 1851 234 1888; x_wconf 91' lang='lat' dir='ltr'>si</span> <span class='ocrx_word' id='word_1_207' title='bbox 259 1860 387 1888; x_wconf 88' lang='lat' dir='ltr'>totum</span> <span class='ocrx_word' id='word_1_208' title='bbox 413 1864 557 1900; x_wconf 86' lang='lat' dir='ltr'>corpus</span> <span class='ocrx_word' id='word_1_209' title='bbox 581 1851 630 1889; x_wconf 90' lang='lat' dir='ltr'>sit</span> <span class='ocrx_word' id='word_1_210' title='bbox 653 1852 846 1899; x_wconf 87' lang='lat' dir='ltr'>lucidum,</span> <span class='ocrx_word' id='word_1_211' title='bbox 872 1841 929 1889; x_wconf 66' lang='lat' dir='ltr'>est</span> <span class='ocrx_word' id='word_1_212' title='bbox 953 1853 1130 1890; x_wconf 88' lang='lat' dir='ltr'>lucidum</span> <span class='ocrx_word' id='word_1_213' title='bbox 1157 1862 1300 1899; x_wconf 88' lang='lat' dir='ltr'>totum,</span> <span class='ocrx_word' id='word_1_214' title='bbox 1327 1863 1363 1890; x_wconf 91' lang='lat' dir='ltr'>et</span> <span class='ocrx_word' id='word_1_215' title='bbox 1386 1854 1416 1890; x_wconf 92' lang='lat' dir='ltr'>si</span> <span class='ocrx_word' id='word_1_216' title='bbox 1441 1868 1520 1891; x_wconf 89' lang='lat' dir='ltr'>non</span> 
     </span>
     <span class='ocr_line' id='line_1_28' title="bbox 205 1909 1520 1959; baseline 0.002 -14"><span class='ocrx_word' id='word_1_217' title='bbox 205 1910 324 1946; x_wconf 89' lang='lat' dir='ltr'>habet</span> <span class='ocrx_word' id='word_1_218' title='bbox 363 1909 540 1958; x_wconf 86' lang='lat' dir='ltr'>aliquam</span> <span class='ocrx_word' id='word_1_219' title='bbox 581 1919 737 1959; x_wconf 89' lang='lat' dir='ltr'>partem</span> <span class='ocrx_word' id='word_1_220' title='bbox 777 1912 1034 1948; x_wconf 87' lang='lat' dir='ltr'>tenebrarum</span> <span class='ocrx_word' id='word_1_221' title='bbox 1070 1921 1106 1948; x_wconf 89' lang='lat' dir='ltr'>et</span> <span class='ocrx_word' id='word_1_222' title='bbox 1140 1924 1231 1948; x_wconf 88' lang='lat' dir='ltr'>cum</span> <span class='ocrx_word' id='word_1_223' title='bbox 1265 1912 1340 1948; x_wconf 93' lang='lat' dir='ltr'>hoc</span> <span class='ocrx_word' id='word_1_224' title='bbox 1374 1912 1429 1949; x_wconf 92' lang='lat' dir='ltr'>sic</span> <span class='ocrx_word' id='word_1_225' title='bbox 1464 1922 1520 1949; x_wconf 90' lang='lat' dir='ltr'>est</span> 
     </span>
     <span class='ocr_line' id='line_1_29' title="bbox 205 1967 1520 2019; baseline 0.003 -16"><span class='ocrx_word' id='word_1_226' title='bbox 205 1967 349 2004; x_wconf 87' lang='lat' dir='ltr'>iterum</span> <span class='ocrx_word' id='word_1_227' title='bbox 373 1968 552 2004; x_wconf 91' lang='lat' dir='ltr'>lucidum</span> <span class='ocrx_word' id='word_1_228' title='bbox 576 1977 719 2005; x_wconf 88' lang='lat' dir='ltr'>totum.</span> <span class='ocrx_word' id='word_1_229' title='bbox 747 1969 853 2015; x_wconf 88' lang='lat' dir='ltr'>Quid</span> <span class='ocrx_word' id='word_1_230' title='bbox 878 1982 970 2018; x_wconf 87' lang='lat' dir='ltr'>ergo</span> <span class='ocrx_word' id='word_1_231' title='bbox 994 1969 1212 2019; x_wconf 86' lang='lat' dir='ltr'>(inquiunt)</span> <span class='ocrx_word' id='word_1_232' title='bbox 1239 1972 1402 2018; x_wconf 88' lang='lat' dir='ltr'>prodest</span> <span class='ocrx_word' id='word_1_233' title='bbox 1430 1971 1520 2008; x_wconf 88' lang='lat' dir='ltr'>talis</span> 
     </span>
     <span class='ocr_line' id='line_1_30' title="bbox 204 2025 901 2075; baseline 0.004 -14"><span class='ocrx_word' id='word_1_234' title='bbox 204 2025 428 2073; x_wconf 86' lang='lat' dir='ltr'>geminacio</span> <span class='ocrx_word' id='word_1_235' title='bbox 462 2025 640 2063; x_wconf 90' lang='lat' dir='ltr'>eiusdem</span> <span class='ocrx_word' id='word_1_236' title='bbox 673 2027 901 2075; x_wconf 83' lang='lat' dir='ltr'>superflua?</span> 
     </span>
    </p>

    <p class='ocr_par' dir='ltr' id='par_1_6' title="bbox 146 2084 1521 2366">
     <span class='ocr_line' id='line_1_31' title="bbox 146 2084 1520 2134; baseline 0.002 -14"><span class='ocrx_word' id='word_1_237' title='bbox 146 2088 188 2120; x_wconf 79' lang='lat'>30</span> <span class='ocrx_word' id='word_1_238' title='bbox 263 2085 339 2120; x_wconf 88' lang='lat' dir='ltr'>Sed</span> <span class='ocrx_word' id='word_1_239' title='bbox 383 2085 563 2121; x_wconf 89' lang='lat' dir='ltr'>notanda</span> <span class='ocrx_word' id='word_1_240' title='bbox 606 2084 714 2121; x_wconf 83' lang='lat' dir='ltr'>iuxta</span> <span class='ocrx_word' id='word_1_241' title='bbox 754 2085 860 2122; x_wconf 89' lang='lat' dir='ltr'>dicta</span> <span class='ocrx_word' id='word_1_242' title='bbox 899 2085 1175 2134; x_wconf 87' lang='lat' dir='ltr'>multiplicitas</span> <span class='ocrx_word' id='word_1_243' title='bbox 1215 2085 1437 2132; x_wconf 76' lang='lat' dir='ltr'>melonum,</span> <span class='ocrx_word' id='word_1_244' title='bbox 1484 2096 1520 2124; x_wconf 92' lang='lat' dir='ltr'>et</span> 
     </span>
     <span class='ocr_line' id='line_1_32' title="bbox 204 2143 1521 2192; baseline 0.002 -14"><span class='ocrx_word' id='word_1_245' title='bbox 204 2150 314 2190; x_wconf 86' lang='lat' dir='ltr'>patet</span> <span class='ocrx_word' id='word_1_246' title='bbox 346 2150 441 2178; x_wconf 90' lang='lat' dir='ltr'>tunc</span> <span class='ocrx_word' id='word_1_247' title='bbox 474 2144 583 2191; x_wconf 86' lang='lat' dir='ltr'>quod</span> <span class='ocrx_word' id='word_1_248' title='bbox 617 2143 656 2179; x_wconf 91' lang='lat' dir='ltr'>in</span> <span class='ocrx_word' id='word_1_249' title='bbox 680 2143 811 2191; x_wconf 89' lang='lat' dir='ltr'>prima</span> <span class='ocrx_word' id='word_1_250' title='bbox 844 2143 1137 2192; x_wconf 88' lang='lat' dir='ltr'>consequencia</span> <span class='ocrx_word' id='word_1_251' title='bbox 1162 2143 1343 2180; x_wconf 90' lang='lat' dir='ltr'>Christus</span> <span class='ocrx_word' id='word_1_252' title='bbox 1376 2144 1521 2182; x_wconf 91' lang='lat' dir='ltr'>intelli-</span> 
     </span>
     <span class='ocr_line' id='line_1_33' title="bbox 203 2200 1519 2250; baseline 0.003 -14"><span class='ocrx_word' id='word_1_253' title='bbox 203 2200 310 2248; x_wconf 81' lang='lat' dir='ltr'>gitur</span> <span class='ocrx_word' id='word_1_254' title='bbox 342 2208 471 2237; x_wconf 88' lang='lat' dir='ltr'>totum</span> <span class='ocrx_word' id='word_1_255' title='bbox 505 2213 651 2249; x_wconf 90' lang='lat' dir='ltr'>corpus</span> <span class='ocrx_word' id='word_1_256' title='bbox 692 2201 884 2247; x_wconf 80' lang='lat' dir='ltr'>lucidum,</span> <span class='ocrx_word' id='word_1_257' title='bbox 927 2201 1142 2238; x_wconf 88' lang='lat' dir='ltr'>multitudo</span> <span class='ocrx_word' id='word_1_258' title='bbox 1175 2214 1343 2250; x_wconf 84' lang='lat' dir='ltr'>operum</span> <span class='ocrx_word' id='word_1_259' title='bbox 1378 2215 1519 2240; x_wconf 90' lang='lat' dir='ltr'>secun-</span> 
     </span>
     <span class='ocr_line' id='line_1_34' title="bbox 204 2258 1520 2306; baseline 0.003 -12"><span class='ocrx_word' id='word_1_260' title='bbox 204 2259 299 2294; x_wconf 93' lang='lat' dir='ltr'>dum</span> <span class='ocrx_word' id='word_1_261' title='bbox 334 2258 538 2295; x_wconf 87' lang='lat' dir='ltr'>racionem</span> <span class='ocrx_word' id='word_1_262' title='bbox 572 2259 762 2296; x_wconf 89' lang='lat' dir='ltr'>bonitatis</span> <span class='ocrx_word' id='word_1_263' title='bbox 801 2259 1009 2306; x_wconf 80' lang='lat' dir='ltr'>naturalis,</span> <span class='ocrx_word' id='word_1_264' title='bbox 1042 2267 1086 2295; x_wconf 91' lang='lat' dir='ltr'>ut</span> <span class='ocrx_word' id='word_1_265' title='bbox 1119 2261 1286 2296; x_wconf 86' lang='lat' dir='ltr'>docetur</span> <span class='ocrx_word' id='word_1_266' title='bbox 1318 2262 1366 2297; x_wconf 91' lang='lat' dir='ltr'>de</span> <span class='ocrx_word' id='word_1_267' title='bbox 1400 2263 1520 2298; x_wconf 90' lang='lat' dir='ltr'>modo</span> 
     </span>
     <span class='ocr_line' id='line_1_35' title="bbox 203 2316 1521 2366; baseline 0.003 -14"><span class='ocrx_word' id='word_1_268' title='bbox 203 2316 394 2353; x_wconf 86' lang='lat' dir='ltr'>bonitatis</span> <span class='ocrx_word' id='word_1_269' title='bbox 428 2317 593 2354; x_wconf 86' lang='lat' dir='ltr'>moralis</span> <span class='ocrx_word' id='word_1_270' title='bbox 621 2326 658 2354; x_wconf 88' lang='lat' dir='ltr'>et</span> <span class='ocrx_word' id='word_1_271' title='bbox 681 2317 888 2364; x_wconf 85' lang='lat' dir='ltr'>naturalis,</span> <span class='ocrx_word' id='word_1_272' title='bbox 924 2330 1014 2354; x_wconf 89' lang='lat' dir='ltr'>cum</span> <span class='ocrx_word' id='word_1_273' title='bbox 1040 2317 1204 2354; x_wconf 89' lang='lat' dir='ltr'>moralis</span> <span class='ocrx_word' id='word_1_274' title='bbox 1237 2319 1521 2366; x_wconf 88' lang='lat' dir='ltr'>superadditur</span> 
     </span>
    </p>

    <p class='ocr_par' dir='ltr' id='par_1_7' title="bbox 147 2374 1519 2481">
     <span class='ocr_line' id='line_1_36' title="bbox 147 2374 1519 2427; baseline 0.001 -15"><span class='ocrx_word' id='word_1_275' title='bbox 147 2379 186 2412; x_wconf 81' lang='lat'>35</span> <span class='ocrx_word' id='word_1_276' title='bbox 203 2374 392 2411; x_wconf 85' lang='lat' dir='ltr'>naturali.</span> <span class='ocrx_word' id='word_1_277' title='bbox 418 2376 511 2411; x_wconf 90' lang='lat' dir='ltr'>Ideo</span> <span class='ocrx_word' id='word_1_278' title='bbox 527 2375 731 2423; x_wconf 79' lang='lat' dir='ltr'>signanter</span> <span class='ocrx_word' id='word_1_279' title='bbox 755 2375 851 2412; x_wconf 89' lang='lat' dir='ltr'>dicit</span> <span class='ocrx_word' id='word_1_280' title='bbox 867 2375 1048 2412; x_wconf 88' lang='lat' dir='ltr'>Christus</span> <span class='ocrx_word' id='word_1_281' title='bbox 1073 2377 1179 2424; x_wconf 90' lang='lat' dir='ltr'>quod</span> <span class='ocrx_word' id='word_1_282' title='bbox 1196 2389 1338 2426; x_wconf 79' lang='lat' dir='ltr'>corpus</span> <span class='ocrx_word' id='word_1_283' title='bbox 1360 2389 1519 2427; x_wconf 78' lang='lat' dir='ltr'>operum</span> 
     </span>
     <span class='ocr_line' id='line_1_37' title="bbox 203 2433 1518 2481; baseline 0.004 -13"><span class='ocrx_word' id='word_1_284' title='bbox 203 2433 237 2469; x_wconf 86' lang='lat' dir='ltr'>si</span> <span class='ocrx_word' id='word_1_285' title='bbox 266 2440 384 2469; x_wconf 85' lang='lat' dir='ltr'>totum</span> <span class='ocrx_word' id='word_1_286' title='bbox 420 2433 588 2469; x_wconf 78' lang='lat' dir='ltr'>lucidum</span> <span class='ocrx_word' id='word_1_287' title='bbox 620 2434 741 2476; x_wconf 79' lang='lat' dir='ltr'>fuerit</span> <span class='ocrx_word' id='word_1_288' title='bbox 773 2434 847 2470; x_wconf 75' lang='lat' dir='ltr'>erit</span> <span class='ocrx_word' id='word_1_289' title='bbox 870 2434 1039 2470; x_wconf 83' lang='lat' dir='ltr'>lucidum</span> <span class='ocrx_word' id='word_1_290' title='bbox 1064 2441 1199 2481; x_wconf 83' lang='lat' dir='ltr'>totum,</span> <span class='ocrx_word' id='word_1_291' title='bbox 1223 2447 1269 2472; x_wconf 89' lang='lat' dir='ltr'>ac</span> <span class='ocrx_word' id='word_1_292' title='bbox 1293 2435 1325 2471; x_wconf 94' lang='lat' dir='ltr'>si</span> <span class='ocrx_word' id='word_1_293' title='bbox 1349 2435 1518 2474; x_wconf 88' lang='lat' dir='ltr'>diceret:</span> 
     </span>
    </p>
   </div>
   <div class='ocr_carea' id='block_1_3' title="bbox 203 2581 1521 2861">
    <p class='ocr_par' dir='ltr' id='par_1_8' title="bbox 203 2581 1521 2861">
     <span class='ocr_line' id='line_1_38' title="bbox 273 2581 1520 2619; baseline 0.003 -11"><span class='ocrx_word' id='word_1_294' title='bbox 273 2589 293 2608; x_wconf 95' lang='lat'>1.</span> <span class='ocrx_word' id='word_1_295' title='bbox 314 2582 344 2609; x_wconf 90' lang='lat' dir='ltr'><strong>A</strong></span> <span class='ocrx_word' id='word_1_296' title='bbox 363 2581 393 2609; x_wconf 87' lang='lat' dir='ltr'>in</span> <span class='ocrx_word' id='word_1_297' title='bbox 414 2590 528 2617; x_wconf 62' lang='lat' dir='ltr'>marg:</span> <span class='ocrx_word' id='word_1_298' title='bbox 558 2582 640 2609; x_wconf 82' lang='lat' dir='ltr'>Nota</span> <span class='ocrx_word' id='word_1_299' title='bbox 667 2583 836 2610; x_wconf 85' lang='lat' dir='ltr'>secundum</span> <span class='ocrx_word' id='word_1_300' title='bbox 857 2583 1068 2618; x_wconf 81' lang='lat' dir='ltr'>Augustinum</span> <span class='ocrx_word' id='word_1_301' title='bbox 1090 2583 1171 2619; x_wconf 80' lang='lat' dir='ltr'>quod</span> <span class='ocrx_word' id='word_1_302' title='bbox 1193 2584 1296 2611; x_wconf 84' lang='lat' dir='ltr'>omnis</span> <span class='ocrx_word' id='word_1_303' title='bbox 1317 2589 1455 2612; x_wconf 86' lang='lat' dir='ltr'>creatura</span> <span class='ocrx_word' id='word_1_304' title='bbox 1476 2589 1520 2612; x_wconf 82' lang='lat' dir='ltr'>est</span> 
     </span>
     <span class='ocr_line' id='line_1_39' title="bbox 204 2616 1520 2655; baseline 0.003 -12"><span class='ocrx_word' id='word_1_305' title='bbox 204 2616 392 2644; x_wconf 78' lang='lat' dir='ltr'>substancia.</span> <span class='ocrx_word' id='word_1_306' title='bbox 500 2625 530 2651; x_wconf 62' lang='lat'>4.</span> <span class='ocrx_word' id='word_1_307' title='bbox 551 2616 576 2644; x_wconf 83' lang='lat' dir='ltr'>E</span> <span class='ocrx_word' id='word_1_308' title='bbox 595 2617 624 2644; x_wconf 88' lang='lat' dir='ltr'>in</span> <span class='ocrx_word' id='word_1_309' title='bbox 647 2625 761 2652; x_wconf 67' lang='lat' dir='ltr'>marg:</span> <span class='ocrx_word' id='word_1_310' title='bbox 783 2617 914 2645; x_wconf 85' lang='lat' dir='ltr'>Lumen.</span> <span class='ocrx_word' id='word_1_311' title='bbox 1028 2626 1055 2653; x_wconf 89' lang='lat'>7,</span> <span class='ocrx_word' id='word_1_312' title='bbox 1077 2618 1103 2645; x_wconf 80' lang='lat'>8.</span> <span class='ocrx_word' id='word_1_313' title='bbox 1125 2618 1194 2646; x_wconf 85' lang='lat' dir='ltr'>DE:</span> <span class='ocrx_word' id='word_1_314' title='bbox 1217 2619 1342 2646; x_wconf 79' lang='lat' dir='ltr'>accione</span> <span class='ocrx_word' id='word_1_315' title='bbox 1363 2620 1520 2655; x_wconf 82' lang='lat' dir='ltr'>culpabili.</span> 
     </span>
     <span class='ocr_line' id='line_1_40' title="bbox 205 2651 1521 2690; baseline 0.004 -13"><span class='ocrx_word' id='word_1_316' title='bbox 205 2659 245 2678; x_wconf 87' lang='lat'>10.</span> <span class='ocrx_word' id='word_1_317' title='bbox 267 2651 384 2678; x_wconf 85' lang='lat' dir='ltr'>Codd.:</span> <span class='ocrx_word' id='word_1_318' title='bbox 406 2651 459 2678; x_wconf 87' lang='lat' dir='ltr'>dii.</span> <span class='ocrx_word' id='word_1_319' title='bbox 551 2660 590 2686; x_wconf 89' lang='lat'>17.</span> <span class='ocrx_word' id='word_1_320' title='bbox 611 2653 655 2679; x_wconf 91' lang='lat' dir='ltr'>A:</span> <span class='ocrx_word' id='word_1_321' title='bbox 678 2661 807 2687; x_wconf 87' lang='lat' dir='ltr'>operum</span> <span class='ocrx_word' id='word_1_322' title='bbox 830 2652 924 2679; x_wconf 79' lang='lat' dir='ltr'>deest.</span> <span class='ocrx_word' id='word_1_323' title='bbox 1015 2661 1060 2688; x_wconf 77' lang='lat'>22,</span> <span class='ocrx_word' id='word_1_324' title='bbox 1081 2652 1124 2680; x_wconf 82' lang='lat'>23.</span> <span class='ocrx_word' id='word_1_325' title='bbox 1146 2653 1185 2680; x_wconf 85' lang='lat' dir='ltr'>E:</span> <span class='ocrx_word' id='word_1_326' title='bbox 1207 2654 1244 2681; x_wconf 88' lang='lat' dir='ltr'>ad</span> <span class='ocrx_word' id='word_1_327' title='bbox 1266 2654 1347 2681; x_wconf 77' lang='lat' dir='ltr'>idem</span> <span class='ocrx_word' id='word_1_328' title='bbox 1367 2670 1401 2673; x_wconf 84' lang='lat'>——</span> <span class='ocrx_word' id='word_1_329' title='bbox 1421 2655 1521 2690; x_wconf 81' lang='lat' dir='ltr'>arguit</span> 
     </span>
     <span class='ocr_line' id='line_1_41' title="bbox 204 2686 1518 2723; baseline 0.003 -11"><span class='ocrx_word' id='word_1_330' title='bbox 204 2686 305 2719; x_wconf 75' lang='lat' dir='ltr'>deest3</span> <span class='ocrx_word' id='word_1_331' title='bbox 334 2686 375 2713; x_wconf 89' lang='lat' dir='ltr'>ib.</span> <span class='ocrx_word' id='word_1_332' title='bbox 396 2687 440 2713; x_wconf 89' lang='lat' dir='ltr'>A:</span> <span class='ocrx_word' id='word_1_333' title='bbox 461 2686 498 2713; x_wconf 87' lang='lat' dir='ltr'>ab</span> <span class='ocrx_word' id='word_1_334' title='bbox 518 2687 627 2714; x_wconf 84' lang='lat' dir='ltr'>codem</span> <span class='ocrx_word' id='word_1_335' title='bbox 648 2703 682 2706; x_wconf 97' lang='lat'><strong>—</strong></span> <span class='ocrx_word' id='word_1_336' title='bbox 702 2687 801 2722; x_wconf 79' lang='lat' dir='ltr'>arguit</span> <span class='ocrx_word' id='word_1_337' title='bbox 821 2687 914 2714; x_wconf 83' lang='lat' dir='ltr'>deest.</span> <span class='ocrx_word' id='word_1_338' title='bbox 988 2687 1031 2715; x_wconf 83' lang='lat'>23.</span> <span class='ocrx_word' id='word_1_339' title='bbox 1052 2689 1097 2716; x_wconf 89' lang='lat' dir='ltr'>A:</span> <span class='ocrx_word' id='word_1_340' title='bbox 1119 2689 1184 2715; x_wconf 85' lang='lat' dir='ltr'>erit.</span> <span class='ocrx_word' id='word_1_341' title='bbox 1258 2687 1302 2723; x_wconf 79' lang='lat'>23,</span> <span class='ocrx_word' id='word_1_342' title='bbox 1323 2697 1371 2723; x_wconf 84' lang='lat'>24.</span> <span class='ocrx_word' id='word_1_343' title='bbox 1391 2690 1436 2716; x_wconf 89' lang='lat' dir='ltr'>A:</span> <span class='ocrx_word' id='word_1_344' title='bbox 1459 2698 1518 2716; x_wconf 86' lang='lat' dir='ltr'>non</span> 
     </span>
     <span class='ocr_line' id='line_1_42' title="bbox 205 2721 1519 2759; baseline 0.003 -12"><span class='ocrx_word' id='word_1_345' title='bbox 205 2721 319 2747; x_wconf 81' lang='lat' dir='ltr'>habens</span> <span class='ocrx_word' id='word_1_346' title='bbox 334 2736 367 2739; x_wconf 37' lang='grc' dir='ltr'><strong>Μ</strong></span> <span class='ocrx_word' id='word_1_347' title='bbox 382 2721 518 2748; x_wconf 84' lang='lat' dir='ltr'>lucidum</span> <span class='ocrx_word' id='word_1_348' title='bbox 540 2721 634 2748; x_wconf 82' lang='lat' dir='ltr'>deest.</span> <span class='ocrx_word' id='word_1_349' title='bbox 691 2729 738 2756; x_wconf 78' lang='lat'>24.</span> <span class='ocrx_word' id='word_1_350' title='bbox 761 2722 785 2749; x_wconf 90' lang='lat' dir='ltr'>D</span> <span class='ocrx_word' id='word_1_351' title='bbox 807 2721 837 2748; x_wconf 90' lang='lat' dir='ltr'>in</span> <span class='ocrx_word' id='word_1_352' title='bbox 859 2730 972 2756; x_wconf 60' lang='lat' dir='ltr'>marg:</span> <span class='ocrx_word' id='word_1_353' title='bbox 994 2722 1075 2750; x_wconf 81' lang='lat' dir='ltr'>Nota</span> <span class='ocrx_word' id='word_1_354' title='bbox 1096 2723 1182 2750; x_wconf 88' lang='lat' dir='ltr'>bene.</span> <span class='ocrx_word' id='word_1_355' title='bbox 1237 2722 1284 2751; x_wconf 87' lang='lat'>30.</span> <span class='ocrx_word' id='word_1_356' title='bbox 1308 2724 1332 2750; x_wconf 87' lang='lat' dir='ltr'>D</span> <span class='ocrx_word' id='word_1_357' title='bbox 1353 2724 1383 2750; x_wconf 92' lang='lat' dir='ltr'>in</span> <span class='ocrx_word' id='word_1_358' title='bbox 1405 2732 1519 2759; x_wconf 67' lang='lat' dir='ltr'>marg:</span> 
     </span>
     <span class='ocr_line' id='line_1_43' title="bbox 203 2754 1519 2793; baseline 0.003 -12"><span class='ocrx_word' id='word_1_359' title='bbox 203 2754 284 2782; x_wconf 70' lang='lat' dir='ltr'>Nota</span> <span class='ocrx_word' id='word_1_360' title='bbox 322 2755 464 2782; x_wconf 86' lang='lat' dir='ltr'>subtilem</span> <span class='ocrx_word' id='word_1_361' title='bbox 504 2755 686 2783; x_wconf 81' lang='lat' dir='ltr'>instanciam</span> <span class='ocrx_word' id='word_1_362' title='bbox 726 2765 762 2783; x_wconf 86' lang='lat' dir='ltr'>an</span> <span class='ocrx_word' id='word_1_363' title='bbox 802 2757 894 2783; x_wconf 86' lang='lat' dir='ltr'>verba</span> <span class='ocrx_word' id='word_1_364' title='bbox 926 2755 1041 2784; x_wconf 82' lang='lat' dir='ltr'>Christi</span> <span class='ocrx_word' id='word_1_365' title='bbox 1075 2757 1233 2785; x_wconf 70' lang='lat' dir='ltr'>continent</span> <span class='ocrx_word' id='word_1_366' title='bbox 1265 2758 1519 2793; x_wconf 77' lang='lat' dir='ltr'>superfluitatem.</span> 
     </span>
     <span class='ocr_line' id='line_1_44' title="bbox 203 2788 1519 2827; baseline 0.004 -11"><span class='ocrx_word' id='word_1_367' title='bbox 203 2788 242 2816; x_wconf 82' lang='lat'>31.</span> <span class='ocrx_word' id='word_1_368' title='bbox 260 2790 304 2817; x_wconf 91' lang='lat' dir='ltr'>A:</span> <span class='ocrx_word' id='word_1_369' title='bbox 326 2790 408 2824; x_wconf 86' lang='lat' dir='ltr'>quod</span> <span class='ocrx_word' id='word_1_370' title='bbox 425 2790 518 2817; x_wconf 80' lang='lat' dir='ltr'>deest.</span> <span class='ocrx_word' id='word_1_371' title='bbox 598 2789 641 2818; x_wconf 83' lang='lat'>32.</span> <span class='ocrx_word' id='word_1_372' title='bbox 663 2791 687 2818; x_wconf 77' lang='grc' dir='ltr'><em>Ε</em></span> <span class='ocrx_word' id='word_1_373' title='bbox 707 2791 737 2818; x_wconf 91' lang='lat' dir='ltr'>in</span> <span class='ocrx_word' id='word_1_374' title='bbox 759 2799 873 2826; x_wconf 66' lang='lat' dir='ltr'>marg:</span> <span class='ocrx_word' id='word_1_375' title='bbox 896 2791 1018 2827; x_wconf 83' lang='lat' dir='ltr'>Corpus</span> <span class='ocrx_word' id='word_1_376' title='bbox 1039 2792 1175 2820; x_wconf 83' lang='lat' dir='ltr'>lucidum</span> <span class='ocrx_word' id='word_1_377' title='bbox 1197 2797 1305 2820; x_wconf 84' lang='lat' dir='ltr'>totum.</span> <span class='ocrx_word' id='word_1_378' title='bbox 1384 2792 1428 2821; x_wconf 83' lang='lat'>33.</span> <span class='ocrx_word' id='word_1_379' title='bbox 1450 2794 1519 2821; x_wconf 87' lang='lat' dir='ltr'>DE:</span> 
     </span>
     <span class='ocr_line' id='line_1_45' title="bbox 203 2824 1518 2861; baseline 0.003 -10"><span class='ocrx_word' id='word_1_380' title='bbox 203 2829 232 2851; x_wconf 86' lang='lat' dir='ltr'>et</span> <span class='ocrx_word' id='word_1_381' title='bbox 253 2825 389 2851; x_wconf 77' lang='lat' dir='ltr'>docetur.</span> <span class='ocrx_word' id='word_1_382' title='bbox 468 2824 511 2853; x_wconf 86' lang='lat'>35.</span> <span class='ocrx_word' id='word_1_383' title='bbox 533 2826 581 2852; x_wconf 90' lang='lat' dir='ltr'>A:</span> <span class='ocrx_word' id='word_1_384' title='bbox 602 2826 731 2853; x_wconf 87' lang='lat' dir='ltr'>naturali</span> <span class='ocrx_word' id='word_1_385' title='bbox 754 2826 849 2853; x_wconf 84' lang='lat' dir='ltr'>deest.</span> <span class='ocrx_word' id='word_1_386' title='bbox 921 2825 963 2861; x_wconf 81' lang='lat'>35,</span> <span class='ocrx_word' id='word_1_387' title='bbox 984 2825 1030 2854; x_wconf 84' lang='lat'>36.</span> <span class='ocrx_word' id='word_1_388' title='bbox 1051 2828 1096 2854; x_wconf 89' lang='lat' dir='ltr'>A:</span> <span class='ocrx_word' id='word_1_389' title='bbox 1118 2827 1191 2855; x_wconf 87' lang='lat' dir='ltr'>Ideo</span> <span class='ocrx_word' id='word_1_390' title='bbox 1211 2843 1244 2846; x_wconf 97' lang='lat'><strong>—</strong></span> <span class='ocrx_word' id='word_1_391' title='bbox 1264 2827 1401 2855; x_wconf 84' lang='lat' dir='ltr'>lucidum</span> <span class='ocrx_word' id='word_1_392' title='bbox 1423 2828 1518 2856; x_wconf 77' lang='lat' dir='ltr'>deest.</span> 
     </span>
    </p>
   </div>
   <div class='ocr_carea' id='block_1_4' title="bbox 284 2919 1412 2964">
    <p class='ocr_par' dir='ltr' id='par_1_9' title="bbox 284 2919 1412 2964">
     <span class='ocr_line' id='line_1_46' title="bbox 284 2919 1412 2964; baseline 0.004 -14"><span class='ocrx_word' id='word_1_393' title='bbox 284 2929 311 2952; x_wconf 89' lang='lat'>1.</span> <span class='ocrx_word' id='word_1_394' title='bbox 338 2920 427 2962; x_wconf 74' lang='lat' dir='ltr'>Aug.</span> <span class='ocrx_word' id='word_1_395' title='bbox 455 2919 548 2963; x_wconf 88' lang='lat' dir='ltr'>Opp.</span> <span class='ocrx_word' id='word_1_396' title='bbox 574 2927 660 2952; x_wconf 88' lang='lat' dir='ltr'>tom.</span> <span class='ocrx_word' id='word_1_397' title='bbox 688 2921 747 2960; x_wconf 86' lang='lat' dir='ltr'>IV,</span> <span class='ocrx_word' id='word_1_398' title='bbox 772 2931 851 2963; x_wconf 85' lang='lat' dir='ltr'>pag.</span> <span class='ocrx_word' id='word_1_399' title='bbox 879 2921 956 2964; x_wconf 76' lang='lat'>692.</span> <span class='ocrx_word' id='word_1_400' title='bbox 1058 2921 1107 2954; x_wconf 83' lang='lat'>13.</span> <span class='ocrx_word' id='word_1_401' title='bbox 1134 2923 1249 2954; x_wconf 85' lang='lat' dir='ltr'>Lucae</span> <span class='ocrx_word' id='word_1_402' title='bbox 1274 2923 1330 2962; x_wconf 81' lang='lat' dir='ltr'>XI,</span> <span class='ocrx_word' id='word_1_403' title='bbox 1359 2921 1412 2955; x_wconf 80' lang='lat'>36.</span> 
     </span>
    </p>
   </div>
   <div class='ocr_carea' id='block_1_5' title="bbox 1725 288 1802 333">
    <p class='ocr_par' dir='ltr' id='par_1_10' title="bbox 1725 288 1802 333">
     <span class='ocr_line' id='line_1_47' title="bbox 1725 288 1802 333; baseline 0.013 -12"><span class='ocrx_word' id='word_1_404' title='bbox 1725 288 1802 333; x_wconf 74' lang='lat'>405</span> 
     </span>
    </p>
   </div>
   <div class='ocr_carea' id='block_1_6' title="bbox 1536 1628 1809 1699">
    <p class='ocr_par' dir='ltr' id='par_1_11' title="bbox 1536 1628 1809 1699">
     <span class='ocr_line' id='line_1_48' title="bbox 1537 1628 1800 1665; baseline 0.004 -10"><span class='ocrx_word' id='word_1_405' title='bbox 1537 1628 1668 1656; x_wconf 75' lang='lat' dir='ltr'>Christ&#39;s</span> <span class='ocrx_word' id='word_1_406' title='bbox 1691 1629 1800 1665; x_wconf 73' lang='lat' dir='ltr'>saying</span> 
     </span>
     <span class='ocr_line' id='line_1_49' title="bbox 1536 1665 1809 1699; baseline 0.004 -9"><span class='ocrx_word' id='word_1_407' title='bbox 1536 1668 1589 1691; x_wconf 87' lang='lat' dir='ltr'>not</span> <span class='ocrx_word' id='word_1_408' title='bbox 1604 1665 1809 1699; x_wconf 61' lang='lat' dir='ltr'>tautologia-al.</span> 
     </span>
    </p>
   </div>
   <div class='ocr_carea' id='block_1_7' title="bbox 1536 2095 1812 2227">
    <p class='ocr_par' dir='ltr' id='par_1_12' title="bbox 1536 2095 1812 2227">
     <span class='ocr_line' id='line_1_50' title="bbox 1550 2095 1797 2122; baseline 0.004 -1"><span class='ocrx_word' id='word_1_409' title='bbox 1550 2095 1630 2122; x_wconf 78' lang='lat' dir='ltr'>Two</span> <span class='ocrx_word' id='word_1_410' title='bbox 1651 2095 1741 2122; x_wconf 87' lang='lat' dir='ltr'>kinds</span> <span class='ocrx_word' id='word_1_411' title='bbox 1762 2095 1797 2122; x_wconf 86' lang='lat' dir='ltr'>of</span> 
     </span>
     <span class='ocr_line' id='line_1_51' title="bbox 1536 2130 1812 2166; baseline -0.004 -9"><span class='ocrx_word' id='word_1_412' title='bbox 1536 2130 1611 2165; x_wconf 83' lang='lat' dir='ltr'>light</span> <span class='ocrx_word' id='word_1_413' title='bbox 1631 2131 1812 2166; x_wconf 74' lang='lat' dir='ltr'>(goodness)</span> 
     </span>
     <span class='ocr_line' id='line_1_52' title="bbox 1581 2165 1766 2193; baseline -0.005 -1"><span class='ocrx_word' id='word_1_414' title='bbox 1581 2170 1687 2193; x_wconf 77' lang='lat' dir='ltr'>nature</span> <span class='ocrx_word' id='word_1_415' title='bbox 1707 2165 1766 2192; x_wconf 83' lang='lat' dir='ltr'>and</span> 
     </span>
     <span class='ocr_line' id='line_1_53' title="bbox 1619 2201 1727 2227; baseline 0 0"><span class='ocrx_word' id='word_1_416' title='bbox 1619 2201 1727 2227; x_wconf 78' lang='lat' dir='ltr'>moral.</span> 
     </span>
    </p>
   </div>
  </div>
 </body>
</html>
