1986 3380
176 919 214 941 10

178 1212 183 1230 1
197 1200 211 1231 ζ’)

174 1499 215 1520 20

182 1781 218 1813 25

181 2074 223 2105 30

184 2364 223 2395 35

228 274 364 303 SERMO
382 262 534 317 XXXVI]
705 274 917 306 SECUNDA
945 273 1058 304 PARs

230 393 393 431 possum
440 395 528 418 cuni
585 381 668 416 istis
719 381 881 428 paribus
930 393 1012 415 esse
1059 379 1205 414 Christi
1253 378 1437 425 discipuli
1484 380 1542 414 x‘el

230 441 385 478 salvari.
422 440 518 485 Quis
549 440 653 476 enim
680 440 766 486 plus
790 437 1026 485 apprecians
1054 437 1251 473 cucullam
1278 437 1338 472 vel
1364 436 1541 472 habitum

230 512 350 548 quani
403 499 637 534 mandatum
684 496 831 532 Christi
886 496 966 531 sive
1017 493 1230 531 consilium
1284 507 1363 529 non
1415 493 1544 529 minus

230 558 359 605 ipsum
393 556 644 604 appreciaret
677 563 842 602 propter
875 553 1038 601 aliquod
1073 554 1215 589 horum
1251 561 1402 600 septem
1417 552 1429 587 ’ἰ
1470 554 1546 587 Ista

230 615 334 652 enim
368 614 580 651 adinventa
613 611 784 648 tradicio
818 611 890 647 fuit
920 612 1027 659 apud
1052 611 1254 647 Christum
1289 623 1362 658 pro
1395 609 1545 645 nichilo

229 681 474 721 computata,
519 671 611 719 quia
657 683 747 706 cum
799 669 911 705 scivit
956 669 1053 704 ritus
1098 669 1197 705 tales
1242 669 1409 706 futuros.
1456 667 1546 703 ideo

230 731 336 779 ipsos
375 742 445 778 per
488 730 622 765 locum
663 741 685 764 a
727 726 870 764 maiori
915 726 1190 774 subintelligit.
1236 726 1439 774 Numquid
1480 724 1546 772 qui

229 791 346 826 debet
389 789 477 836 plus
523 799 659 823 amare
704 798 816 822 suam
865 785 1042 821 animam
1082 797 1202 833 quarn
1244 784 1318 820 ista
1364 782 1545 820 ludicria.

230 848 346 884 debet
385 847 472 895 plus
507 845 711 881 Christum
747 843 912 891 diligere
951 855 1071 891 quam
1113 843 1188 879 ista
1229 842 1389 890 dyaboli
1431 853 1547 877 orna-

230 914 376 942 menta.
418 905 518 940 Cum
558 902 635 938 illis
675 901 779 938 enim
813 903 872 946 <ut
904 901 1069 949 quidam
1103 903 1301 947 asserunt)
1337 900 1409 936 iste
1444 908 1549 935 secte

228 965 371 1000 ludunt
393 961 608 999 interludia
632 960 757 1008 patris
781 959 853 1005 sui,
872 968 908 995 et
924 962 982 1007 (ut
1004 959 1174 995 breviter
1191 958 1548 1006 comprehendam)

228 1024 438 1059 observata
483 1020 558 1056 ista
602 1018 749 1054 Christi
793 1018 929 1065 regula
973 1017 1104 1053 forent
1147 1016 1311 1064 spissius
1356 1024 1551 1062 martyres

229 1081 330 1117 sicut
368 1079 478 1123 olim,
519 1087 555 1113 et
595 1076 725 1113 omnis
770 1075 925 1124 privata
971 1076 1104 1122 regula
1150 1084 1192 1110 ut
1232 1074 1306 1110 sibi
1348 1072 1551 1110 contraria

230 1138 442 1186 deperiret.
478 1135 576 1181 Quis
610 1135 717 1171 enim
751 1135 840 1182 plus
875 1135 1050 1170 amando
1084 1134 1210 1181 legem
1246 1132 1395 1169 Christi
1429 1143 1550 1179 quam

229 1209 342 1233 suam
383 1194 559 1232 animam
599 1206 680 1229 non
719 1205 758 1228 se
798 1200 1013 1240 exponeret
1051 1191 1177 1228 eciam
1220 1192 1269 1227 ad
1315 1189 1551 1237 martyrium

229 1267 303 1303 pro
343 1253 490 1291 Christi
536 1251 677 1288 ordine
725 1250 989 1295 defendendo,
1032 1262 1121 1286 cum
1162 1250 1381 1285 secundum
1422 1246 1553 1295 philo-

229 1313 448 1360 sophorum
478 1309 678 1359 principia
707 1309 860 1357 positus
891 1308 931 1344 in
968 1307 1193 1355 adopcione
1223 1308 1394 1342 duorum
1428 1318 1550 1341 unum

229 1370 430 1418 accipiens
454 1379 490 1405 et
514 1368 621 1405 aliud
645 1377 890 1416 postponens
913 1366 1012 1402 illud
1036 1365 1236 1414 accipiens
1270 1364 1396 1412 magis
1420 1363 1552 1400 amat?

231 1428 481 1466 Christianus
522 1435 655 1463 autem
691 1425 844 1473 positus
885 1425 925 1460 in
964 1423 1189 1472 adopcione
1226 1423 1287 1458 vel
1322 1422 1385 1458 hic
1424 1421 1553 1457 vivere

232 1485 498 1535 corporaliter
538 1485 578 1520 in
616 1483 748 1532 quiete
781 1484 842 1519 vel
878 1482 974 1530 legis
1012 1481 1159 1519 Christi
1195 1480 1445 1517 adversarios
1482 1479 1554 1514 im-

232 1556 423 1594 pugnare,
472 1543 693 1591 preeligens
744 1541 918 1589 primum
973 1550 1009 1576 et
1061 1549 1308 1588 postponens
1355 1537 1553 1585 reliquum

236 1603 464 1640 manifestat
503 1614 543 1637 se
581 1613 662 1636 non
702 1612 785 1636 esse
825 1598 972 1636 Christi
1015 1597 1272 1646 discipulum.
1320 1599 1406 1633 Hoc
1448 1595 1554 1631 enim

235 1663 274 1698 in
307 1663 392 1709 lege
424 1659 547 1696 veteri
579 1671 661 1695 non
693 1658 841 1694 faceret
874 1656 1102 1694 Matathias.

294 1722 342 1755 Et
375 1719 479 1754 iden]
521 1726 578 1753 est
611 1715 805 1753 iudicium
846 1716 954 1764 quod
992 1713 1241 1762 impossibile
1283 1723 1339 1749 est
1379 1712 1554 1760 aliquem

237 1777 501 1816 christianum
549 1787 632 1812 esse
672 1774 820 1811 Christi
860 1773 1102 1822 discipulum
1143 1772 1216 1808 nisi
1253 1784 1404 1807 crucem
1446 1782 1554 1805 suam

236 1835 589 1883 baiuletsequendo
601 1832 819 1874 Christum,
831 1832 924 1880 quia
934 1835 991 1877 (ut
1002 1829 1342 1867 diciturjohannis
1353 1830 1455 1869 X110,
1467 1839 1487 1864 2
1497 1830 1554 1872 6);

238 1896 280 1931 Si
323 1894 406 1943 quis
449 1893 542 1928 mihi
585 1891 779 1928 ministrat
822 1903 882 1926 me
924 1896 1119 1939 sequatur.
1174 1888 1213 1924 Si
1259 1900 1352 1935 ergo
1398 1894 1557 1935 oportet

237 1965 397 1990 omnem
445 1951 679 1987 salvandum
727 1948 963 1986 continuare
1009 1946 1157 1984 Christi
1204 1944 1470 1982 ministerium
1520 1952 1557 1980 et

240 2012 411 2048 formam
451 2011 597 2046 habere
636 2007 829 2056 sequendi
869 2006 1014 2054 ipsum.
1056 2005 1312 2042 manifestum
1354 2012 1410 2039 est
1450 2004 1557 2051 quod

239 2077 400 2118 oportet
444 2067 664 2116 quemlibet
716 2066 953 2102 salvandum
1005 2064 1224 2100 secundum
1271 2063 1443 2098 formam
1495 2060 1559 2096 hic

240 2127 412 2176 positam
438 2125 548 2173 sequi
568 2123 785 2161 Christum.
811 2124 982 2172 Oportet
1007 2122 1111 2158 enirn
1137 2133 1298 2157 omnem
1323 2120 1557 2156 salvandum

242 2185 343 2222 mori
377 2183 574 2232 penaliter
607 2183 827 2218 secundum
861 2181 1025 2229 aliquod
1059 2192 1182 2228 genus
1218 2177 1411 2225 martyrii.

299 2242 465 2280 Ponitur
510 2250 644 2278 autem
694 2240 838 2288 duplex
882 2239 1078 2287 parabola
1117 2237 1157 2273 in
1201 2235 1559 2273 confirmacionem

240 2301 353 2338 istius
391 2299 614 2343 sentencie;
658 2298 789 2346 prima
835 2306 892 2334 est
932 2298 979 2333 de
1020 2294 1326 2332 construceione
1364 2292 1484 2329 turris
1523 2301 1561 2328 et

240 2360 415 2397 secunda
456 2360 503 2395 de
539 2358 644 2393 bello
678 2356 717 2393 in
751 2355 932 2392 hostibus
967 2354 1274 2391 committendo.
1316 2354 1392 2388 Pro
1426 2350 1560 2399 primo

241 2418 463 2454 notandum
522 2417 629 2464 quod
691 2423 851 2462 oportet
908 2425 1070 2449 omnem
1131 2412 1366 2448 salvandum
1416 2408 1559 2445 turrim

241 2476 433 2513 virtutum
476 2474 549 2510 sibi
591 2482 823 2510 construere
856 2481 893 2508 et
926 2484 1092 2519 regnum
1128 2470 1306 2506 celorum
1340 2468 1559 2504 secundum

311 2609 339 2633 4.
356 2599 424 2626 DE:
445 2597 685 2633 appreciaretur.
759 2604 784 2630 7.
802 2597 845 2623 A:
868 2594 1111 2622 subintellisrnut.
1185 2593 1213 2620 S.
1230 2600 1258 2628 9.
1274 2593 1318 2619 A:
1340 2591 1397 2618 ista
1416 2606 1449 2609 —
1470 2598 1561 2625 quam

242 2636 336 2663 deest.
455 2642 495 2660 10.
516 2632 585 2660 DE:
607 2640 677 2659 cum
700 2631 742 2658 vel
765 2631 857 2658 enim.
975 2615 1103 2657 125313:
1125 2628 1212 2655 soi-et.
1323 2625 1359 2653 13.
1382 2627 1424 2652 A:
1447 2625 1561 2652 omnia.

244 2670 282 2698 18.
299 2670 368 2697 DE:
391 2669 515 2696 amavit.
642 2675 681 2694 21.
703 2666 772 2694 DE:
795 2665 926 2699 diligens
948 2665 1094 2700 primum.
1223 2669 1266 2688 22.
1289 2661 1358 2688 DE:
1381 2660 1445 2687 Hec
1465 2660 1557 2686 enim.

243 2704 286 2732 23.
307 2705 332 2732 D
353 2705 384 2731 in
406 2712 519 2738 marg:
540 2703 553 2730 I
573 2702 690 2729 Macch.
713 2710 732 2729 1.
842 2700 887 2728 26.
908 2699 949 2726 E:
969 2699 1037 2727 Joh.
1058 2701 1083 2725 X
1102 2719 1107 2725 .
1218 2705 1261 2729 27.
1283 2696 1352 2723 DE:
1376 2695 1425 2730 qui
1449 2694 1559 2723 michi:

242 2740 283 2767 ib.
305 2740 348 2767 A:
371 2738 602 2766 ministraverit.
701 2736 745 2764 28.
767 2735 834 2763 DE:
858 2734 1040 2762 ministerio.
1133 2732 1181 2766 34.
1203 2732 1272 2759 DE:
1294 2730 1446 2758 sentencie
1467 2729 1561 2756 deest.

243 2774 285 2802 35.
307 2775 333 2801 A
354 2774 384 2800 in
407 2781 520 2807 marga
543 2773 612 2799 Duo
633 2772 783 2806 exempla.
806 2770 954 2798 Primum.
1035 2767 1080 2796 36.
1102 2769 1146 2795 A:
1169 2772 1296 2794 turrem.
1370 2764 1414 2798 37.
1436 2764 1479 2791 D:
1505 2763 1563 2790 xii·-

244 2814 343 2836 tutum
364 2809 394 2836 in
416 2816 530 2843 inarg.;
560 2807 600 2834 E:
623 2807 770 2834 virtutum
791 2806 891 2839 deest;
918 2804 941 2831 l«)
962 2804 990 2831 in
1014 2811 1128 2838 marg:
1151 2802 1194 2829 De
1215 2799 1450 2828 construccione
1470 2798 1563 2825 turris

245 2848 326 2871 nota.

319 2903 371 2936 25.
401 2904 516 2935 Lucae
542 2903 633 2942 XlV,
661 2911 714 2944 27.

1571 1011 1598 1037 lt'
1616 1010 1746 1037 Christ's
1769 1011 1830 1037 rule

1578 1054 1657 1073 were
1677 1046 1826 1072 observcd

1607 1084 1798 1115 martyrclom

1573 1115 1675 1142 would
1699 1115 1733 1141 be
1755 1123 1838 1141 more

1630 1150 1779 1184 frequent.

1612 2240 1754 2266 Parables
1775 2239 1814 2274 by

1598 2274 1698 2301 which
1721 2274 1827 2301 Christ

1593 2309 1760 2336 confirmed
1782 2308 1838 2336 His

1637 2344 1787 2378 teaching.
