1986 3380
187 282 322 310 SERMO
344 272 408 329 LI-]
664 283 875 316 SECUNDA
901 282 1026 314 PARS.

189 393 338 429 addens
362 391 593 428 civilitatem
617 400 853 439 perpetuam
878 388 1007 437 sapiat
1031 389 1120 436 plus
1143 388 1296 424 veneni.
1332 390 1378 423 Et
1402 389 1500 424 ulte-

188 450 269 486 rius
288 450 442 486 videtur
460 451 567 498 quod
590 449 691 485 sicut
714 448 857 497 prelati
882 446 996 483 multi
1020 447 1149 483 forent
1173 446 1260 494 plus
1285 446 1435 482 habiles
1459 456 1499 483 ut

188 517 451 545 uxorarentur
482 508 542 544 vel
574 508 704 543 forent
733 506 885 543 domini
915 505 1046 542 civiles
1075 513 1143 541 aut
1165 512 1418 551 guerratores
1440 505 1500 540 vel

187 566 226 602 in
260 567 338 603 alio
370 565 512 613 laycali
546 565 679 601 officio
713 577 833 613 quam
858 572 900 599 ut
923 563 1000 600 sint
1024 561 1171 600 Christi
1195 561 1342 607 clerici,
1367 570 1500 598 tamen

155 631 170 662 5
189 625 372 662 clericale
395 623 573 660 officium
592 636 672 658 non
693 624 809 659 debet
826 630 1041 670 propterea
1061 619 1278 668 deturpari.
1304 622 1377 656 Per
1396 619 1499 656 idem

189 683 292 720 enim
312 682 449 720 liceret
467 682 622 730 prelato
638 682 905 729 quodcunque
922 680 1072 727 laycale
1091 678 1269 715 officium
1288 690 1500 726 occupare,

188 750 230 777 ut
260 742 407 777 nedum
436 740 537 776 foret
567 739 673 775 licite
703 738 921 786 agricultor
949 738 1009 774 vel
1038 736 1183 774 latrine
1212 744 1406 784 purgator
1434 738 1501 772 scd

187 799 387 835 indicator
405 799 455 834 ad
475 806 646 833 mortem
665 797 753 845 pius
769 809 1002 844 suspensor;
1022 795 1117 832 talia
1133 794 1237 831 enim
1255 793 1503 842 contingeret

190 857 272 893 fieri
308 855 512 893 meritorie
545 855 681 891 multis
704 854 860 891 facilius
885 867 1006 902 quam
1030 853 1264 890 seculariter
1288 851 1501 889 dominari.

134 918 277 953 10Non
321 927 414 963 ergo
459 913 639 962 sequitur
684 925 768 949 esse
812 912 967 948 licitum
1015 911 1204 948 clericum
1243 910 1414 947 transire
1454 911 1503 947 ab

188 973 482 1021 exproprietate
510 973 559 1007 ad
590 971 846 1008 dotacionem
876 970 963 1018 ipso
999 978 1186 1006 manente
1219 968 1377 1015 clerico,
1412 968 1503 1005 licet

188 1031 347 1067 dotacio
381 1031 420 1067 in
453 1042 547 1067 casu
580 1030 668 1078 plus
701 1029 775 1065 sibi
807 1030 1015 1077 prodesset
1047 1027 1135 1076 ipso
1169 1036 1354 1064 manente
1387 1026 1502 1063 laico.

188 1089 252 1126 Sic
286 1089 390 1125 enim
424 1089 644 1126 secundum
679 1086 926 1135 evangelium
962 1085 1128 1122 Matthei
1161 1087 1319 1131 XXHIO,
1345 1086 1366 1121 6
1390 1085 1505 1134 soret

188 1148 396 1197 expediens
440 1146 575 1183 multis
620 1145 783 1194 prelatis
829 1146 930 1194 quod
967 1156 1150 1193 suspensa
1191 1143 1293 1180 mola
1332 1143 1504 1179 asinaria

134 1212 172 1244 15
188 1207 291 1242 circa
315 1206 455 1242 collum
478 1218 589 1241 suum
615 1205 872 1254 demergatur
894 1204 929 1239 in
948 1203 1190 1252 profundum
1218 1201 1350 1238 maris.
1382 1203 1505 1237 Num-

189 1264 285 1312 quid
318 1263 518 1300 credimus
551 1264 627 1299 hoc
661 1275 744 1299 esse
773 1260 936 1310 prelatis
966 1269 1180 1309 propterea
1210 1259 1505 1296 ordinandum?

248 1324 325 1359 Sed
371 1322 538 1358 ulterius
583 1322 633 1357 ad
678 1319 957 1357 difficultatem
1004 1318 1220 1355 maximam
1266 1319 1313 1354 de
1357 1317 1505 1354 sanctis

190 1380 257 1429 qui
301 1380 557 1417 dotacionem
603 1387 842 1427 acceperant
882 1377 1018 1414 dicunt
1063 1376 1226 1425 quidam
1273 1377 1381 1424 quod
1425 1388 1506 1412 non

190 1447 248 1475 est
282 1451 462 1486 expresse
502 1437 694 1474 articulus
734 1436 825 1473 fidei
859 1437 967 1484 quod
1007 1443 1236 1483 receptores
1276 1433 1506 1470 huiusmodi

131 1514 174 1535 20
190 1506 302 1533 erant
318 1497 464 1536 sancti:
490 1496 556 1533 alii
580 1504 713 1532 autem
736 1495 874 1531 dicunt
898 1495 1005 1542 quod
1021 1493 1299 1530 satisfecerunt
1317 1493 1506 1528 merendo

191 1564 227 1591 et
260 1556 506 1591 conterendo
531 1554 570 1590 in
595 1554 670 1590 fine
694 1553 808 1590 nobis
833 1551 1072 1589 abscondito
1097 1560 1133 1588 et
1162 1550 1201 1586 in
1225 1563 1328 1599 pena
1352 1549 1504 1598 peccati

189 1612 353 1650 ecclesie
387 1614 434 1649 de
467 1612 632 1649 brachio
666 1611 834 1648 seculari
870 1619 926 1647 est
960 1611 1067 1659 quod
1100 1609 1243 1646 talium
1278 1609 1395 1645 dolor
1427 1607 1507 1644 sive

189 1670 385 1708 contricio
420 1670 584 1707 ecclesie
618 1679 676 1706 est
699 1670 839 1708 celata.
873 1668 970 1714 Quis
995 1668 1099 1704 enim
1125 1666 1333 1715 cognoscit
1358 1675 1505 1703 statum

190 1729 314 1766 exitus
336 1728 527 1766 viatoris?
549 1728 681 1765 Tercii
704 1740 798 1764 vero
825 1726 961 1763 dicunt
985 1727 1091 1774 quod
1117 1725 1243 1762 sancti
1268 1733 1504 1773 receperunt

133 1794 171 1826 25
189 1788 284 1824 istas
317 1787 556 1824 elemosinas
589 1787 809 1823 secundum
834 1785 1039 1822 racionem
1064 1784 1257 1832 simplicis
1291 1782 1508 1820 elemosine

190 1845 427 1895 temporalis
467 1854 504 1882 et
536 1858 617 1882 non
655 1845 875 1881 secundum
916 1843 1120 1880 racionem
1162 1841 1387 1878 dotacionis
1420 1853 1508 1889 per-

190 1913 308 1953 petue
345 1913 387 1941 ut
426 1904 572 1941 talibus
613 1903 882 1941 dominentur.
921 1904 961 1938 In
995 1901 1106 1938 cuius
1140 1901 1296 1949 signum
1329 1899 1510 1936 vixerunt

190 1962 338 2000 nostris
372 1962 525 1999 clericis
558 1962 672 1998 valde
706 1960 919 2009 dispariter
952 1968 988 1996 et
1021 1971 1217 1995 venenum
1242 1959 1350 2007 quod
1381 1956 1508 1994 nostri

192 2021 371 2058 adiciunt
403 2019 582 2057 totaliter
614 2020 899 2056 abhorrebant.
934 2020 982 2054 Et
1006 2017 1062 2054 sic
1085 2018 1306 2054 secundum
1331 2015 1510 2064 dispares

135 2083 176 2115 30
192 2079 374 2116 raciones
408 2078 622 2127 dispariter
654 2077 927 2114 satisfecerant
952 2075 1111 2112 Christo
1146 2084 1183 2112 et
1216 2074 1382 2112 ecclesie
1406 2073 1509 2110 mili-

193 2137 306 2174 tanti.
360 2140 461 2174 Nam
501 2137 676 2173 secunda
714 2135 923 2184 responsio
956 2133 1052 2170 dicit
1086 2134 1193 2182 quod
1232 2133 1511 2170 satisfecerunt

194 2205 231 2232 et
264 2195 525 2232 restituerunt
549 2193 709 2231 Christo
735 2203 772 2230 et
795 2205 863 2230 sue
888 2191 1053 2229 ecclesie
1076 2204 1150 2240 pro
1179 2191 1249 2227 illo
1283 2189 1509 2227 meditullio

192 2253 387 2302 temporis
421 2266 500 2302 quo
524 2253 563 2289 in
588 2251 729 2289 mortis
753 2251 922 2288 articulo
946 2258 1036 2286 sunt
1070 2249 1252 2295 contriti3
1286 2250 1353 2285 sed
1387 2247 1511 2284 tercia

193 2311 402 2361 responsio
448 2311 544 2348 dicit
585 2311 693 2359 quod
740 2323 830 2347 cum
875 2321 1081 2358 nunquam
1128 2306 1325 2344 dominati
1365 2306 1511 2342 fuerint

136 2375 176 2408 35
194 2370 362 2408 civiliter
394 2371 463 2406 sed
496 2369 557 2406 usi
590 2369 675 2405 istis
715 2367 1007 2416 temporalibus
1048 2374 1256 2414 tamquam
1293 2364 1511 2401 elemosina

193 2428 422 2477 temporali,
461 2440 543 2465 non
580 2427 669 2476 plus
709 2428 878 2475 egebant
916 2424 1178 2462 restitucione
1219 2422 1343 2460 ablati
1388 2435 1509 2471 quam

195 2486 262 2524 alii
297 2485 567 2524 elemosinarii
600 2485 667 2534 qui
701 2498 774 2533 pro
813 2497 887 2520 usu
921 2495 1099 2530 congruo
1137 2482 1238 2519 tales
1272 2480 1511 2518 elemosinas

199 2553 452 2594 receperunt,
499 2557 589 2581 cum
639 2545 843 2580 decretum
889 2540 1101 2590 Augustini
1153 2542 1201 2577 de
1253 2538 1513 2576 restitucione

264 2677 284 2696 1.
305 2667 330 2695 Ε
349 2668 379 2695 in
401 2675 516 2703 marg.:
536 2667 720 2702 Responsio.
805 2675 834 2699 4.
855 2666 900 2693 A:
921 2669 1023 2692 tamen
1043 2664 1168 2700 laycalc.
1261 2663 1284 2691 5.
1307 2662 1376 2690 DE:
1398 2663 1511 2689 nedum

196 2708 368 2739 propterea.
436 2703 463 2731 6.
485 2703 524 2730 E:
546 2703 624 2730 licet.
698 2702 724 2728 Ν.
746 2700 814 2728 DE:
836 2700 1048 2735 contingerent
1069 2707 1171 2734 super.
1237 2707 1278 2732 14.
1301 2698 1323 2725 E
1344 2698 1373 2724 in
1396 2705 1512 2732 marg:

194 2739 284 2766 Nota.
306 2738 350 2765 De
370 2737 541 2765 dotacione.
674 2736 713 2764 18.
735 2737 779 2764 A:
802 2739 988 2770 receperant.
1124 2741 1163 2769 ις).
1184 2734 1229 2760 A:
1253 2733 1303 2759 sed
1327 2736 1512 2767 receptores.

195 2782 241 2801 20.
256 2773 281 2800 E
296 2773 325 2799 in
341 2780 454 2807 marg:
477 2771 646 2807 Quomodo
662 2771 758 2798 sancti
780 2770 978 2798 restituerunt
998 2769 1193 2796 dotacionem
1216 2772 1266 2794 aut
1287 2768 1512 2794 satisfecerunt.

194 2808 286 2835 Nota.
411 2808 458 2834 26.
479 2807 548 2834 DE:
571 2806 791 2841 temporaliter.
917 2812 966 2840 29,
987 2803 1033 2831 30.
1054 2804 1098 2830 A:
1122 2803 1262 2839 dispares
1283 2801 1512 2837 responsiones.

195 2842 241 2876 34.
264 2842 332 2870 DE:
353 2842 485 2869 fuerunt.
558 2840 604 2869 36.
625 2843 670 2869 A:
692 2840 887 2868 restitucione
908 2839 998 2866 ablati
1021 2839 1114 2866 deest.

269 2913 321 2946 38.
348 2914 383 2946 S.
411 2913 596 2955 Augustini
625 2913 718 2956 Opp.
745 2919 831 2945 tom.
858 2912 896 2950 Η,
924 2921 1002 2953 pag.
1032 2910 1108 2942 532.

1710 275 1725 306 ,Δὶ

1738 288 1756 322 xl

1768 277 1783 310 2,-

1564 1325 1668 1352 Saints
1690 1325 1760 1352 who

1586 1361 1728 1395 accepted

1556 1396 1763 1423 endowment.
