1986 3380
153 912 220 940 God
243 921 327 940 cares
348 914 395 940 sor

174 948 222 974 the
243 948 372 975 contrite

157 983 253 1013 beart,
275 988 327 1009 not
348 983 395 1010 sor

236 1018 317 1044 sites.

722 281 945 315 JOHANNIS
965 282 1146 315 WYCLIF'
1164 283 1422 317 SERMONUM
1470 270 1621 328 [SERMO
1642 282 1738 310 XXV·

426 387 486 422 vel
510 386 660 425 solacio
684 387 924 424 adhibendo.
959 390 1108 424 Omnes
1131 398 1263 425 autern
1289 389 1360 426 iste
1384 390 1565 427 raciones
1580 391 1739 428 Christo

428 445 680 487 conveniunt,
705 459 796 482 nam
822 447 980 482 Psalmo
1004 447 1122 492 CV10‚
1147 458 1216 483 20:
1241 448 1348 483 Misit
1371 448 1561 485 Dominus
1584 450 1739 485 verbum

426 515 535 538 suum
570 511 604 539 et
635 504 785 539 sanavit
817 516 893 547 eos,
927 514 963 540 et
998 505 1141 541 Psalm.
1172 506 1322 551 XXXII,
1359 507 1395 551 6,
1437 507 1551 542 verbo
1584 508 1743 543 Domini

427 561 499 596 celi
516 561 675 611 firmati
711 569 818 605 sunt;
855 574 993 598 omnes
1032 562 1137 598 enim
1182 563 1311 611 angeli
1352 564 1457 600 beati
1495 574 1586 600 sunt
1625 565 1740 601 huius

426 618 535 654 verbi
580 619 714 666 gracia
759 619 986 656 confirmati
1033 629 1070 656 et
1115 620 1213 657 lsaie
1256 623 1359 667 XLO,
1390 634 1427 658 1:
1467 622 1740 666 consolamini,

427 677 689 720 consolamini,
717 677 862 726 popule
883 690 1001 723 meus,
1026 679 1115 714 dicit
1138 679 1246 715 Deus
1269 687 1405 716 vester.
1440 680 1585 717 Euntes
1617 681 1742 730 itaque

426 734 466 770 in
499 734 575 771 isto
608 746 755 780 errore,
790 734 951 772 discatis
985 735 1303 773 misericordiam
1338 737 1499 774 Domini
1532 737 1740 775 incarnati.

427 791 576 828 Discite
620 790 824 843 (inquam)
875 795 1081 841 quomodo
1127 795 1322 831 Dominus
1373 795 1617 843 prenosticat
1667 796 1742 832 ista

427 849 667 898 temporalia
700 863 770 899 per
801 850 899 887 illud
933 852 1034 889 Osee
1055 854 1141 898 VI0,
1167 855 1209 889 6:
1243 853 1556 890 Misericordiam
1591 855 1676 890 volo
1708 862 1743 891 et

428 919 500 943 non
550 909 797 959 sacrificium.
852 912 954 946 Nam
1005 923 1028 947 a
1077 920 1259 959 tempore
1310 911 1604 948 incarnacionis
1654 913 1742 960 plus

428 966 651 1002 delectatur
690 966 918 1004 misericors
965 968 1004 1004 in
1050 969 1232 1005 contritis
1280 978 1316 1005 et
1350 971 1477 1006 Deum
1518 982 1564 1007 ac
1602 970 1743 1007 fratres

427 1036 520 1060 suos
559 1023 817 1072 diligentibus
856 1038 976 1074 quam
1016 1026 1055 1062 in
1094 1027 1387 1075 quantumlibet
1425 1027 1744 1065 sacrificantibus

426 1082 487 1118 vel
525 1083 789 1131 corporaliter
832 1083 1110 1127 offerentibus;
1156 1086 1262 1133 quod
1304 1085 1514 1122 psalmista
1558 1086 1744 1134 prescivit

428 1141 586 1177 Psalmo
627 1142 691 1186 L‘),
723 1153 783 1188 19,
829 1143 991 1189 quando
1037 1142 1132 1178 dixit
1171 1143 1411 1192 Sacrificium
1451 1143 1535 1180 Deo
1585 1145 1745 1194 spiritus

427 1198 719 1243 contribulatus,
765 1200 971 1235 contritum
1017 1213 1086 1236 cor
1134 1209 1168 1236 et
1218 1201 1475 1236 humilitatum
1522 1202 1628 1238 Deus
1671 1216 1743 1238 non

428 1257 623 1305 despicies.
671 1258 888 1302 Quomodo
933 1267 1073 1294 contra
1112 1258 1359 1307 quiescentes
1398 1258 1437 1295 in
1476 1260 1744 1296 observanciis

427 1313 524 1361 legis
555 1314 699 1350 veteris
737 1327 810 1363 pro
849 1324 1031 1363 tempore
1071 1315 1167 1364 legis
1206 1316 1337 1364 gracie
1376 1326 1413 1353 et
1446 1318 1572 1353 multo
1605 1319 1745 1366 damp-

427 1371 599 1408 nabilius
623 1381 763 1409 contra
786 1372 1085 1410 introducentes
1108 1374 1251 1423 cupide
1274 1388 1395 1423 supra
1419 1376 1546 1423 legem
1569 1385 1741 1412 veterem

426 1431 524 1466 tales
549 1430 893 1473 canonizaciones,
915 1432 1145 1469 oblaciones
1168 1442 1204 1469 et
1225 1432 1457 1470 festivitates
1480 1433 1626 1470 dicitur
1644 1434 1742 1470 Isaie

428 1490 478 1534 10,
502 1489 684 1525 11—-132
716 1489 801 1533 Quo
830 1490 925 1525 mihi
950 1491 1230 1527 multitudinem
1256 1491 1499 1527 victimarum
1524 1500 1742 1529 vestrarum

429 1546 520 1582 dicit
542 1547 763 1582 Dominus?
794 1548 937 1583 Plenus
957 1561 1056 1594 sum,
1079 1549 1303 1585 holocausta
1335 1550 1499 1586 arietum
1533 1558 1569 1586 et
1590 1550 1742 1599 adipem

422 1604 628 1654 pinguium
659 1612 694 1640 et
715 1605 943 1655 sanguinem
974 1606 1183 1643 vitulorum
1213 1615 1248 1643 et
1269 1620 1463 1657 agnorum
1487 1615 1522 1644 et
1544 1608 1742 1644 hircorum

427 1662 551 1698 nolui:
578 1662 673 1698 Cum
708 1663 887 1699 veniretis
917 1671 1005 1700 ante
1035 1673 1277 1714 conspectum
1311 1678 1449 1712 meum,
1472 1666 1554 1715 quis
1585 1667 1745 1715 quesivit

427 1720 495 1756 hec
518 1720 564 1756 de
586 1721 760 1757 manibus
783 1721 933 1767 vestris,
967 1729 1006 1757 ut
1037 1723 1291 1759 ambularetis
1322 1723 1358 1759 in
1390 1723 1502 1759 atriis
1533 1724 1656 1760 meis?
1686 1725 1744 1760 Ne

427 1778 600 1827 offeratis
636 1778 741 1814 ultra
784 1779 1017 1830 sacrificium
1039 1781 1226 1830 frustra.-
1256 1781 1448 1818 incensum
1481 1782 1744 1818 abhominacio

427 1843 483 1872 est
535 1836 639 1872 mihi.
688 1836 939 1873 Neomeniam
983 1846 1019 1874 et
1061 1839 1260 1875 sabbatum
1305 1846 1340 1875 et
1366 1839 1605 1888 festivitates
1647 1840 1745 1876 alias

428 1906 499 1930 non
522 1894 674 1943 seram.
708 1894 833 1944 Iniqui
862 1895 1013 1944 quidem
1045 1904 1133 1932 sunt
1164 1904 1268 1933 cetus
1299 1898 1545 1945 prelatorum
1580 1906 1744 1946 propter

427 1951 656 2000 superbiam
689 1953 750 1988 vel
782 1952 998 1990 avariciam
1032 1953 1108 1990 ista
1140 1954 1407 1992 statuencium
1442 1964 1479 1992 et
1508 1956 1618 1992 lucra
1650 1968 1744 2004 que-

427 2009 621 2055 rendum,
646 2009 740 2058 quia
762 2019 945 2059 tempore
966 2011 1063 2060 legis
1086 2012 1219 2060 gracie
1243 2026 1322 2061 qua
1344 2012 1525 2050 Christus
1547 2025 1588 2050 se
1610 2013 1742 2062 ipsum

1764 927 1801 949 10

1764 1207 1800 1238 15

1760 1506 1801 1528 20

1761 1785 1800 1817 25

427 2067 572 2103 obtulit
604 2076 646 2104 ut
671 2068 789 2104 finem
824 2078 1059 2106 cunctorum
1084 2069 1225 2106 talium
1249 2070 1434 2107 videntur
1465 2070 1532 2108 illa
1561 2071 1744 2108 debuisse
1760 2075 1800 2107 30

427 2137 582 2162 cessare
605 2134 643 2162 et
666 2125 815 2163 Christi
845 2126 968 2163 animi
997 2129 1225 2176 prevalente
1254 2128 1293 2165 in
1317 2128 1386 2165 illo
1411 2129 1487 2165 fine
1511 2130 1583 2166 hec
1605 2129 1742 2166 omnia

427 2184 571 2220 debere
604 2183 826 2233 quiescere;
867 2194 904 2222 et
935 2185 1060 2222 virtus
1098 2199 1144 2223 ac
1181 2186 1264 2223 eius
1302 2187 1490 2235 operacio
1523 2188 1742 2236 precellens

427 2251 593 2278 cunctos
631 2241 730 2279 ritus
767 2243 973 2280 sensibiles
1012 2245 1156 2280 debent
1195 2257 1217 2281 a
1250 2244 1432 2282 fidelibus
1465 2245 1651 2292 exerceri,
1684 2245 1742 2282 in-

428 2308 592 2336 carnata
631 2299 703 2337 Dei
740 2299 885 2337 virtute
929 2310 966 2338 et
1005 2301 1078 2338 Dei
1116 2301 1332 2351 saplencia‚
1372 2316 1462 2340 cum
1507 2303 1605 2340 nulli
1643 2303 1741 2340 ritus

428 2357 658 2394 huiusmodi
690 2357 722 2394 si
754 2371 835 2395 non
867 2372 938 2408 per
970 2359 1155 2396 accidens
1187 2369 1278 2397 sunt
1309 2360 1513 2398 laudandi.

495 2555 521 2576 2.
543 2548 660 2577 Codd.:
684 2549 833 2578 CXLVI0.
986 2551 1010 2579 5.
1031 2551 1072 2579 E.-
1092 2551 1170 2579 Isaie
1190 2552 1264 2586 IV⁰;
1293 2552 1334 2580 ib.
1355 2551 1395 2580 E:
1417 2553 1624 2580 consolamini
1645 2553 1738 2581 deest.

426 2582 454 2622 β.
476 2582 519 2610 D:
542 2584 654 2619 popule
675 2584 785 2619 nimis;
806 2585 846 2613 E:
870 2586 982 2621 popule
1003 2594 1067 2620 me;
1098 2587 1138 2613 ib.
1160 2588 1204 2614 A:
1227 2587 1299 2614 dicit
1319 2587 1482 2615 Dominus.
1565 2597 1590 2623 7.
1613 2588 1681 2616 DE:
1703 2588 1739 2616 de

427 2622 496 2645 isto.
569 2618 596 2645 8.
618 2619 663 2646 A:
689 2619 790 2647 dicite.
873 2629 915 2655 ¹4-
937 2620 1005 2648 DE:
1028 2629 1097 2648 cnm
1119 2621 1204 2648 dixit.
1289 2622 1327 2650 15.
1348 2622 1393 2649 A:
1414 2630 1467 2649 cor
1487 2622 1737 2650 contribulatum.

427 2652 468 2680 16.
490 2653 534 2680 A:
558 2653 629 2687 Quo
649 2658 756 2681 contra
777 2655 944 2688 adversum
966 2656 1006 2682 ib.
1028 2656 1052 2683 l)
1074 2656 1103 2683 in
1126 2665 1240 2691 marg:
1263 2656 1421 2684 adversus.
1540 2665 1577 2692 17.
1599 2658 1642 2685 A:
1665 2657 1739 2696 legis

427 2687 521 2714 deest.
627 2690 666 2715 18.
688 2688 727 2716 E:
751 2689 956 2717 introductos.
1060 2698 1106 2725 24.
1129 2691 1173 2718 A:
1195 2691 1361 2718 ambulare.
1465 2692 1506 2719 25.
1528 2692 1573 2719 A:
1596 2692 1737 2719 alterans.

427 2721 472 2749 30.
495 2723 538 2750 A:
560 2722 665 2750 talium
687 2723 787 2757 decst;
819 2724 859 2752 ib.
882 2725 925 2752 A:
948 2724 1078 2752 videtur.
1185 2724 1225 2758 31,
1246 2725 1288 2753 32.
1312 2725 1369 2753 Hic
1390 2726 1475 2753 locus
1495 2727 1575 2754 haud
1597 2726 1688 2754 dubie
1708 2727 1737 2754 in

426 2757 573 2784 omnibns
593 2757 683 2784 codd.
706 2763 859 2793 corrupt.;
890 2760 934 2786 A:
964 2763 992 2785 ct
1021 2759 1181 2787 christiani
1212 2760 1240 2787 in
1272 2760 1323 2787 illo
1353 2761 1527 2795 prevalente
1548 2762 1602 2788 lice
1622 2761 1737 2796 omnia,

428 2792 539 2818 rectius
560 2792 721 2827 legendum
742 2802 808 2820 csse
829 2793 965 2821 videtur:
988 2798 1015 2820 et
1037 2794 1151 2821 Christi
1173 2795 1277 2822 animo
1299 2796 1471 2830 prevalente
1492 2795 1546 2823 hcc
1566 2796 1670 2823 omnia
1686 2817 1691 2822 .
1709 2817 1736 2823 ..

494 2906 547 2939 27.
570 2897 690 2940 Vulg.:
716 2897 831 2941 Iniqui
854 2902 936 2931 sunt
961 2903 1079 2932 coetus
1105 2899 1225 2932 vestri.

1757 2365 1797 2398 35
