1986 3380
189 309 325 339 sERMO
346 298 454 356 [vu]
662 313 876 347 SECUNDA
903 310 1028 344 PARS.

247 422 325 456 Sed
358 420 446 456 aliis
479 419 635 456 videtur
668 421 776 468 quod
802 432 967 467 regnum
1002 419 1180 454 celorum
1206 420 1334 454 solum
1373 420 1499 466 tripli-

190 477 287 513 citer
339 477 510 513 sumitur
562 477 601 513 in
655 477 866 525 scriptura,
920 476 1051 524 primo
1117 475 1377 512 materialiter
1430 490 1501 524 pro

189 535 367 572 subiecto
400 536 460 572 vel
499 535 686 571 subiectis
731 548 849 584 super
888 534 1032 583 quibus
1066 533 1247 570 Christus
1280 543 1431 581 regnat,
1467 544 1503 570 et

188 593 244 629 sic
289 593 485 641 accipitur
528 606 635 629 nunc
680 607 752 641 pro
798 592 996 629 militante
1047 592 1227 638 ecclesia,
1277 604 1382 628 nunc
1429 606 1501 639 pro

156 651 464 699 §triumphante
517 660 553 687 et
604 664 710 687 nunc
763 651 931 696 mixtim,
986 663 1062 699 que
1115 659 1281 687 vocatur
1335 650 1502 686 ecclesia

189 709 386 745 catholica
438 709 499 745 vel
550 709 797 755 communis3
857 710 1034 745 secundo
1088 707 1284 756 accipitur
1336 720 1501 755 regnum

189 767 366 803 celorum
401 766 441 802 in
474 766 757 814 predicacione
780 768 1002 803 secundum
1036 779 1197 803 causam
1224 778 1297 814 pro
1330 765 1398 801 illo
1423 779 1502 814 quo

189 824 407 861 efficienter
453 823 540 872 quis
585 833 736 872 regnat,
787 833 823 861 et
868 824 923 860 sic
958 824 1139 861 Christus
1186 823 1332 860 dicitur
1365 824 1501 869 homo,

188 895 254 918 rex
299 891 335 918 et
380 895 546 929 regnum
593 883 773 918 celorum
819 882 922 918 sicut
970 891 1006 919 et
1052 883 1135 918 eius
1179 881 1418 930 preparacio
1452 883 1502 918 ad

133 953 171 974 10
188 940 480 977 beatitudinem
515 949 551 976 et
584 940 763 977 virtutes.
797 940 942 977 Tercio
977 940 1174 988 accipitur
1207 953 1374 989 regnum
1400 940 1502 976 celo-

188 1011 275 1034 rum
310 998 533 1035 formaliter
565 999 626 1035 vel
659 1011 732 1046 pro
766 998 834 1034 illo
869 1012 941 1046 pro
976 1012 1055 1046 quo
1090 998 1176 1047 quis
1211 1007 1351 1047 regnat
1376 997 1502 1035 active

186 1057 248 1093 vel
281 1069 354 1105 pro
386 1056 455 1092 illo
480 1069 559 1104 quo
584 1065 774 1103 regnatur
797 1056 966 1105 passive,
992 1065 1029 1092 et
1052 1056 1108 1093 sic
1131 1069 1298 1104 regnum
1324 1057 1502 1093 celorum

188 1113 334 1150 dicitur
366 1114 498 1163 primo
533 1116 655 1151 modo
701 1127 784 1151 esse
828 1114 1045 1151 subiective
1091 1114 1131 1150 in
1164 1114 1325 1151 Christo
1369 1115 1430 1151 vel
1462 1114 1503 1150 in

188 1185 430 1221 quocunque
462 1172 750 1221 predestinato,
785 1174 853 1209 sed
886 1174 1062 1209 secundo
1087 1174 1209 1209 modo
1241 1172 1501 1221 intelligendo

134 1231 169 1264 15
186 1231 342 1279 passive
390 1230 536 1267 dicitur
583 1243 665 1267 esse
713 1230 929 1267 subiective
980 1231 1020 1267 in
1065 1230 1280 1267 universali
1333 1230 1502 1267 ecclesia

187 1290 321 1337 quoad
355 1291 497 1325 Deum.
532 1291 587 1325 Ex
620 1288 705 1325 istis
738 1297 870 1337 potest
905 1289 1031 1325 fidelis
1066 1288 1254 1336 colligere
1295 1290 1501 1337 quomodo

186 1359 355 1395 regnum
400 1348 579 1384 celorum
625 1347 665 1383 in
712 1347 863 1395 dispari
908 1347 1108 1396 scriptura
1148 1346 1345 1395 accipitur
1377 1347 1501 1395 parti-

187 1405 389 1442 culariter.
425 1408 465 1441 In
499 1405 710 1454 proposito
743 1414 877 1442 autem
910 1405 1066 1442 videtur
1090 1404 1219 1453 accipi
1242 1418 1315 1453 pro
1339 1405 1500 1442 Christo

187 1465 323 1512 quoad
368 1477 481 1500 suam
530 1463 820 1500 humanitatem
874 1464 934 1500 vel
987 1476 1059 1512 pro
1105 1462 1375 1511 disposicione
1419 1475 1498 1511 qua

129 1533 171 1554 20
185 1521 338 1558 viantes
361 1530 551 1570 preparat
574 1523 624 1558 ad
647 1523 910 1569 regnandum.
936 1524 1038 1558 Nam
1063 1534 1085 1558 a
1103 1530 1286 1569 tempore
1305 1521 1501 1569 evangeli-

186 1579 361 1616 zacionis
384 1592 453 1616 sue
476 1579 549 1616 fuit
572 1579 756 1616 fidelibus
779 1579 841 1616 via
865 1579 1004 1628 apcior
1023 1588 1142 1628 atque
1166 1579 1344 1616 securior
1361 1591 1500 1616 secun-

187 1639 281 1674 dum
311 1651 431 1686 quam
455 1637 608 1674 viantes
639 1639 784 1674 debent
815 1637 1103 1674 beatitudinem
1135 1650 1248 1674 suam
1279 1637 1500 1686 acquirere.

245 1697 336 1732 Ideo
370 1709 460 1732 cum
494 1695 574 1732 iam
612 1695 735 1732 instat
774 1704 934 1744 tempus
974 1695 1014 1732 in
1047 1708 1126 1744 quo
1169 1704 1251 1732 tam
1285 1695 1502 1732 efficaciter

187 1753 364 1802 disponit
397 1755 447 1790 ad
480 1753 772 1790 beatitudinem
796 1753 1085 1802 acquirendam
1120 1755 1237 1790 debet
1269 1753 1501 1802 predicator

131 1813 169 1846 25
186 1812 340 1849 hortari
373 1825 465 1849 suos
498 1821 541 1848 ut
575 1825 739 1848 manum
785 1821 993 1861 apponant
1027 1813 1076 1848 ad
1110 1824 1246 1860 opera,
1293 1824 1385 1848 cum
1419 1812 1499 1848 iam

185 1870 306 1907 instat
350 1879 510 1919 tempus
555 1879 638 1907 tam
683 1879 822 1918 aptum
869 1879 906 1906 et
950 1869 1066 1906 facile
1111 1871 1161 1906 ad
1207 1869 1500 1906 beatitudinem

186 1930 526 1977 consequendam.
572 1929 681 1965 Istud
727 1941 820 1977 ergo
854 1937 912 1965 est
944 1927 1239 1976 predicandum
1278 1928 1430 1977 populo
1464 1936 1501 1964 et

185 1999 267 2023 non
289 1986 468 2035 tragedie
499 1987 561 2023 vel
594 1987 776 2023 comedie
810 1995 877 2023 aut
909 1987 1042 2023 fabule
1074 1987 1136 2022 vel
1168 1986 1370 2023 sentencie
1403 1998 1500 2034 apo-

187 2046 334 2093 cryphe
368 2057 444 2094 que
477 2053 568 2081 sunt
600 2044 720 2081 hodie
752 2044 904 2093 populo
938 2043 1156 2092 predicate.

128 2105 169 2138 30
244 2104 321 2140 Sed
366 2102 460 2152 quia
504 2115 671 2151 regnum
717 2102 895 2139 celorum
940 2102 1232 2151 predicandum
1278 2102 1499 2138 secundum

186 2160 404 2210 quemlibet
437 2161 520 2197 eius
552 2173 725 2206 sensum,
750 2173 832 2197 non
857 2169 1018 2208 caperet
1042 2159 1264 2196 efficaciam
1288 2159 1329 2195 in
1351 2159 1499 2196 talibus

183 2219 343 2269 ydiotis,
375 2219 453 2256 nisi
486 2232 576 2256 cum
610 2220 686 2256 hoc
719 2219 884 2255 haberet
908 2226 1150 2268 potestatem
1183 2217 1356 2254 faciendi
1379 2217 1499 2254 mira-

185 2277 286 2314 cula.
336 2279 429 2314 Ideo
463 2277 572 2314 dedit
605 2276 787 2313 Christus
821 2276 876 2314 eis
908 2284 1152 2325 potestatem
1192 2275 1498 2324 quadruplicem

182 2335 356 2372 faciendi
413 2335 626 2372 miracula:
683 2335 875 2385 Infirmos,
929 2333 1073 2383 inquit,
1126 2341 1272 2381 curate,
1325 2341 1500 2370 mortuos

126 2398 166 2430 35
182 2394 381 2441 suscitate,
446 2395 621 2443 leprosos
679 2394 880 2439 mundate,
939 2394 1119 2429 demones
1182 2392 1309 2437 eicite;
1369 2392 1500 2443 gratis

181 2452 394 2502 accepistis,
413 2452 544 2503 gratis
567 2452 666 2488 date.
700 2453 749 2487 Et
783 2463 827 2488 ex
858 2450 942 2487 istis
976 2459 1086 2499 patet
1118 2450 1249 2487 forma
1283 2458 1319 2486 et
1353 2451 1497 2486 modus

253 2595 273 2615 1.
294 2586 319 2614 E
345 2587 374 2614 in
402 2595 515 2622 marg.:
544 2586 585 2614 Re
609 2595 682 2614 num
709 2587 846 2614 celorum
873 2585 1039 2621 accipitur;
1068 2585 1093 2613 D
1120 2585 1150 2613 in
1178 2592 1292 2619 marg:
1321 2583 1498 2613 Secundum

183 2621 260 2649 alios
282 2630 409 2658 regnum
430 2623 566 2649 celorum
609 2621 700 2649 icitur
719 2621 890 2657 tripliciter.
912 2621 945 2648 In
967 2628 1063 2656 marg.
1079 2629 1147 2656 sup.
1164 2619 1265 2647 media
1285 2627 1372 2658 pag:
1393 2619 1499 2646 Dobra

182 2656 312 2684 Husco
330 2656 373 2691 (id
395 2661 454 2683 est:
476 2656 556 2691 good
577 2657 694 2696 goose).
749 2664 776 2684 2.
791 2655 860 2683 DE:
882 2655 1041 2690 accipitur.
1097 2653 1123 2682 3.
1144 2654 1214 2682 DE:
1237 2653 1382 2693 Christus
1402 2653 1496 2692 deest.

182 2700 211 2723 4.
227 2692 271 2719 A:
294 2690 444 2727 accipitur
457 2691 558 2726 deest3
578 2692 619 2718 1b.
635 2692 680 2718 A:
703 2699 758 2726 pro
780 2690 874 2718 deest.
930 2690 954 2718 5.
970 2690 995 2717 D
1011 2689 1041 2718 in
1058 2698 1172 2725 marg:
1192 2689 1329 2716 Ecclesla
1349 2688 1499 2715 catholica

182 2725 295 2753 dicitur
315 2725 435 2753 mixtim
456 2730 484 2753 et
503 2726 689 2753 communis.
780 2725 808 2753 6.
830 2725 854 2752 Ε
873 2725 904 2752 in
926 2733 1039 2760 marg.:
1061 2732 1086 2752 2.
1179 2732 1220 2751 10.
1241 2723 1267 2751 E
1285 2723 1315 2750 in
1337 2731 1451 2758 marg.:
1471 2721 1497 2750 3.

183 2768 217 2788 11.
238 2760 308 2788 DE:
330 2769 386 2796 pro
407 2760 502 2788 deest.
558 2759 596 2788 13.
616 2761 660 2788 A:
682 2761 711 2788 in
733 2760 828 2787 deest.
885 2768 925 2794 17,
946 2759 987 2787 18.
1008 2761 1053 2787 A:
1075 2758 1272 2795 pertinenter.
1328 2764 1375 2794 20,
1391 2765 1430 2785 21.
1451 2758 1496 2784 A:

182 2799 327 2830 preparat
345 2811 379 2815 —
398 2803 473 2822 evan
498 2795 672 2823 elizacionis
693 2795 788 2822 deest.
885 2794 930 2822 28.
951 2794 1069 2822 Codd.:
1091 2793 1228 2821 traiedie.
1318 2792 1363 2827 28,
1384 2800 1432 2826 29.
1453 2792 1497 2819 A:

181 2830 398 2867 apocryphice.
488 2838 517 2857 o.
531 2830 557 2857 D
573 2830 603 2857 in
619 2838 716 2865 marg.
731 2829 803 2858 inf.:
821 2829 925 2865 Quare
938 2836 1008 2856 curn
1023 2829 1167 2857 dracone.
1234 2825 1277 2854 33.
1292 2826 1332 2854 E:
1356 2827 1499 2855 Christus

181 2864 284 2893 hodie.
357 2864 403 2893 36.
423 2865 468 2893 A:
490 2865 646 2899 accepisti.

253 2935 282 2970 5.
311 2937 362 2969 Cf.
389 2938 501 2970 Serm.
527 2937 634 2969 Prim.
659 2938 754 2979 Pars,
781 2946 859 2980 pag.
885 2947 940 2980 99.
1051 2936 1104 2970 35.
1132 2933 1254 2967 Matth.
1281 2934 1323 2977 X,
1350 2933 1381 2966 8.

1293 2992 1367 3035 27³*

1708 319 1788 353 419

1532 1411 1612 1439 Here
1633 1411 1655 1438 it
1675 1419 1773 1439 seems

1549 1451 1579 1474 to
1603 1447 1691 1474 stand
1714 1447 1762 1473 for

1596 1481 1711 1509 Christ.

1536 2165 1677 2193 Misacles
1697 2175 1772 2202 gave

1566 2201 1690 2236 efficacy
1711 2206 1742 2229 to

1561 2237 1739 2272 preaching.
