1986 3380
211 266 290 310 462

213 560 238 587 ll*
256 559 276 587 it
299 560 323 586 is
346 559 473 593 nothing

275 595 295 621 it
317 594 342 621 is
364 599 414 620 not

230 629 384 658 divis-ibic,
406 629 463 655 :ind

219 672 253 689 so
276 669 326 690 ηυι
349 663 473 697 κὶςίὺΙες

271 698 370 725 which
391 698 417 725 is

283 734 407 760 absurd.

214 1196 242 1224 11·
259 1196 280 1223 it
301 1195 326 1223 is
348 1195 475 1230 nothing

243 1231 263 1258 it
285 1236 397 1258 cannot
418 1231 452 1257 be

237 1266 326 1293 made
348 1266 463 1292 sacred.

240 2528 343 2556 These
364 2536 413 2555 are
435 2528 471 2555 all

223 2563 335 2592 soolish
352 2563 495 2591 hcresies.

794 271 1018 303 JOHANNIS
1040 269 1222 301 WYCLIF
1241 268 1497 301 SERMONUM
1559 254 1712 313 [SERMO
1733 265 1810 293 LXI-

500 377 548 413 sit
582 390 659 414 una
682 389 773 414 vera
798 389 858 413 res
882 386 917 413 et
943 376 1048 412 iuxta
1073 374 1389 422 descripcionem
1423 374 1662 411 sacramenti
1687 387 1808 410 unum

499 448 636 472 verum
679 444 975 472 sacramentum
1017 435 1123 482 quod
1164 434 1352 469 sacerdos
1398 441 1605 469 consecrat
1651 441 1687 469 et
1731 445 1810 468 non

501 493 637 530 nichil.

559 554 670 597 Item,
705 551 735 587 si
771 552 845 587 hoc
879 558 1175 586 sacramentum
1211 548 1259 584 sit
1292 548 1429 593 nichil,
1464 557 1557 585 tunc
1590 561 1670 584 non
1694 549 1812 584 habet

502 619 648 657 partes,
682 622 753 645 nec
787 617 843 644 est
875 607 1072 644 divisibile
1102 606 1337 643 continuum
1370 606 1449 642 sive
1484 619 1686 653 magnum,
1721 605 1845 654 quiaf‘

502 667 617 704 aliter
662 680 731 716 per
775 665 1077 702 conversionem
1122 664 1356 701 continuum
1408 664 1507 700 foret
1556 666 1631 700 hoc
1681 676 1812 700 sacra-

504 734 696 771 mentum,
732 734 768 761 et
802 736 871 772 per
897 734 1146 771 consequens
1179 735 1239 759 res
1269 721 1472 768 continua,
1507 731 1543 758 et
1577 721 1632 758 sic
1662 721 1812 770 aliquid

502 783 602 820 foret
647 784 723 819 hoc
768 790 1079 819 sacramentum.
1126 780 1165 816 Si
1211 779 1260 817 sit
1304 789 1437 817 autem
1483 793 1563 816 non
1603 779 1812 825 divisibile,

501 851 594 878 tunc
629 850 685 878 est
718 853 797 877 non
820 839 974 876 visibile
998 839 1116 876 oculo
1142 838 1357 887 corporali,
1393 850 1639 887 consequens
1674 846 1813 875 contra

502 900 621 936 fidem
657 908 693 935 et
727 898 1057 946 experimentum.
1092 897 1140 933 Et
1174 896 1466 945 consequencia
1501 909 1544 933 ex
1577 897 1653 933 hoc
1687 895 1813 933 evidet
1835 909 1873 929 10

501 958 609 1006 quod
642 957 772 1004 ipsum
802 956 841 992 in
874 968 968 992 casu
1001 969 1080 1004 quo
1112 955 1314 991 videretur
1346 955 1464 991 oculo
1497 954 1713 1003 corporali,
1745 966 1815 1003 per

500 1028 540 1052 se
578 1015 794 1059 videretur,
843 1023 879 1050 et
924 1026 994 1062 per
1034 1025 1282 1062 consequens
1323 1012 1429 1049 iuxta
1468 1012 1813 1061 perspectivorum

502 1072 699 1121 principia
718 1071 952 1109 terminaret
976 1071 1226 1108 divisibiliter
1249 1070 1500 1119 pyramidem
1523 1070 1624 1108 radii
1639 1069 1815 1116 visualis,
1835 1096 1896 1128 FO,

502 1140 538 1168 et
567 1127 571 1184 Ι
601 1130 655 1167 sic
688 1131 789 1167 foret
823 1129 1016 1166 divisibile
1050 1139 1087 1166 et
1119 1143 1199 1167 non
1230 1129 1366 1166 nichil.
1834 1120 1912 1182 2342

562 1191 672 1234 Item,
707 1188 738 1224 si
761 1188 885 1224 nichil
913 1188 963 1224 sit
991 1188 1070 1224 tale
1100 1196 1411 1232 sacramentum,
1445 1187 1556 1224 nulla
1585 1199 1676 1235 pars
1706 1185 1817 1222 istius
1837 1189 1873 1221 15

503 1256 608 1284 secte
640 1246 792 1295 aliquid
833 1255 1041 1282 consecrat
1082 1246 1161 1283 sive
1201 1245 1377 1291 conficit,
1418 1245 1511 1294 quia
1550 1257 1639 1281 cum
1680 1256 1818 1281 conse-

504 1317 616 1342 crare
649 1304 698 1341 sit
731 1305 861 1341 facere
893 1317 1066 1349 sacrum,
1106 1313 1216 1353 patet
1258 1303 1312 1340 eis
1351 1304 1458 1352 quod
1492 1315 1638 1351 corpus
1671 1302 1817 1339 Christi

503 1376 576 1400 nec
610 1371 846 1399 consecrant
878 1375 951 1399 nec
984 1362 1215 1400 conficiunt.
1255 1364 1303 1398 Et
1336 1361 1367 1398 si
1407 1361 1559 1409 aliquid
1599 1360 1648 1398 sit
1687 1373 1818 1398 sacra-

504 1430 683 1458 mentum
718 1420 854 1457 altaris
888 1421 996 1469 quod
1030 1420 1105 1469 ipsi
1138 1428 1388 1465 consecrant,
1422 1431 1492 1468 per
1524 1419 1629 1455 idem
1664 1418 1819 1455 infinita

504 1488 595 1516 sunt
628 1487 880 1516 sacramenta
912 1479 1050 1515 altaris
1083 1491 1254 1527 quorum
1279 1477 1486 1526 quodlibet
1520 1485 1621 1514 esset
1653 1476 1817 1526 aliquid,
1836 1488 1876 1509 20

504 1538 613 1586 quod
645 1536 720 1585 ipsi
754 1545 1003 1573 consecrant.
1038 1538 1115 1574 Sed
1149 1537 1224 1573 hoc
1256 1545 1422 1584 negant,
1457 1545 1493 1572 et
1527 1534 1819 1583 consequencia

504 1604 615 1645 patet
653 1596 701 1632 de
734 1595 926 1644 qualitate
960 1604 996 1631 et
1037 1594 1262 1643 quantitate
1302 1594 1514 1642 multiplici
1553 1606 1643 1630 curn
1677 1592 1818 1630 ceteris

503 1653 714 1702 generibus
735 1652 1031 1700 accidencium3
1065 1665 1237 1702 quorum
1265 1652 1472 1701 quodlibet
1495 1663 1565 1700 per
1587 1651 1692 1688 idern
1718 1651 1819 1687 foret

504 1720 801 1749 sacramentum
818 1724 897 1759 quo
921 1710 1085 1760 aliquod
1111 1723 1264 1748 eorum.
1290 1709 1329 1747 Si
1355 1722 1448 1758 ergo
1471 1717 1667 1759 ponerent
1688 1721 1819 1746 sacra-

506 1778 684 1806 mentum
718 1770 794 1806 hoc
817 1781 900 1806 esse
923 1768 1059 1815 nichil,
1092 1778 1134 1805 ut
1157 1768 1351 1818 populum
1375 1769 1506 1804 adhuc
1529 1776 1725 1816 ponerent
1757 1780 1820 1803 or—
1837 1767 1875 1799 25

506 1828 639 1864 dinem
662 1840 825 1864 suarum
849 1827 1030 1876 parcium
1047 1835 1084 1864 et
1106 1826 1261 1875 signato
1284 1825 1574 1874 perfectissimo
1597 1825 1820 1874 proprieta-

506 1895 564 1923 tes
587 1885 669 1922 eius
693 1884 949 1931 discuterent,
979 1886 1048 1922 sed
1070 1885 1268 1931 nesciunt,
1294 1884 1395 1921 sicut
1416 1896 1489 1921 nec
1512 1883 1642 1920 sciunt
1665 1884 1821 1932 glosare

507 1943 626 1980 fidem
660 1943 869 1992 scripture,
903 1944 1109 1991 quomodo
1132 1943 1351 1991 Apostolus
1379 1942 1474 1979 dicit
1505 1954 1588 1978 esse
1611 1941 1819 1978 ecclesiam

507 2014 665 2050 corpus,
711 2000 942 2049 philosophi
988 2001 1126 2038 dicunt
1171 2001 1365 2037 mundum
1412 2012 1495 2037 esse
1539 1999 1689 2048 aliquid
1728 1998 1822 2048 quia

508 2059 747 2096 divisibilem
782 2068 818 2096 et
841 2058 1070 2096 sensibilem
1097 2060 1316 2096 secundum
1341 2057 1534 2107 plurimas
1568 2057 1650 2095 eius
1674 2066 1820 2106 partes.
1839 2067 1880 2089 σο

509 2116 575 2154 Isti
610 2125 744 2154 autem
769 2118 917 2154 habent
951 2117 1082 2154 dicere
1105 2119 1212 2166 quod
1246 2118 1346 2154 ordo
1369 2129 1463 2153 suus
1495 2115 1618 2152 nichil
1651 2124 1721 2161 est,
1755 2115 1822 2152 sed

508 2175 609 2212 sicut
632 2175 755 2212 nichil
778 2185 998 2222 consecrat,
1016 2176 1071 2213 ita
1087 2175 1213 2213 eciam
1230 2174 1352 2211 nichil
1366 2175 1482 2211 valet.
1507 2176 1635 2210 Immo
1653 2185 1821 2222 pannus,

509 2234 652 2270 domus
685 2242 721 2270 et
746 2233 920 2282 quelibet
944 2246 1076 2270 rerum
1101 2233 1241 2270 talium
1266 2231 1537 2269 artificialium
1561 2231 1685 2268 nichil
1707 2231 1821 2277 foret,

509 2291 634 2328 immo
666 2294 724 2337 (ut
757 2300 866 2340 patet
898 2291 1165 2340 philosophis)
1203 2290 1304 2327 sicut
1342 2291 1562 2327 secundum
1604 2301 1670 2326 eos
1708 2288 1822 2337 panis

509 2348 632 2386 nichil
664 2358 734 2396 est,
777 2349 833 2386 sic
865 2362 938 2387 nec
978 2350 1056 2388 alia
1088 2362 1181 2399 pars
1214 2348 1479 2398 quantitativa
1518 2346 1879 2396 ethromogenia35

510 2407 569 2444 sui
602 2407 797 2456 corporiS‚
830 2420 903 2444 nec
935 2408 1036 2457 lapis
1069 2408 1129 2445 vel
1162 2407 1271 2444 aliud
1304 2419 1449 2456 corpus
1484 2405 1650 2442 mixtum
1683 2417 1822 2442 carens

510 2465 639 2502 forma
678 2465 937 2503 substanciali
983 2478 1059 2515 que
1097 2464 1245 2514 poterit
1283 2477 1354 2514 per
1393 2477 1433 2501 se
1472 2476 1568 2510 esse,
1607 2472 1651 2500 ut
1689 2462 1823 2500 anima

511 2522 684 2560 hominis
729 2527 786 2569 (ut
830 2524 1080 2561 sentenciant
1127 2523 1200 2560 iste
1244 2525 1377 2568 secte).
1430 2522 1507 2558 Sed
1560 2520 1824 2558 deliramenta

510 2580 681 2630 puerilia
712 2590 803 2618 sunt
835 2581 908 2619 iste
941 2582 1098 2620 hereses
1130 2594 1152 2619 a
1185 2580 1368 2618 fidelibus
1401 2579 1636 2627 deridende;
1668 2591 1824 2617 verum-

580 2769 609 2796 4.
630 2762 659 2790 Α
678 2761 708 2790 in
731 2770 845 2825 marqgs
866 2761 1008 2791 Secunda
1029 2761 1128 2796 racio;
1150 2761 1174 2789 E
1193 2761 1223 2789 in
1246 2768 1360 2796 marga
1382 2767 1406 2788 2.
1497 2768 1533 2799 9.
1554 2760 1598 2788 A:
1621 2764 1648 2787 ct
1668 2768 1750 2788 nunc
1769 2763 1823 2788 est.

815 2805 862 2825 em

515 2803 555 2830 14.
577 2796 645 2824 DE:
676 2797 798 2825 divisibi
868 2818 873 2824 .
1019 2797 1054 2825 15.
1075 2797 1104 2824 A
1124 2797 1153 2824 in
1175 2804 1289 2831 marg-z
1318 2794 1411 2824 Racio
1431 2799 1540 2829 tercia3
1569 2794 1594 2822 E
1612 2795 1642 2822 in
1664 2803 1777 2831 marg.:
1799 2794 1823 2822 3.

514 2838 558 2857 20.
579 2831 648 2858 DE:
676 2835 730 2859 est.
854 2839 897 2859 22.
924 2831 948 2859 E
974 2831 1003 2859 in
1032 2839 1144 2867 marg:
1175 2831 1366 2858 Consecrare
1392 2834 1436 2858 est
1463 2829 1561 2857 facere
1587 2834 1824 2858 sacramentum.

514 2866 554 2893 25.
576 2865 643 2893 bE:
665 2865 823 2894 nichilum.
955 2865 1001 2894 30.
1024 2866 1091 2894 DE:
1114 2865 1301 2893 sensibilem.
1438 2863 1481 2892 32.
1502 2864 1526 2892 E
1546 2864 1575 2891 in
1597 2872 1710 2904 marg.:
1733 2863 1823 2892 Nota.

515 2899 554 2929 35.
576 2901 619 2928 A:
642 2900 760 2936 aliqua:
791 2901 830 2929 ib.
852 2900 876 2929 13
896 2901 924 2928 in
948 2909 1060 2935 marg:
1081 2900 1331 2935 lithromogenia.
1405 2897 1451 2926 36.
1473 2899 1542 2927 DE:
1564 2907 1618 2927 nec
1638 2898 1730 2927 ahud.
