1986 3380
132 294 206 319 120

178 1040 262 1077 why
283 1039 359 1068 Cain

171 1076 245 1104 built
266 1084 281 1104 a
301 1075 371 1110 city.

174 1911 277 1939 Friars
299 1909 397 1945 prefer

154 1947 203 1974 the
223 1945 363 1980 example
382 1943 417 1971 of

183 1981 334 2008 Solomon
355 1982 386 2006 to

160 2016 223 2044 that
244 2015 278 2043 of
295 2014 410 2043 Christ.

703 287 931 320 JOHANNIS
950 285 1133 317 WYCLIF
1153 283 1407 316 SERMONUM
1473 268 1623 325 [SERMO
1646 279 1726 306 XVI·

417 395 600 432 diabolus
634 394 796 431 indubie
830 394 866 429 in
901 394 1072 430 adventu
1107 404 1245 428 eorum
1282 389 1479 427 infestavit
1520 390 1727 426 ecclesiam

419 455 507 503 plus
542 453 686 490 callide
721 462 757 489 et
791 452 958 488 intense.

475 512 774 548 Attendendum
809 519 865 546 est
900 510 1033 558 itaque
1067 509 1116 545 ad
1151 507 1269 544 finem
1298 520 1365 543 sue
1390 505 1730 554 expropriacionis

418 579 551 606 utrum
586 568 778 617 apostolis
812 568 850 603 in
881 567 960 603 suis
983 566 1273 614 temporalibus
1301 575 1337 601 et
1361 563 1598 601 adiacenciis
1623 563 1729 599 simi-

419 630 562 665 lentur.
596 629 644 663 Et
677 635 785 675 patet
819 638 862 662 ex
895 637 1033 662 eorum
1059 624 1186 672 copia,
1217 636 1259 660 ex
1282 636 1421 660 eorum
1446 621 1730 658 distribueione

420 685 684 730 incaritativa‚
719 697 761 721 ex
795 682 1124 720 accumulacione
1147 684 1361 718 domorum
1386 690 1422 717 et
1446 679 1730 728 temporalium

419 743 625 789 similium,
637 755 679 779 ex
695 743 850 779 cautela
867 740 1025 790 dyaboli
1043 740 1229 777 fratribus
1246 739 1516 787 propriorum,
1529 738 1733 786 quomodo

420 802 460 838 in
506 801 648 838 effectu
692 801 832 837 fratres
878 799 1185 847 sollempnizant
1230 797 1446 845 ypocrisim
1496 805 1532 833 et
1577 804 1668 832 sunt
1713 808 1734 831 a

422 859 732 897 conversacione
754 857 976 906 apostolica
997 855 1302 906 possessionatis
1320 855 1407 892 aliis
1424 856 1511 904 plus
1528 854 1734 890 distantes

424 918 532 955 Licet
565 917 668 954 enim
705 916 890 953 monachi
925 915 1102 964 porticus
1136 914 1209 951 sibi
1236 922 1470 950 construant
1494 921 1535 949 ut
1559 911 1734 955 castella,

422 986 556 1012 tamen
581 975 721 1012 fratres
745 983 887 1011 cuncta
911 987 981 1010 sua
1007 973 1234 1010 habitacula
1258 984 1347 1008 cum
1373 973 1495 1019 Caym
1521 978 1737 1018 preparant

423 1043 630 1082 tamquam
656 1032 862 1081 rapacium
888 1032 1102 1068 civitatem.
1128 1032 1250 1078 Caym
1276 1030 1380 1066 enim
1406 1029 1496 1065 licet
1516 1028 1735 1065 secundum

424 1090 636 1128 historicos
668 1090 740 1127 fuit
772 1090 925 1138 primus
959 1090 1025 1137 qui
1059 1088 1258 1125 civitatem
1284 1095 1571 1132 construxerat,
1603 1095 1738 1122 tamen

426 1162 546 1187 causa
581 1149 695 1185 huius
728 1148 800 1184 fuit
833 1161 914 1184 non
946 1147 1119 1184 salvacio
1149 1146 1371 1182 incolarum
1407 1157 1480 1181 nec
1509 1143 1738 1180 resistencia

426 1207 624 1244 iniusticie
686 1206 892 1255 rapacium
947 1217 1208 1253 personarum
1263 1205 1330 1239 sed
1383 1212 1424 1239 ut
1485 1201 1739 1239 constancius

427 1265 691 1314 rapacitatem
725 1277 838 1301 suam
873 1273 1013 1300 contra
1048 1262 1171 1298 iustos
1211 1261 1439 1298 defenderet
1478 1269 1514 1296 et
1556 1259 1738 1308 rapinam

427 1336 539 1360 suam
575 1323 613 1359 in
646 1323 794 1359 scelere
828 1321 1063 1370 profundius
1097 1328 1362 1357 conservaret.
1397 1321 1445 1354 Et
1479 1319 1553 1355 ista
1585 1318 1741 1354 videtur

429 1394 547 1419 causa
581 1393 704 1429 quare
736 1381 877 1417 fratres
910 1392 1030 1428 supra
1063 1379 1267 1426 apostolos
1299 1386 1431 1414 tantas
1470 1386 1507 1413 et
1539 1376 1636 1413 tales
1669 1374 1741 1410 sibi

429 1448 667 1477 construunt
707 1439 863 1484 domos,
908 1447 950 1473 ut
990 1449 1033 1473 ex
1066 1435 1310 1485 apparencia
1355 1435 1480 1471 cecati
1519 1433 1657 1482 populi
1703 1432 1741 1468 in

430 1500 638 1534 honestate
663 1495 978 1533 construccionis
1003 1496 1217 1531 domorum
1241 1506 1286 1530 ac
1316 1492 1570 1529 basilicarum
1597 1491 1743 1528 cecitas

431 1554 646 1593 elemosine
685 1554 823 1603 populi
869 1553 1041 1602 amplius
1086 1566 1106 1589 a
1140 1551 1296 1588 iusticia
1342 1552 1577 1587 obscuretur
1622 1558 1657 1585 et
1703 1558 1744 1584 ut

432 1615 599 1651 fratrum
640 1612 839 1661 rapacitas
878 1612 918 1648 in
951 1611 1096 1648 talibus
1135 1609 1320 1647 domibus
1353 1609 1596 1647 occultetur:
1642 1608 1744 1643 unde

432 1680 661 1721 preponunt
693 1670 949 1707 basilicarum
984 1667 1248 1706 eminenciam
1283 1667 1388 1703 circa
1412 1679 1532 1715 quam
1557 1666 1746 1702 anhelant

432 1741 531 1779 pure
570 1730 619 1766 ad
653 1730 847 1765 honorem
882 1727 953 1764 Dei
993 1726 1093 1764 sicut
1133 1726 1305 1774 fingunt:
1352 1734 1387 1761 et
1432 1726 1504 1760 sub
1548 1721 1747 1759 iniusticia

433 1787 607 1825 similata
631 1794 867 1824 construunt
883 1787 1024 1822 domos
1048 1784 1146 1821 alias
1169 1797 1267 1832 quas
1291 1784 1338 1819 de
1362 1782 1501 1831 rapina
1525 1793 1745 1830 pauperum

434 1845 631 1882 fabricant
675 1845 779 1881 ultra
832 1844 1051 1892 apostotos,
1107 1851 1143 1878 et
1197 1855 1269 1890 pro
1322 1840 1626 1878 construccione
1679 1850 1748 1875 sue

435 1902 599 1940 basilice
643 1903 815 1950 allegant
865 1901 905 1938 in
957 1910 1193 1949 sumptuosa
1251 1898 1556 1936 construccione
1608 1896 1747 1945 templi

436 1961 681 2010 sapienciam
716 1959 963 1999 Salomonis:
1011 1959 1136 1995 multo
1175 1957 1401 1994 evidencius
1434 1966 1615 2004 tempore
1654 1953 1749 2002 legis

437 2019 569 2068 gracie
602 2020 717 2055 debet
762 2017 926 2055 basilica
970 2017 1009 2053 in
1054 2029 1132 2065 qua
1180 2015 1407 2063 hospitatur
1451 2021 1747 2051 sacramentum

438 2075 663 2114 Eukaristie
687 2088 769 2113 esse
792 2077 943 2125 pulcra.
970 2076 1045 2112 Sed
1072 2074 1217 2111 mirum
1239 2073 1396 2110 videtur
1420 2072 1603 2109 fidelibus
1626 2083 1749 2119 quare

438 2144 593 2173 tantum
628 2134 838 2171 imitantur
870 2134 973 2171 facta
1007 2132 1109 2181 regis
1141 2131 1322 2179 sacrilegi
1356 2139 1475 2180 atque
1498 2128 1667 2167 adulteri
1702 2129 1750 2164 de

440 2195 525 2242 lege
557 2192 680 2230 veteri
715 2201 751 2229 et
796 2205 878 2228 non
922 2200 1110 2228 secuntur
1154 2190 1377 2238 exemplum
1424 2201 1445 2225 a
1479 2187 1638 2225 Christo
1683 2185 1749 2235 qui

441 2260 498 2289 est
531 2259 651 2299 caput
684 2249 848 2287 ecclesie
888 2259 924 2286 et
964 2261 1027 2286 rex
1066 2261 1217 2297 regum.
1258 2250 1358 2284 Nam
1393 2245 1559 2283 Matthei
1592 2246 1749 2289 XX1V0,

450 2323 481 2355 1,
517 2319 554 2355 2,
587 2316 830 2346 accesserunt
864 2307 1042 2357 discipuli
1067 2306 1215 2342 Christi
1245 2313 1283 2341 ut
1307 2305 1549 2342 ostenderent
1581 2303 1615 2340 ei
1645 2302 1749 2352 edifi-

1757 921 1795 942 10

1761 1202 1795 1232 15

1759 1499 1801 1522 20

1762 1780 1804 1813 25

1766 2070 1808 2102 30

442 2367 614 2404 caciones
650 2366 802 2416 templi‚·
847 2365 929 2414 ipse
966 2373 1091 2401 autem
1132 2364 1368 2414 respondens
1405 2362 1458 2398 ait
1494 2362 1567 2398 eis:
1610 2360 1753 2396 Videtis
1768 2358 1809 2392 35

443 2426 511 2462 hec
548 2425 685 2461 omnia.
731 2424 864 2471 Amen,
906 2424 989 2459 dico
1029 2422 1146 2469 vobis,
1184 2434 1256 2458 non
1296 2420 1525 2470 relinquitur
1563 2419 1623 2455 hic
1655 2417 1754 2467 lapis

444 2495 561 2533 super
592 2482 758 2532 lapidem
792 2483 856 2532 qui
885 2494 956 2518 non
990 2481 1228 2518 destruatur.

503 2541 557 2577 Ex
580 2553 659 2588 quo
682 2548 790 2589 patet
815 2552 904 2576 cum
928 2539 1033 2576 facto
1057 2537 1205 2575 Christi
1228 2545 1265 2574 et
1288 2548 1450 2573 suorum
1475 2533 1752 2583 apostolorum

446 2607 639 2648 quantum
673 2597 969 2647 preciositatem
1003 2595 1259 2633 basilicarum
1293 2595 1448 2631 fuerant
1492 2590 1672 2641 preciati,
1718 2599 1754 2627 et

516 2707 540 2736 3.
562 2708 600 2736 E:
623 2716 720 2743 appro
748 2707 902 2735 nacionis.
1014 2716 1044 2740 4.
1066 2707 1110 2734 A:
1133 2706 1196 2733 suis
1216 2705 1316 2739 deest;
1347 2704 1386 2731 ib.
1409 2704 1451 2731 A:
1475 2702 1539 2730 suis
1559 2700 1754 2730 adiacenciis.

446 2754 476 2779 4,
498 2743 521 2772 5.
542 2743 613 2771 AB:
641 2742 720 2770 simu
736 2747 840 2775 entim-3
869 2742 910 2769 l):
933 2741 1068 2768 silentur.
1187 2748 1227 2767 10.
1249 2740 1288 2767 E:
1311 2739 1413 2775 plures
1434 2737 1586 2773 portiom
1619 2736 1658 2764 ib.
1682 2736 1704 2764 E
1724 2735 1753 2763 in

448 2786 560 2814 marg.:
582 2777 672 2806 Nota.
763 2785 801 2804 12⁴
823 2777 866 2804 A:
888 2783 1040 2811 rapacem.
1132 2773 1170 2802 13.
1191 2774 1233 2802 D:
1256 2773 1455 2807 liistoriacos;
1484 2773 1524 2800 ib.
1545 2772 1568 2800 E
1589 2771 1617 2798 in
1641 2778 1753 2806 marg:

448 2813 562 2850 Caym3
590 2812 629 2840 ib.
650 2811 717 2839 DE:
739 2811 919 2838 construxit.
976 2843 981 2848 ·
1035 2808 1075 2837 16.
1098 2808 1137 2836 E:
1159 2808 1257 2836 iustos
1277 2808 1370 2836 deest.
1485 2815 1524 2843 ¹7-
1546 2806 1568 2834 E
1589 2806 1618 2833 111
1641 2813 1754 2844 τηεμ-ΕΑ

447 2848 539 2875 Nota.
603 2854 649 2874 20.
665 2846 733 2873 DE:
755 2845 1001 2873 consecracionis
1021 2845 1203 2876 domm-urm
1225 2843 1265 2871 ib.
1282 2842 1305 2870 E
1319 2851 1348 2870 111
1365 2850 1477 2877 marga
1499 2840 1754 2869 construccionis.

448 2890 492 2918 27.
514 2882 536 2909 E
556 2881 585 2909 in
607 2889 719 2942 mai-{a
742 2880 806 2908 Cur
824 2880 933 2907 fratres
953 2878 1068 2907 faciunt
1089 2885 1216 2913 magnas
1237 2881 1417 2906 structuras.
1508 2884 1552 2911 27.
1568 2875 1636 2904 DE:
1657 2874 1753 2903 eciam

450 2921 648 2952 sumptuosa3
669 2924 676 2943 1
731 2915 757 2943 Α
779 2915 807 2942 111
829 2922 942 2949 marg-t
964 2915 1201 2948 Argumentum.
1273 2910 1319 2940 30.
1339 2912 1367 2940 A
1387 2911 1416 2939 in
1439 2918 1551 2946 marg.:
1572 2908 1756 2945 Responsio.

1974 3299 1986 3380 *fl-
1975 3206 1986 3288 —a—A
1983 3183 1986 3189 .
