1986 3380
222 276 357 305 SERMO
379 265 458 323 Lx.]
690 276 905 309 SECUNDA
931 275 1058 307 PARS.
1738 279 1819 314 449

221 384 453 433 precipitur.
500 385 600 419 Nam
647 380 812 418 Matthei
855 380 998 417 ultimo
1044 378 1225 417 Christus
1270 379 1440 428 precipit
1485 381 1534 417 ad

222 456 381 479 sensum
422 440 664 490 expositum:
699 441 753 476 Ite
786 440 915 475 docete
954 450 1082 475 omnes
1117 445 1267 488 gentes,
1300 438 1535 490 baptizantes

222 514 295 537 eos.
336 500 563 548 Baptismus
603 507 736 535 autem
771 496 945 534 flaminis
984 505 1041 532 est
1074 495 1255 532 absolute
1288 495 1535 532 necessarius
1563 503 1700 542 nami-sm
1722 504 1756 530 os
1773 504 1821 542 the

223 558 434 604 salvandis,
465 557 554 594 ideo
585 556 680 592 dicit
705 554 952 603 evangelium
984 553 1212 591 conversive
1236 554 1344 602 quod
1377 555 1536 590 credens
1575 538 1810 599 {ffffhx'ffissffffss

189 620 258 654 5et
295 617 511 668 baptizatus
548 614 773 659 salvabitur
802 622 839 650 et
878 613 985 662 quod
1019 611 1247 661 quicunque
1287 611 1352 660 qui
1386 624 1537 661 semper

212 675 342 724 fuerit
364 686 436 710 non
460 673 620 709 credens
641 671 994 721 condempnabitur.
1020 672 1120 708 Cum
1144 682 1237 718 ergo
1252 669 1341 706 talis
1364 669 1536 706 salvacio

223 732 272 769 sit
317 733 467 768 bonum
513 730 726 779 optimum,
775 729 867 778 quia
917 728 1006 765 finis
1052 728 1216 765 ultimus
1256 736 1314 764 est
1353 727 1536 776 eligibilis

222 790 366 828 viatori
412 798 449 826 et
493 787 735 836 dampnacio
781 788 830 824 sit
876 787 964 824 finis
1012 786 1208 835 pessimus
1253 785 1425 823 maxime
1463 785 1537 822 sibi

223 847 438 893 horribilis,
478 855 587 895 patet
627 845 865 883 excellencia
911 846 1062 882 fructus
1108 844 1223 881 huius
1261 844 1396 881 officii.
1444 844 1538 888 Qui-

168 921 207 943 10
224 918 381 955 cunque
414 913 548 942 autem
582 905 769 941 sacerdos
810 903 984 953 aliquem
1018 905 1187 952 gradum
1221 901 1406 939 habuerit
1439 901 1538 939 cari-

223 964 315 1001 tatis
369 964 485 1000 debet
536 961 813 1011 principaliter
870 961 1004 999 officio
1061 961 1124 998 isti
1175 961 1394 1007 intendere,
1446 959 1539 1009 quia

221 1022 337 1060 aliter
368 1034 442 1058 nec
466 1021 670 1058 Christum
703 1033 776 1057 nec
811 1032 850 1056 se
883 1019 1014 1069 ipsum
1038 1019 1166 1068 diligit
1198 1032 1271 1056 nec
1303 1018 1539 1067 regulariter

221 1080 448 1130 proximum
482 1088 524 1116 ut
553 1091 592 1116 se
625 1078 770 1127 ipsum.
805 1080 904 1116 Cum
942 1078 1046 1114 enim
1080 1077 1248 1127 quilibet
1277 1077 1539 1114 necessitatur

221 1139 409 1176 affectare
439 1150 552 1175 suam
584 1136 872 1174 beatitudinem
904 1145 941 1173 et
964 1138 1081 1173 debet
1110 1135 1274 1184 diligere
1304 1135 1540 1183 regulariter

168 1199 204 1233 15
221 1197 448 1246 proximum
488 1205 531 1232 ut
568 1208 608 1232 se
647 1195 791 1243 ipsum,
826 1196 943 1232 debet
975 1194 1163 1231 affectare
1195 1195 1303 1243 quod
1335 1193 1539 1242 proximus

222 1255 271 1292 sit
310 1256 461 1292 beatus.
507 1256 556 1290 Et
595 1267 685 1290 cum
725 1266 806 1290 non
844 1261 975 1302 potest
1016 1265 1098 1289 esse
1137 1253 1276 1289 beatus
1313 1251 1389 1288 nisi
1434 1260 1539 1288 recte

222 1313 449 1359 crediderit,
475 1314 591 1349 debet
614 1313 689 1349 hoc
723 1313 962 1348 antecedens
995 1319 1197 1359 appetere.
1232 1311 1310 1347 Sed
1333 1311 1539 1359 quomodo

221 1372 354 1420 ipsum
405 1379 625 1420 appeteret,
680 1370 711 1407 si
755 1371 874 1407 habet
920 1382 942 1406 a
990 1368 1149 1406 Christo
1194 1369 1270 1405 hoc
1313 1367 1539 1405 iniunctum

222 1429 400 1466 officium
435 1437 472 1466 et
505 1438 640 1466 tamen
673 1428 847 1477 segniter
881 1427 1048 1464 dimittit
1082 1426 1344 1475 evangelium.
1379 1429 1427 1463 Et
1460 1439 1539 1463 non

164 1500 206 1523 20
223 1487 389 1525 dubium
429 1487 525 1537 quin
564 1487 829 1535 impedientes
869 1499 1030 1523 cursum
1063 1484 1293 1522 huiusmodi
1324 1484 1434 1522 verbi
1468 1484 1540 1521 Dei

222 1555 312 1583 sunt
345 1545 494 1582 Christi
527 1553 564 1582 et
598 1545 763 1582 ecclesie
794 1544 952 1581 notorie
986 1544 1225 1592 proditores.

280 1603 466 1653 Quinque
499 1612 633 1640 autem
667 1611 759 1639 sunt
791 1603 904 1651 signa
936 1602 1079 1652 quibus
1113 1601 1285 1639 discerni
1319 1600 1466 1650 poterit
1499 1601 1540 1637 in
1580 1606 1654 1634 Five
1674 1606 1811 1645 signs-oi

222 1662 365 1699 effectu
409 1661 609 1698 rectitudo
660 1661 775 1697 huius
827 1660 948 1697 officii
1002 1660 1255 1709 predicandi:
1302 1661 1343 1696 In
1391 1659 1540 1696 nomine
1566 1646 1632 1669 true
1653 1642 1828 1677 preachmg.

227 1721 376 1757 Christi
407 1720 581 1757 demonia
615 1720 760 1768 eicient,
793 1719 936 1770 linguis
969 1719 1172 1768 loquentur
1194 1718 1314 1766 novis,
1345 1725 1541 1767 serpentes

166 1781 206 1814 25
222 1779 356 1816 tollent
386 1786 421 1815 et
452 1779 486 1815 si
506 1778 752 1827 mortifermn
776 1778 867 1826 quid
888 1777 1050 1814 biberint
1073 1789 1145 1813 non
1169 1777 1222 1813 eis
1244 1776 1401 1821 nocebit,
1424 1788 1541 1825 super

223 1850 341 1888 egros
363 1850 499 1874 manus
522 1836 714 1886 imponent
745 1843 779 1872 et
812 1836 903 1872 hene
934 1835 1134 1871 habebunt.
1169 1837 1246 1871 Ista
1269 1843 1402 1871 autem
1427 1833 1540 1883 quin-

224 1908 300 1945 que
332 1904 414 1932 tam
447 1895 487 1931 in
519 1894 841 1944 predicatoribus
872 1906 992 1943 quam
1027 1892 1209 1929 fidelibus
1234 1892 1377 1942 quibus
1410 1891 1541 1941 predi-

225 1962 359 1991 catum
399 1962 456 1990 est
494 1953 535 1989 in
572 1952 741 1990 ecclesia
781 1951 983 2001 primitiva
1028 1952 1145 2000 longe
1184 1951 1298 1988 aliter
1336 1950 1541 1988 verificata

226 2020 317 2049 sunt
366 2024 486 2061 quam
533 2011 792 2048 verificantur
829 2010 870 2047 in
914 2010 1066 2059 populo
1106 2017 1410 2059 consequenter,
1457 2017 1541 2044 tum

168 2073 210 2106 30
226 2070 320 2120 quia
351 2079 446 2107 tunc
477 2069 752 2107 necessariora
785 2077 897 2106 erant
930 2068 1137 2114 miracula,
1170 2076 1255 2104 tum
1289 2067 1415 2104 eciam
1449 2066 1543 2116 quia

225 2138 307 2166 tam
337 2128 378 2166 in
405 2127 706 2177 predicantibus
730 2140 850 2177 quam
880 2127 1032 2176 populo
1056 2135 1150 2162 tunc
1180 2126 1278 2162 fides
1308 2134 1346 2162 et
1376 2124 1542 2162 devocio

224 2187 298 2224 fuit
343 2187 484 2224 maior.
536 2188 707 2236 Oportet
745 2194 882 2222 tamen
927 2186 1000 2222 hec
1039 2183 1217 2233 quinque
1254 2182 1453 2221 verificari
1492 2183 1542 2219 ad
1574 2189 1662 2226 They
1682 2197 1732 2229 are
1753 2188 1812 2228 stin¹

225 2256 394 2283 sensum·
425 2245 600 2294 aliquem
642 2244 682 2280 in
721 2244 900 2293 quolibet
939 2243 1046 2280 fideli
1082 2242 1145 2279 cui
1177 2250 1268 2278 sunt
1299 2241 1376 2278 ista
1407 2253 1542 2278 neces·
1558 2224 1832 2296 ξὲἳῗῗῶᾏῖῃεὲἓξέ

224 2303 330 2341 saria
367 2303 572 2352 requisita.
612 2304 727 2339 Tunc
767 2301 872 2339 enim
913 2300 1041 2338 fidelis
1081 2300 1256 2337 demonia
1296 2299 1402 2336 eiciet
1440 2311 1462 2336 a
1502 2311 1543 2335 se
1576 2294 1746 2357 *Cgse‘filissg
1766 2297 1820 2321 out

169 2362 326 2412 35ipso,
366 2363 529 2411 quando
568 2374 608 2398 se
647 2369 790 2409 purget
822 2373 844 2397 a
877 2359 1062 2406 crimine3
1104 2371 1194 2396 cum
1228 2358 1334 2395 enim
1368 2356 1544 2406 quelibet
1746 2349 1751 2355 ’

225 2420 376 2470 species
417 2419 596 2457 criminis
629 2419 749 2456 habet
780 2431 904 2455 unum
940 2418 1146 2454 diabolum
1181 2416 1447 2462 assistentem,
1487 2414 1543 2451 sic

130 2458 210 2537 {3⁰3st
226 2480 335 2529 quod
367 2478 467 2515 alius
500 2477 550 2514 sit
582 2477 745 2526 spiritus
768 2475 966 2525 superbie,
1000 2475 1101 2513 alius
1130 2474 1134 2526 Ι
1163 2474 1315 2511 luxurie
1349 2482 1386 2511 et
1408 2473 1464 2510 sic
1497 2474 1544 2510 de

226 2536 362 2574 multis
406 2535 562 2582 mediis,
602 2543 713 2584 patet
751 2536 859 2584 quod
903 2535 1026 2571 homo
1071 2534 1280 2583 purgando
1325 2544 1366 2569 se
1408 2544 1430 2569 a
1474 2531 1545 2568 tali

227 2594 396 2632 crimine
435 2593 595 2643 expellit
627 2593 846 2640 diabolum,
887 2601 923 2629 et
956 2593 1032 2630 hoc
1063 2592 1221 2630 videtur
1253 2603 1336 2628 esse
1368 2589 1544 2639 primum

166 2666 212 2698 40
227 2652 406 2691 officium
442 2651 535 2689 fidei
568 2651 798 2689 christiane.

286 2711 471 2748 Secundo
524 2710 667 2761 linguis
717 2711 921 2760 loquentur
966 2709 1087 2758 novis,
1139 2707 1232 2757 quia
1283 2718 1444 2744 necesse
1490 2714 1548 2742 est
1599 2719 1624 2752 2'.
1646 2710 1803 2759 speaking

229 2769 338 2819 quod
381 2768 437 2806 sic
477 2767 648 2817 expulsis
687 2767 884 2806 demoniis
925 2766 1265 2805 communicativa
1305 2764 1451 2803 caritas
1488 2763 1546 2801 in-
1579 2747 1815 2782 W¹t¹¹t⁰¹¹g¹¹e³'

302 2917 334 2939 2.
358 2905 478 2939 Matth.
506 2906 662 2947 XXVIII,
686 2917 735 2949 19.
825 2918 857 2948 4.
883 2905 987 2938 Marci
1016 2905 1108 2946 XVI,
1132 2903 1179 2936 16.
1273 2903 1325 2936 23,
1351 2902 1397 2935 ib.
1424 2913 1474 2945 17,
1498 2900 1547 2933 18.

1367 2972 1407 3004 2‘)
