1986 3380
177 290 312 319 SERMO
335 281 491 340 xxxnr]
646 296 856 329 SECUNDA
889 299 1012 330 PAR&

234 401 417 437 Secunda
450 401 559 437 racio
593 415 754 438 movens
788 405 837 439 ad
871 403 1105 451 martyrium
1142 414 1199 441 est
1232 405 1324 442 ista:
1361 409 1487 444 Nemo

174 466 306 506 potest
338 458 470 495 venire
503 460 553 495 ad
586 460 890 507 beatitudinem,
924 461 1000 497 nisi
1033 472 1222 511 sequatur
1246 463 1285 499 in
1310 465 1487 501 moribus

173 517 307 552 Jesum
340 528 469 561 suum,
503 518 571 552 sed
603 530 722 554 nemo
755 528 887 566 potest
927 519 1058 567 ipsum
1091 521 1202 569 sequi
1236 521 1275 557 in
1310 522 1487 559 moribus

174 572 250 609 nisi
275 573 410 610 habita
434 575 737 622 opportunitate
767 577 950 624 paciatur
975 578 1225 625 martyrium,
1252 591 1344 627 ergo
1367 593 1487 616 nemo

142 635 305 679 5potest
328 631 471 668 salvari
502 644 592 668 cum
621 632 699 669 illis
730 635 892 682 paribus
923 635 998 671 nisi
1022 635 1205 683 paciatur
1235 638 1484 685 martyrium.

174 690 288 726 Unde
326 698 492 737 propter
530 690 892 738 infringibilitatem
942 693 1198 730 connexionis
1237 695 1333 731 dicit
1371 708 1487 732 evan-

173 746 340 794 gelium:
374 747 417 782 Si
437 748 519 796 quis
542 749 637 784 mihi
657 749 863 797 ministrat,
893 764 951 787 me
972 759 1168 800 sequatur,
1192 765 1237 789 ac
1261 752 1291 789 si
1316 753 1485 790 diceret:

173 804 205 840 si
235 803 324 852 quis
349 805 444 840 mihi
469 805 669 843 ministrat
694 809 884 845 merendo
909 809 1211 857 beatitudinem,
1237 812 1353 848 debet
1376 811 1488 860 sequi

174 874 237 898 me
267 875 357 898 cum
386 862 549 911 paribus
578 877 704 914 usque
733 868 783 902 ad
813 875 999 903 mortem.
1030 870 1111 904 Nec
1143 877 1199 905 est
1224 869 1330 905 fideli
1354 869 1489 918 aliqua

119 933 158 955 10
173 920 251 956 alia
290 921 582 969 consequencia
621 923 747 971 magis
787 925 907 969 clara,
947 938 1028 961 non
1067 927 1197 962 solum
1232 927 1325 975 quia
1358 927 1488 964 omnis

174 990 281 1014 mors
320 978 502 1026 preciosa
540 981 721 1017 salvandi
762 990 819 1018 est
859 995 949 1019 curn
983 984 1190 1032 martyrio,
1233 998 1322 1021 curn
1357 985 1488 1022 omnis

171 1036 260 1072 talis
312 1036 484 1073 moritur
533 1047 700 1087 propter
745 1039 962 1086 Christum,
1018 1054 1156 1078 verum
1209 1043 1302 1092 quia
1353 1043 1489 1080 habita

171 1094 476 1142 opportunitate
499 1108 589 1132 curn
607 1096 722 1134 dictis
747 1098 1064 1136 circumstanciis
1088 1109 1259 1137 mortem
1280 1102 1487 1148 aufugiens

169 1152 272 1188 foret
317 1154 400 1189 Deo
451 1162 488 1190 et
538 1155 703 1192 ecclesie
753 1156 938 1193 infidelis.
993 1160 1073 1194 Nec
1116 1159 1248 1195 valent
1293 1159 1487 1196 instancie

118 1210 313 1258 15quibus
361 1211 542 1259 arguitur
586 1213 881 1261 Evangelistam
927 1228 1009 1252 non
1054 1229 1138 1252 esse
1183 1226 1399 1266 martyrem
1450 1226 1486 1254 et

171 1268 319 1304 multos
348 1278 507 1306 sanctos
532 1271 780 1308 confessores
810 1286 909 1321 quos
943 1274 1154 1311 canonizat
1187 1275 1368 1321 ecclesia,
1394 1275 1487 1324 quia

170 1334 322 1362 certum
356 1336 413 1364 est
445 1329 552 1376 quod
586 1330 839 1378 Evangelista
870 1331 943 1367 fuit
976 1341 1140 1380 martyr,
1165 1333 1326 1381 paciens
1361 1335 1487 1370 multa

169 1397 242 1432 pro
280 1385 443 1421 nomine
476 1387 635 1433 Christi,
680 1396 723 1424 ut
767 1388 996 1425 missionem
1043 1390 1083 1426 in
1122 1391 1275 1428 fervens
1319 1391 1486 1437 dolium,

169 1442 382 1490 pocionem
414 1445 554 1480 veneni
588 1454 625 1481 et
658 1445 816 1482 exilium
857 1459 947 1483 cum
989 1448 1124 1484 multis
1164 1449 1380 1495 similibus3
1414 1462 1486 1486 nec

112 1516 153 1538 20
169 1508 260 1536 sunt
286 1500 408 1549 aliqui
431 1502 695 1539 canonizandi
716 1504 783 1552 qui
805 1518 885 1541 non
901 1505 1115 1553 paciuntur
1130 1507 1302 1555 lugendo
1318 1517 1483 1556 propter

169 1557 368 1594 iusticiam
403 1568 439 1595 et
472 1559 512 1595 in
546 1561 622 1597 fine
660 1571 865 1609 gratanter
903 1563 1105 1611 accipiunt
1145 1578 1289 1613 penam
1331 1566 1483 1602 mortis.

225 1616 370 1653 Tereia
407 1617 517 1654 racio
556 1627 615 1655 est
647 1619 896 1657 immensitas
936 1622 1079 1669 premii
1120 1635 1258 1659 eorum
1299 1624 1366 1672 qui
1406 1637 1479 1672 pro

169 1674 317 1711 Christi
376 1675 541 1713 nomine
594 1677 650 1713 sic
702 1678 937 1726 martyrium
992 1680 1218 1728 paciuntur,
1271 1695 1364 1718 nam
1417 1682 1484 1718 ubi

168 1731 349 1770 Christus
405 1742 463 1770 est
514 1734 553 1770 in
610 1736 871 1783 beatitudine,
926 1738 1024 1774 tales
1079 1738 1250 1776 ministri
1302 1740 1485 1777 beatifice

111 1797 149 1829 25
168 1799 487 1839 consequuntur;
532 1793 714 1841 quamvis
759 1804 892 1831 autem
941 1796 977 1831 in
1018 1797 1131 1833 domo
1165 1798 1294 1846 patris
1338 1798 1486 1834 Christi

167 1848 285 1884 multe
333 1857 420 1885 sunt
470 1851 698 1897 mansiones,
750 1866 890 1889 omnes
943 1862 1079 1891 tamen
1125 1865 1215 1891 sunt
1259 1856 1299 1892 in
1345 1857 1485 1892 eadem

167 1905 415 1943 beatitudine
445 1909 646 1955 collocati,
671 1910 765 1958 quia
795 1910 835 1947 in
871 1913 1010 1948 eadem
1036 1914 1157 1949 domo
1182 1913 1221 1949 in
1245 1927 1323 1962 qua
1346 1927 1486 1951 omnes

167 1963 412 2013 participant
457 1967 715 2004 beatitudinis
765 1968 1034 2017 singulorum;
1074 1984 1209 2019 ymmo
1255 1974 1486 2009 accedendo

168 2022 355 2071 proprius
386 2025 435 2060 ad
465 2025 688 2073 sophistam
718 2022 723 2078 Ι
753 2027 919 2064 concedi
944 2029 1060 2065 debet
1084 2031 1191 2078 quod
1215 2030 1320 2067 beati
1343 2029 1487 2079 singuli

168 2089 260 2117 sunt
300 2080 341 2117 in
380 2082 552 2120 Christo.
600 2085 701 2120 Cum
740 2085 846 2121 enim
887 2087 1001 2122 multi
1042 2096 1133 2123 sunt
1175 2088 1284 2124 modi
1332 2087 1487 2125 essendi

167 2138 284 2175 unius
316 2138 356 2175 in
389 2140 557 2189 reliquo,
582 2141 613 2177 si
646 2143 774 2179 sancti
808 2143 961 2180 viantes
994 2155 1281 2182 conversantur
1313 2146 1353 2183 in
1386 2147 1485 2192 celo,

169 2196 432 2244 multiplicius
465 2198 505 2234 in
536 2199 695 2236 Christo
728 2200 768 2236 in
801 2214 880 2249 quo
912 2202 1049 2239 vivunt
1082 2213 1293 2240 moventur
1326 2213 1362 2241 et
1395 2213 1487 2241 sunt

168 2254 382 2291 causaliter
415 2261 471 2302 (ut
509 2256 647 2293 dicunt
686 2258 956 2307 philosophi),
996 2273 1068 2297 nec
1103 2270 1159 2297 est
1192 2263 1487 2310 desperandum

167 2313 217 2348 de
260 2313 416 2360 premio
462 2315 602 2351 talium
650 2316 718 2364 qui
763 2316 803 2352 in
849 2326 962 2354 tanto
1001 2319 1176 2356 Domino
1221 2330 1311 2356 sunt
1351 2320 1485 2366 locati,

113 2375 152 2409 35
169 2369 263 2419 quia
308 2383 469 2409 ornnem
509 2373 629 2410 talem
681 2374 910 2411 ministrum
958 2377 1198 2414 honorificat
1240 2378 1487 2415 beatitudine

168 2436 206 2465 et
229 2430 467 2476 regnacione
490 2440 684 2480 perpetua
706 2432 816 2480 pacis
841 2433 1002 2470 Christi.
1037 2437 1084 2471 Et
1107 2435 1179 2472 iste
1202 2445 1282 2472 tres
1305 2436 1488 2473 raciones

77 2064 152 2097 Fol.

72 2108 153 2143 211b

239 2559 258 2578 1.
274 2551 328 2579 ΑΕ
343 2551 373 2579 in
389 2561 502 2587 marg:
524 2554 682 2588 Secunda;
703 2555 748 2582 A:
770 2555 862 2582 racio.
919 2554 944 2583 3.
961 2557 1005 2584 A:
1026 2556 1130 2585 Jesum
1147 2566 1237 2586 suum
1252 2559 1329 2587 —in
1347 2559 1488 2587 moribus

168 2585 262 2614 deest.
336 2594 365 2622 9.
386 2587 425 2614 E:
448 2587 485 2615 ali
512 2596 549 2615 ua
569 2588 664 2616 deest.
739 2598 773 2617 11.
789 2590 834 2617 A:
855 2598 941 2618 mors
960 2607 994 2610 —
1013 2592 1117 2619 omnis
1138 2593 1232 2621 deest.
1307 2602 1345 2621 12.
1361 2594 1401 2622 E:
1423 2603 1488 2622 mo—

168 2620 278 2655 rietur;
300 2621 340 2648 ib.
361 2622 406 2649 A:
427 2622 478 2661 qui
508 2623 612 2650 iabita.
688 2624 724 2651 15.
745 2625 790 2652 A:
812 2629 858 2652 est
877 2630 1057 2662 martyrem.
1132 2629 1173 2660 16,
1197 2637 1234 2664 ¹7-
1256 2630 1300 2656 A:
1322 2633 1350 2656 et
1370 2634 1487 2656 certum

168 2659 223 2683 est.
310 2655 349 2683 18.
369 2657 414 2684 A:
435 2657 592 2685 inferiens.
677 2666 717 2694 19.
739 2666 786 2686 20.
807 2660 852 2687 A:
873 2668 934 2687 non
957 2665 1028 2688 sunt
1048 2662 1204 2690 audiendi.
1288 2671 1332 2691 22.
1353 2663 1438 2691 ADE
1457 2664 1488 2691 in

169 2698 282 2728 marg:
305 2690 415 2718 Tereia
436 2691 527 2719 racio.
636 2693 681 2727 28,
703 2701 750 2728 29.
772 2695 816 2721 A:
847 2695 1021 2723 accedendo
1044 2697 1216 2731 proximus.
1325 2697 1371 2726 30.
1392 2700 1437 2726 A:
1459 2699 1488 2726 in

169 2724 294 2752 Christo
315 2725 414 2760 deest;
442 2726 482 2753 ib.
504 2726 529 2753 E
548 2726 578 2754 in
599 2736 713 2763 marg:
736 2728 855 2762 Singuli
878 2729 955 2757 beati
977 2735 1048 2758 sunt
1067 2731 1097 2758 in
1120 2732 1261 2767 Christo;
1292 2734 1332 2761 ib.
1354 2735 1398 2761 A:
1420 2739 1490 2761 sunt

170 2758 263 2786 deest.
319 2758 363 2788 35.
379 2760 420 2788 E:
441 2761 478 2788 ad
496 2761 726 2790 beatitudinem.
782 2763 829 2791 36.
845 2764 914 2791 DE:
936 2765 966 2792 in
982 2766 1181 2801 regnaci011e3
1202 2767 1242 2794 ib.
1259 2769 1302 2796 A:
1319 2773 1379 2796 tres
1394 2768 1489 2795 deest.

239 2841 272 2874 7.
289 2831 356 2863 Joh
386 2833 459 2873 Xll,
479 2833 531 2866 26.
609 2833 659 2866 18.
688 2835 812 2867 Fertur
838 2837 935 2879 quod
964 2845 995 2868 et
1021 2837 1094 2880 ipse
1121 2847 1264 2882 propter
1284 2841 1487 2883 martyrium

172 2876 217 2908 sit
251 2878 379 2909 missus
412 2880 446 2910 in
479 2879 644 2912 ferventis
676 2881 748 2913 olei
785 2884 933 2914 dolium.
973 2884 1020 2915 St.
1048 2886 1252 2928 Hieronymi
1282 2887 1420 2918 Comm.
1454 2887 1487 2918 in

174 2924 237 2955 Ev.
263 2924 427 2956 Matthaei
456 2926 512 2966 ΙΙΙ,
538 2936 591 2967 21,
619 2929 689 2960 vol.
710 2929 785 2968 VII,
809 2927 882 2960 156.
981 2929 1032 2963 26.
1061 2931 1136 2964 Joh.
1165 2933 1254 2973 XIV,
1286 2943 1312 2965 2.

1291 2989 1356 3022 164ξ

1694 295 1770 340 243

1516 415 1716 451 lxlzii·iy1·d‹›m.
1738 421 1767 444 at

1509 451 1583 477 least
1604 452 1632 477 in
1655 452 1727 480 will.
1749 451 1776 478 is

1546 485 1688 512 involved
1710 486 1739 513 iu

1561 521 1720 555 following

1581 554 1695 582 Christ.

1524 1632 1705 1668 [inmensity
1726 1634 1757 1660 ot

1517 1668 1565 1694 the
1588 1667 1705 1694 reward
1726 1668 1761 1695 of

1535 1703 1738 1738 martyrdom.
