1986 3380
195 284 330 314 sERMO
353 274 461 330 Lru]
663 285 875 318 securim
903 284 1029 315 PARS.

198 403 233 430 et
267 407 389 441 capax
424 393 528 429 verbi
565 401 601 428 et
636 392 795 428 Christo
830 389 1095 439 propinquior
1140 389 1179 424 in
1211 398 1374 429 natura2
1414 389 1504 425 ideo

199 453 416 488 secundum
451 450 633 486 ordinem
669 448 849 486 caritatis
883 455 1089 496 oporteret
1123 448 1171 483 ab
1206 446 1291 494 ipsa
1316 446 1504 493 incipere.

197 511 273 545 Sed
322 508 471 545 fecibus
517 509 776 556 postmodum
823 505 1103 543 oberrantibus
1152 512 1188 540 et
1226 504 1504 540 infidelitatem

197 580 309 603 suam
343 566 573 602 induratam
608 565 875 602 clamantibus
920 563 993 600 fuit
1026 562 1206 599 Samarie
1252 571 1288 598 et
1322 562 1506 610 gentibus

163 626 456 673 §postmodum
490 623 797 672 predicandum.
834 621 1025 668 Quamvis
1059 629 1191 657 autem
1228 619 1411 656 Samaria
1437 620 1506 655 fuit

196 683 236 718 in
268 691 375 719 terra
420 681 712 730 promissionis,
759 690 894 717 tamen
937 678 1102 728 gentiles
1147 678 1274 727 ipsam
1310 678 1506 713 inhabita«

196 748 335 776 verant
375 744 431 785 (ut
465 748 573 787 patet
608 741 656 774 IV
690 741 781 786 Reg.
815 740 971 785 XV110).
1012 736 1146 773 Judeis
1186 736 1321 784 itaque
1362 735 1507 784 quibus

197 797 425 846 specialiter
459 798 563 833 facta
596 796 668 832 fuit
702 796 917 844 promissio
958 795 1031 831 fuit
1064 794 1343 843 principaliter
1376 793 1507 842 predi-

197 857 383 892 candum.
432 856 508 891 Sed
560 864 650 902 post
704 854 851 891 Christi
905 853 1245 890 resurreccionern
1307 851 1508 888 conversis

144 930 181 951 10
195 913 329 949 Judeis
364 912 580 961 capacibus
614 921 650 949 et
685 912 825 948 ceteris
859 910 1072 948 obstinatis
1097 910 1389 959 predicandum
1425 918 1508 946 erat

197 971 380 1020 gentibus
404 974 461 1017 (ut
484 979 593 1019 patet
617 972 702 1007 Act.
727 972 862 1015 X1110).
888 971 935 1006 Et
959 969 1112 1006 utinam
1136 981 1303 1017 regnum
1325 977 1507 1004 nostrum

197 1030 420 1066 attenderet
454 1030 503 1065 ad
537 1028 657 1064 istum
691 1028 874 1064 ordinem
901 1027 1094 1064 caritatis.
1117 1029 1231 1063 Tunc
1255 1025 1360 1063 enim
1384 1025 1509 1062 instar

200 1087 348 1125 Christi
382 1087 613 1135 castigantis
659 1099 757 1135 quos
800 1085 928 1133 diligit
972 1085 1104 1134 primo
1137 1097 1229 1122 suos
1264 1083 1508 1121 domesticos

197 1145 269 1182 Dei
303 1154 339 1182 et
383 1145 441 1181 sui
487 1144 713 1193 proditores
759 1153 794 1181 et
834 1144 988 1180 emulos
1033 1143 1259 1191 castigaret.
1300 1145 1381 1179 Nec
1415 1155 1508 1178 con-

145 1203 331 1241 15sencio
365 1203 484 1240 nimis
517 1215 651 1239 severe
685 1201 944 1250 castigacioni
989 1203 1039 1238 ad
1074 1210 1244 1238 mortem
1290 1201 1359 1237 sed
1392 1200 1509 1237 casti-

197 1261 355 1309 gacioni
401 1274 471 1310 per
516 1260 837 1297 subtraccionem
885 1259 1185 1308 temporalium,
1231 1271 1302 1307 per
1347 1258 1507 1294 exilium

197 1320 258 1356 vel
290 1332 361 1368 per
394 1319 697 1356 misericordem
743 1331 887 1367 penam
935 1317 1054 1354 aliam
1089 1318 1368 1365 temporalem.
1402 1318 1509 1364 Apo-

199 1377 290 1414 stoli
324 1386 457 1414 autem
493 1379 637 1414 debent
670 1376 860 1426 precipue
909 1376 1113 1425 pulverem
1160 1377 1308 1423 pedum
1343 1387 1507 1411 suorum

199 1436 238 1472 in
273 1435 458 1472 inimicos
493 1435 640 1472 Christi
688 1444 723 1472 et
769 1448 837 1471 sue
871 1433 1037 1471 ecclesie
1071 1443 1252 1470 excutere
1298 1437 1354 1475 (ut
1392 1434 1509 1469 docet

141 1510 183 1532 20
200 1493 381 1531 Christus
422 1496 527 1530 Luce
565 1492 648 1544 XO),
689 1502 725 1530 et
770 1495 817 1530 de
866 1493 970 1530 facto
1019 1491 1192 1540 apostoli
1237 1491 1509 1539 practizarunt

199 1553 257 1599 (ut
290 1560 400 1600 patet
433 1553 520 1588 Act.
554 1553 690 1597 X1110).
727 1552 826 1588 Cum
874 1559 1008 1587 autem
1055 1562 1123 1598 pes
1168 1548 1414 1597 predicantis
1460 1548 1509 1585 sit

198 1623 268 1646 sua
302 1609 468 1646 affeccio
503 1618 539 1646 et
572 1609 700 1657 pulvis
734 1609 845 1658 pedis
885 1608 934 1645 sit
973 1621 1043 1645 sua
1081 1607 1366 1656 temporalium
1401 1606 1510 1643 adia-

199 1667 335 1704 cencia
376 1669 526 1704 mundo
564 1666 774 1713 instabilis,
822 1675 931 1715 patet
971 1667 1078 1715 quod
1117 1665 1290 1714 pulveris
1331 1664 1509 1701 excussio

199 1735 255 1763 est
288 1726 328 1762 in
361 1725 488 1774 figura
520 1725 807 1774 temporalium
841 1724 1127 1773 evangelizanti
1161 1723 1352 1760 remocio.

142 1790 181 1822 25
257 1785 333 1820 Sed
367 1785 574 1833 quomodo
597 1784 738 1821 fratres
763 1792 799 1820 et
824 1783 1140 1831 evangelizantes
1165 1781 1348 1818 moderni
1372 1782 1447 1818 hoc
1472 1780 1511 1816 in

199 1854 240 1879 re
271 1843 332 1879 vel
365 1842 492 1890 figura
536 1843 761 1888 observant,
808 1854 898 1878 cum
932 1853 1004 1877 nec
1050 1841 1234 1877 laborant
1280 1841 1329 1876 ad
1363 1838 1511 1876 contri-

201 1901 357 1937 cionem
410 1899 583 1949 pulveris
636 1900 793 1937 collecti
844 1899 883 1936 in
928 1898 1096 1947 pedibus
1148 1897 1394 1946 predicando
1438 1909 1512 1933 nec

200 1957 441 2007 temporalia
485 1958 625 2006 populi
671 1958 733 1994 cui
778 1957 987 2006 predicant
1032 1970 1053 1993 a
1100 1969 1140 1993 se
1186 1955 1409 2002 excuciunt,
1444 1956 1512 1991 sed

201 2016 341 2065 pocius
374 2016 549 2065 spoliant
582 2016 812 2064 symoniace
861 2015 1154 2053 mendicando?
1200 2013 1374 2062 Precipit
1419 2026 1511 2061 ergo

143 2080 185 2112 30
203 2074 384 2112 Christus
418 2075 526 2124 quod
559 2073 619 2110 sui
653 2073 839 2122 discipuli
878 2073 1014 2124 pocius
1047 2074 1190 2109 vadant
1233 2073 1284 2108 ad
1323 2084 1411 2108 oves
1444 2084 1514 2120 que

196 2133 401 2182 perierunt
433 2133 570 2169 domus
602 2133 764 2168 Israhel.
806 2134 855 2168 Et
888 2132 927 2167 in
959 2132 1036 2168 hoc
1073 2130 1200 2167 nostri
1238 2130 1513 2178 predicatores

200 2190 390 2239 precipue
436 2199 527 2227 sunt
572 2189 774 2238 culpandi,
821 2189 914 2239 quia
958 2202 1030 2226 nec
1074 2190 1223 2226 vadunt
1275 2189 1325 2224 ad
1378 2187 1514 2224 fideles

202 2261 382 2298 capaces,
400 2248 466 2297 qui
490 2248 630 2297 pocius
653 2248 831 2296 indigent
853 2249 974 2284 verbo
998 2247 1069 2283 Dei
1093 2259 1164 2283 nec
1189 2245 1513 2283 exhortacionem

201 2306 241 2343 in
274 2306 449 2344 Domino
496 2307 550 2343 eis
596 2306 853 2352 denunciant,
900 2307 968 2342 sed
1008 2306 1140 2342 locum
1187 2313 1224 2340 et
1268 2304 1442 2340 formam
1475 2303 1514 2339 in

145 2369 184 2402 35
201 2364 553 2413 predicacionibus
585 2364 660 2401 sibi
694 2373 869 2413 captant,
895 2376 971 2412 que
1003 2364 1092 2412 plus
1114 2363 1271 2399 lucrum
1305 2370 1342 2398 et
1365 2362 1511 2398 famam

202 2423 257 2460 eis
289 2423 475 2460 inferant.
509 2425 591 2459 Nec
624 2422 789 2459 dubium
813 2422 908 2471 quin
941 2434 984 2458 ex
1016 2423 1092 2458 hoc
1116 2419 1516 2458 excommunicantur

203 2494 224 2518 a
257 2483 354 2528 Deo,
391 2480 487 2530 quia
517 2480 687 2518 Jeremie
719 2482 911 2526 XLVIIIO,
954 2492 998 2516 10
1038 2478 1244 2516 scribitur:
1281 2477 1516 2514 Maledictus

202 2539 266 2588 qui
285 2539 391 2588 facit
423 2551 518 2589 opus
549 2539 710 2575 Domini
728 2539 1024 2588 fraudulenter.
1060 2539 1102 2574 In
1136 2538 1211 2574 hoc
1250 2548 1344 2584 ergo
1377 2548 1515 2584 repor-

202 2605 334 2634 tarent
366 2606 449 2634 tam
483 2598 642 2634 laudem
678 2610 798 2645 quam
822 2597 978 2633 lucrum
1012 2608 1034 2632 a
1067 2597 1151 2632 Deo
1176 2604 1213 2632 et
1236 2607 1308 2631 sua
1334 2593 1513 2640 ecclesia,

272 2761 314 2788 ¹4-
335 2752 404 2781 DE:
425 2752 481 2780 Dei
501 2753 602 2787 deest3
631 2753 672 2780 ib.
693 2752 718 2780 E
738 2754 767 2780 in
790 2760 905 2788 marg:
926 2751 1095 2780 Domestici
1116 2751 1305 2786 castigandi;
1335 2751 1376 2778 ib.
1397 2751 1466 2778 DE:
1489 2755 1517 2778 et

203 2787 297 2815 deest.
360 2787 398 2815 15.
419 2788 463 2815 A:
485 2787 578 2815 nimis
598 2787 710 2815 fovere.
775 2789 815 2821 19.
837 2788 882 2815 A:
904 2790 932 2814 et
951 2786 1096 2814 inimicos
1117 2786 1233 2814 Christi
1254 2790 1282 2813 et
1302 2786 1365 2818 sui;
1387 2785 1428 2813 ib.
1444 2786 1469 2813 D
1486 2786 1515 2813 in

203 2830 270 2850 mar
293 2832 316 2849 .:
348 2822 486 2850 Excutite
519 2823 675 2858 pulverem
706 2822 743 2850 de
772 2822 903 2858 pedibus
932 2821 1052 2849 vestris.
1169 2828 1210 2848 21.
1230 2821 1276 2848 A:
1303 2821 1388 2848 xmo
1415 2820 1515 2855 deest3

204 2857 242 2885 cf.
294 2861 332 2884 ct.
352 2857 448 2891 XIII0,
470 2857 508 2885 51.
592 2864 639 2892 24.
660 2858 705 2885 A:
727 2856 875 2884 reunicio.
965 2856 1004 2885 25.
1029 2856 1054 2883 D
1076 2855 1107 2884 in
1129 2864 1244 2883 marm:
1265 2855 1378 2891 Mnych
1400 2855 1438 2887 (id
1460 2860 1515 2887 est,

203 2892 398 2926 monachus);
419 2891 459 2919 ib.
476 2892 520 2919 D:
541 2892 605 2919 hec.
670 2890 717 2919 36.
738 2893 782 2919 A:
804 2891 1133 2919 excommunicaretur.
1198 2875 1242 2918 38.
1264 2890 1309 2918 D:
1331 2890 1517 2926 negligenter

203 2927 327 2954 extinct.
347 2926 379 2954 in
399 2934 496 2962 marg.
517 2926 652 2954 correxit
672 2926 892 2954 fraudulenter.

1337 2984 1376 3015 27

1712 286 1790 320 417

1557 1788 1623 1814 Our
1644 1787 1772 1815 modern

1585 1823 1748 1857 prcaclicrs

1557 1858 1674 1891 neglect
1693 1857 1772 1884 their

1622 1892 1707 1928 duty.
