<?xml version="1.0" encoding="UTF-8"?>
<!DOCTYPE html PUBLIC "-//W3C//DTD XHTML 1.0 Transitional//EN"
    "http://www.w3.org/TR/xhtml1/DTD/xhtml1-transitional.dtd">
<html xmlns="http://www.w3.org/1999/xhtml" xml:lang="en" lang="en">
 <head>
  <title>
</title>
<meta http-equiv="Content-Type" content="text/html;charset=utf-8" />
  <meta name='ocr-system' content='tesseract 3.04.00' />
  <meta name='ocr-capabilities' content='ocr_page ocr_carea ocr_par ocr_line ocrx_word'/>
</head>
<body>
  <div class='ocr_page' id='page_1' title='image "./iohanniswyclifse0702wycl_0376.png"; bbox 0 0 1986 3380; ppageno 0'>
   <div class='ocr_carea' id='block_1_1' title="bbox 184 305 261 349">
    <p class='ocr_par' dir='ltr' id='par_1_1' title="bbox 184 305 261 349">
     <span class='ocr_line' id='line_1_1' title="bbox 184 305 261 349; baseline 0 -11"><span class='ocrx_word' id='word_1_1' title='bbox 184 305 261 349; x_wconf 66' lang='lat'>346</span> 
     </span>
    </p>
   </div>
   <div class='ocr_carea' id='block_1_2' title="bbox 189 599 449 706">
    <p class='ocr_par' dir='ltr' id='par_1_2' title="bbox 189 599 449 706">
     <span class='ocr_line' id='line_1_2' title="bbox 189 599 449 627; baseline -0.004 0"><span class='ocrx_word' id='word_1_2' title='bbox 189 600 322 627; x_wconf 70' lang='lat' dir='ltr'>Christ&#39;s</span> <span class='ocrx_word' id='word_1_3' title='bbox 344 599 449 627; x_wconf 77' lang='lat' dir='ltr'>words</span> 
     </span>
     <span class='ocr_line' id='line_1_3' title="bbox 208 635 430 662; baseline -0.009 0"><span class='ocrx_word' id='word_1_4' title='bbox 208 635 377 662; x_wconf 63' lang='lat' dir='ltr'>addresscd</span> <span class='ocrx_word' id='word_1_5' title='bbox 401 640 430 662; x_wconf 76' lang='lat' dir='ltr'>to</span> 
     </span>
     <span class='ocr_line' id='line_1_4' title="bbox 194 670 438 706; baseline -0.008 -9"><span class='ocrx_word' id='word_1_6' title='bbox 194 671 242 697; x_wconf 79' lang='lat' dir='ltr'>the</span> <span class='ocrx_word' id='word_1_7' title='bbox 265 670 438 706; x_wconf 80' lang='lat' dir='ltr'>reprobate.</span> 
     </span>
    </p>
   </div>
   <div class='ocr_carea' id='block_1_3' title="bbox 202 1353 442 1416">
    <p class='ocr_par' dir='ltr' id='par_1_3' title="bbox 202 1353 442 1416">
     <span class='ocr_line' id='line_1_5' title="bbox 202 1353 442 1382; baseline -0.004 0"><span class='ocrx_word' id='word_1_8' title='bbox 202 1354 298 1382; x_wconf 81' lang='lat' dir='ltr'>Their</span> <span class='ocrx_word' id='word_1_9' title='bbox 318 1353 442 1381; x_wconf 77' lang='lat' dir='ltr'>various</span> 
     </span>
     <span class='ocr_line' id='line_1_6' title="bbox 265 1397 379 1416; baseline 0 0"><span class='ocrx_word' id='word_1_10' title='bbox 265 1397 379 1416; x_wconf 76' lang='lat' dir='ltr'>senses.</span> 
     </span>
    </p>
   </div>
   <div class='ocr_carea' id='block_1_4' title="bbox 749 287 1786 347">
    <p class='ocr_par' dir='ltr' id='par_1_4' title="bbox 749 287 1786 347">
     <span class='ocr_line' id='line_1_7' title="bbox 749 287 1786 347; baseline -0.012 -7"><span class='ocrx_word' id='word_1_11' title='bbox 749 308 972 340; x_wconf 79' lang='lat' dir='ltr'>JOHANNIS</span> <span class='ocrx_word' id='word_1_12' title='bbox 992 305 1173 338; x_wconf 79' lang='lat' dir='ltr'>VVYCLIF</span> <span class='ocrx_word' id='word_1_13' title='bbox 1193 303 1446 336; x_wconf 66' lang='lat' dir='ltr'>SERMONUM</span> <span class='ocrx_word' id='word_1_14' title='bbox 1481 287 1634 347; x_wconf 79' lang='lat' dir='ltr'>[SERMO</span> <span class='ocrx_word' id='word_1_15' title='bbox 1650 298 1786 327; x_wconf 75' lang='lat' dir='ltr'>XLVIII-</span> 
     </span>
    </p>
   </div>
   <div class='ocr_carea' id='block_1_5' title="bbox 472 408 1851 2608">
    <p class='ocr_par' dir='ltr' id='par_1_5' title="bbox 474 408 1786 516">
     <span class='ocr_line' id='line_1_8' title="bbox 475 408 1786 465; baseline -0.007 -12"><span class='ocrx_word' id='word_1_16' title='bbox 475 429 543 465; x_wconf 83' lang='lat' dir='ltr'>per</span> <span class='ocrx_word' id='word_1_17' title='bbox 558 417 657 453; x_wconf 78' lang='lat' dir='ltr'>Abel</span> <span class='ocrx_word' id='word_1_18' title='bbox 676 425 712 452; x_wconf 87' lang='lat' dir='ltr'>et</span> <span class='ocrx_word' id='word_1_19' title='bbox 732 423 897 452; x_wconf 84' lang='lat' dir='ltr'>cunctos</span> <span class='ocrx_word' id='word_1_20' title='bbox 923 414 1070 450; x_wconf 89' lang='lat' dir='ltr'>electos</span> <span class='ocrx_word' id='word_1_21' title='bbox 1094 424 1220 459; x_wconf 86' lang='lat' dir='ltr'>usque</span> <span class='ocrx_word' id='word_1_22' title='bbox 1245 411 1293 447; x_wconf 89' lang='lat' dir='ltr'>ad</span> <span class='ocrx_word' id='word_1_23' title='bbox 1318 419 1500 446; x_wconf 80' lang='lat' dir='ltr'>sanctum</span> <span class='ocrx_word' id='word_1_24' title='bbox 1525 408 1786 445; x_wconf 81' lang='lat' dir='ltr'>novissimum</span> 
     </span>
     <span class='ocr_line' id='line_1_9' title="bbox 474 468 1786 516; baseline -0.007 -5"><span class='ocrx_word' id='word_1_25' title='bbox 474 472 850 511; x_wconf 65' lang='lat' dir='ltr'>antetfieniindicn</span> <span class='ocrx_word' id='word_1_26' title='bbox 873 468 1786 516; x_wconf 45' lang='lat' dir='ltr'>nnlstantenhsecundunigenusreproborum]</span> 
     </span>
    </p>

    <p class='ocr_par' dir='ltr' id='par_1_6' title="bbox 472 526 1851 2380">
     <span class='ocr_line' id='line_1_10' title="bbox 474 526 1788 580; baseline -0.008 -10"><span class='ocrx_word' id='word_1_27' title='bbox 474 546 495 569; x_wconf 88' lang='lat' dir='ltr'>a</span> <span class='ocrx_word' id='word_1_28' title='bbox 526 531 877 580; x_wconf 53' lang='lat' dir='ltr'>Cayniincnnens</span> <span class='ocrx_word' id='word_1_29' title='bbox 912 527 1167 566; x_wconf 52' lang='lat' dir='ltr'>ettranffiens</span> <span class='ocrx_word' id='word_1_30' title='bbox 1200 539 1271 575; x_wconf 91' lang='lat' dir='ltr'>per</span> <span class='ocrx_word' id='word_1_31' title='bbox 1304 526 1402 563; x_wconf 74' lang='lat' dir='ltr'>anos</span> <span class='ocrx_word' id='word_1_32' title='bbox 1436 526 1630 574; x_wconf 87' lang='lat' dir='ltr'>reprobos</span> <span class='ocrx_word' id='word_1_33' title='bbox 1663 536 1788 573; x_wconf 85' lang='lat' dir='ltr'>usque</span> 
     </span>
     <span class='ocr_line' id='line_1_11' title="bbox 473 582 1789 638; baseline -0.007 -11"><span class='ocrx_word' id='word_1_34' title='bbox 473 592 523 627; x_wconf 90' lang='lat' dir='ltr'>ad</span> <span class='ocrx_word' id='word_1_35' title='bbox 562 590 778 638; x_wconf 81' lang='lat' dir='ltr'>prescitum</span> <span class='ocrx_word' id='word_1_36' title='bbox 819 586 1082 624; x_wconf 71' lang='lat' dir='ltr'>novissimum</span> <span class='ocrx_word' id='word_1_37' title='bbox 1123 594 1159 622; x_wconf 91' lang='lat' dir='ltr'>et</span> <span class='ocrx_word' id='word_1_38' title='bbox 1192 584 1270 621; x_wconf 90' lang='lat' dir='ltr'>illis</span> <span class='ocrx_word' id='word_1_39' title='bbox 1303 583 1485 621; x_wconf 83' lang='lat' dir='ltr'>Christus</span> <span class='ocrx_word' id='word_1_40' title='bbox 1518 582 1652 631; x_wconf 78' lang='lat' dir='ltr'>dirigit</span> <span class='ocrx_word' id='word_1_41' title='bbox 1685 584 1789 619; x_wconf 84' lang='lat' dir='ltr'>hunc</span> 
     </span>
     <span class='ocr_line' id='line_1_12' title="bbox 473 642 1823 690; baseline -0.007 -5"><span class='ocrx_word' id='word_1_42' title='bbox 473 661 713 685; x_wconf 73' lang='lat' dir='ltr'>sernionern.</span> <span class='ocrx_word' id='word_1_43' title='bbox 749 647 805 683; x_wconf 78' lang='lat' dir='ltr'>lssi</span> <span class='ocrx_word' id='word_1_44' title='bbox 837 655 971 683; x_wconf 72' lang='lat' dir='ltr'>auten]</span> <span class='ocrx_word' id='word_1_45' title='bbox 1007 653 1119 681; x_wconf 86' lang='lat' dir='ltr'>erant</span> <span class='ocrx_word' id='word_1_46' title='bbox 1143 642 1252 679; x_wconf 68' lang='lat' dir='ltr'>nnxti</span> <span class='ocrx_word' id='word_1_47' title='bbox 1286 642 1486 690; x_wconf 78' lang='lat' dir='ltr'><strong>principes</strong></span> <span class='ocrx_word' id='word_1_48' title='bbox 1518 642 1823 685; x_wconf 64' lang='lat' dir='ltr'>sacerdotun1‚5</span> 
     </span>
     <span class='ocr_line' id='line_1_13' title="bbox 473 699 1791 755; baseline -0.008 -12"><span class='ocrx_word' id='word_1_49' title='bbox 473 706 647 755; x_wconf 65' lang='lat' dir='ltr'>pharssei</span> <span class='ocrx_word' id='word_1_50' title='bbox 687 714 723 741; x_wconf 88' lang='lat' dir='ltr'>et</span> <span class='ocrx_word' id='word_1_51' title='bbox 768 704 868 741; x_wconf 74' lang='lat' dir='ltr'>ahus</span> <span class='ocrx_word' id='word_1_52' title='bbox 909 703 1080 751; x_wconf 65' lang='lat' dir='ltr'>popuhffi</span> <span class='ocrx_word' id='word_1_53' title='bbox 1122 701 1344 738; x_wconf 52' lang='lat' dir='ltr'>iudeornnm</span> <span class='ocrx_word' id='word_1_54' title='bbox 1399 701 1461 744; x_wconf 53' lang='lat' dir='ltr'>le,</span> <span class='ocrx_word' id='word_1_55' title='bbox 1505 699 1646 747; x_wconf 64' lang='lat' dir='ltr'>inqust.</span> <span class='ocrx_word' id='word_1_56' title='bbox 1688 699 1791 735; x_wconf 55' lang='lat' dir='ltr'>vobss</span> 
     </span>
     <span class='ocr_line' id='line_1_14' title="bbox 472 757 1793 814; baseline -0.007 -13"><span class='ocrx_word' id='word_1_57' title='bbox 472 765 536 814; x_wconf 81' lang='lat' dir='ltr'>qui</span> <span class='ocrx_word' id='word_1_58' title='bbox 562 764 1018 814; x_wconf 52' lang='lat' dir='ltr'>edyhnnflstnonunuvna</span> <span class='ocrx_word' id='word_1_59' title='bbox 1038 760 1337 809; x_wconf 54' lang='lat' dir='ltr'>prophetarunn</span> <span class='ocrx_word' id='word_1_60' title='bbox 1362 757 1793 808; x_wconf 54' lang='lat' dir='ltr'>putrescunenzioesnf</span> 
     </span>
     <span class='ocr_line' id='line_1_15' title="bbox 472 815 1791 869; baseline -0.008 -10"><span class='ocrx_word' id='word_1_61' title='bbox 472 823 693 859; x_wconf 79' lang='lat' dir='ltr'>occiderunt</span> <span class='ocrx_word' id='word_1_62' title='bbox 747 821 846 865; x_wconf 79' lang='lat' dir='ltr'>illos,</span> <span class='ocrx_word' id='word_1_63' title='bbox 896 820 1077 869; x_wconf 78' lang='lat' dir='ltr'>profecto</span> <span class='ocrx_word' id='word_1_64' title='bbox 1125 817 1382 867; x_wconf 78' lang='lat' dir='ltr'>testificamini</span> <span class='ocrx_word' id='word_1_65' title='bbox 1424 817 1524 865; x_wconf 72' lang='lat' dir='ltr'>quod</span> <span class='ocrx_word' id='word_1_66' title='bbox 1574 815 1791 851; x_wconf 74' lang='lat' dir='ltr'>consentitis</span> 
     </span>
     <span class='ocr_line' id='line_1_16' title="bbox 472 873 1792 930; baseline -0.005 -15"><span class='ocrx_word' id='word_1_67' title='bbox 472 881 650 930; x_wconf 74' lang='lat' dir='ltr'>operibus</span> <span class='ocrx_word' id='word_1_68' title='bbox 698 886 857 928; x_wconf 72' lang='lat' dir='ltr'>patrum</span> <span class='ocrx_word' id='word_1_69' title='bbox 911 885 1143 921; x_wconf 69' lang='lat' dir='ltr'>vestrorum,</span> <span class='ocrx_word' id='word_1_70' title='bbox 1197 875 1373 924; x_wconf 72' lang='lat' dir='ltr'>quoniam</span> <span class='ocrx_word' id='word_1_71' title='bbox 1419 875 1568 923; x_wconf 78' lang='lat' dir='ltr'>quidem</span> <span class='ocrx_word' id='word_1_72' title='bbox 1614 873 1688 923; x_wconf 76' lang='lat' dir='ltr'>ipsi</span> <span class='ocrx_word' id='word_1_73' title='bbox 1729 885 1792 909; x_wconf 74' lang='lat' dir='ltr'>eos</span> 
     </span>
     <span class='ocr_line' id='line_1_17' title="bbox 472 932 1851 985; baseline -0.005 -12"><span class='ocrx_word' id='word_1_74' title='bbox 472 939 706 981; x_wconf 49' lang='lat' dir='ltr'>omstderunss</span> <span class='ocrx_word' id='word_1_75' title='bbox 742 949 808 973; x_wconf 72' lang='lat' dir='ltr'>vos</span> <span class='ocrx_word' id='word_1_76' title='bbox 844 943 970 972; x_wconf 62' lang='lat' dir='ltr'>austun</span> <span class='ocrx_word' id='word_1_77' title='bbox 1004 934 1190 985; x_wconf 53' lang='lat' dir='ltr'>edyhutss</span> <span class='ocrx_word' id='word_1_78' title='bbox 1221 932 1577 981; x_wconf 58' lang='lat' dir='ltr'>eorunzsepuhwa.</span> <span class='ocrx_word' id='word_1_79' title='bbox 1624 932 1851 967; x_wconf 63' lang='lat' dir='ltr'>Consuuxo</span> 
     </span>
     <span class='ocr_line' id='line_1_18' title="bbox 473 990 1791 1043; baseline -0.007 -10"><span class='ocrx_word' id='word_1_80' title='bbox 473 1009 516 1033; x_wconf 84' lang='lat' dir='ltr'>ex</span> <span class='ocrx_word' id='word_1_81' title='bbox 550 995 753 1043; x_wconf 78' lang='lat' dir='ltr'>evangelio</span> <span class='ocrx_word' id='word_1_82' title='bbox 787 993 952 1031; x_wconf 89' lang='lat' dir='ltr'>Matthei</span> <span class='ocrx_word' id='word_1_83' title='bbox 987 994 1143 1038; x_wconf 84' lang='lat' dir='ltr'>XX1110,</span> <span class='ocrx_word' id='word_1_84' title='bbox 1180 1002 1231 1039; x_wconf 73' lang='lat'>29</span> <span class='ocrx_word' id='word_1_85' title='bbox 1267 999 1303 1027; x_wconf 92' lang='lat' dir='ltr'>et</span> <span class='ocrx_word' id='word_1_86' title='bbox 1337 990 1412 1027; x_wconf 90' lang='lat' dir='ltr'>isto</span> <span class='ocrx_word' id='word_1_87' title='bbox 1447 991 1551 1026; x_wconf 89' lang='lat' dir='ltr'>Luce</span> <span class='ocrx_word' id='word_1_88' title='bbox 1585 990 1791 1037; x_wconf 86' lang='lat' dir='ltr'>quomodo</span> 
     </span>
     <span class='ocr_line' id='line_1_19' title="bbox 473 1047 1791 1099; baseline -0.006 -9"><span class='ocrx_word' id='word_1_89' title='bbox 473 1056 521 1091; x_wconf 85' lang='lat' dir='ltr'>ad</span> <span class='ocrx_word' id='word_1_90' title='bbox 575 1054 731 1089; x_wconf 67' lang='lat' dir='ltr'>lsteran]</span> <span class='ocrx_word' id='word_1_91' title='bbox 784 1052 859 1088; x_wconf 88' lang='lat' dir='ltr'>ista</span> <span class='ocrx_word' id='word_1_92' title='bbox 909 1050 1119 1099; x_wconf 75' lang='lat' dir='ltr'>generacio</span> <span class='ocrx_word' id='word_1_93' title='bbox 1171 1049 1233 1086; x_wconf 85' lang='lat' dir='ltr'>cui</span> <span class='ocrx_word' id='word_1_94' title='bbox 1285 1048 1467 1085; x_wconf 58' lang='lat' dir='ltr'>(Hndstus</span> <span class='ocrx_word' id='word_1_95' title='bbox 1519 1047 1669 1084; x_wconf 83' lang='lat' dir='ltr'>dixerat</span> <span class='ocrx_word' id='word_1_96' title='bbox 1721 1048 1791 1083; x_wconf 91' lang='lat' dir='ltr'>hos</span> 
     </span>
     <span class='ocr_line' id='line_1_20' title="bbox 473 1106 1788 1157; baseline -0.006 -9"><span class='ocrx_word' id='word_1_97' title='bbox 473 1123 677 1148; x_wconf 69' lang='lat' dir='ltr'>serniones</span> <span class='ocrx_word' id='word_1_98' title='bbox 725 1109 925 1147; x_wconf 79' lang='lat' dir='ltr'>edificavit</span> <span class='ocrx_word' id='word_1_99' title='bbox 963 1109 1147 1157; x_wconf 80' lang='lat' dir='ltr'>sepulcra</span> <span class='ocrx_word' id='word_1_100' title='bbox 1188 1107 1385 1144; x_wconf 73' lang='lat' dir='ltr'>iustorun]</span> <span class='ocrx_word' id='word_1_101' title='bbox 1427 1115 1463 1142; x_wconf 93' lang='lat' dir='ltr'>et</span> <span class='ocrx_word' id='word_1_102' title='bbox 1502 1106 1788 1154; x_wconf 71' lang='lat' dir='ltr'>prophetarun]</span> 
     </span>
     <span class='ocr_line' id='line_1_21' title="bbox 473 1164 1791 1218; baseline -0.006 -12"><span class='ocrx_word' id='word_1_103' title='bbox 473 1183 573 1218; x_wconf 85' lang='lat' dir='ltr'>quos</span> <span class='ocrx_word' id='word_1_104' title='bbox 618 1178 751 1218; x_wconf 88' lang='lat' dir='ltr'>patres</span> <span class='ocrx_word' id='word_1_105' title='bbox 796 1181 936 1205; x_wconf 84' lang='lat' dir='ltr'>eorum</span> <span class='ocrx_word' id='word_1_106' title='bbox 990 1167 1236 1204; x_wconf 78' lang='lat' dir='ltr'>occiderunt.</span> <span class='ocrx_word' id='word_1_107' title='bbox 1284 1167 1332 1201; x_wconf 84' lang='lat' dir='ltr'>Et</span> <span class='ocrx_word' id='word_1_108' title='bbox 1378 1164 1520 1201; x_wconf 83' lang='lat' dir='ltr'>iterum</span> <span class='ocrx_word' id='word_1_109' title='bbox 1568 1164 1675 1212; x_wconf 88' lang='lat' dir='ltr'>quod</span> <span class='ocrx_word' id='word_1_110' title='bbox 1720 1164 1791 1199; x_wconf 90' lang='lat' dir='ltr'>hec</span> 
     </span>
     <span class='ocr_line' id='line_1_22' title="bbox 474 1221 1847 1276; baseline -0.006 -12"><span class='ocrx_word' id='word_1_111' title='bbox 474 1227 684 1276; x_wconf 60' lang='lat' dir='ltr'>generach)</span> <span class='ocrx_word' id='word_1_112' title='bbox 729 1236 813 1263; x_wconf 92' lang='lat' dir='ltr'>erat</span> <span class='ocrx_word' id='word_1_113' title='bbox 853 1227 900 1262; x_wconf 91' lang='lat' dir='ltr'>de</span> <span class='ocrx_word' id='word_1_114' title='bbox 946 1225 1192 1273; x_wconf 80' lang='lat' dir='ltr'>cognacione</span> <span class='ocrx_word' id='word_1_115' title='bbox 1231 1224 1355 1271; x_wconf 67' lang='lat' dir='ltr'>(Zayni</span> <span class='ocrx_word' id='word_1_116' title='bbox 1395 1223 1580 1270; x_wconf 79' lang='lat' dir='ltr'>reproba,</span> <span class='ocrx_word' id='word_1_117' title='bbox 1621 1234 1713 1257; x_wconf 71' lang='lat' dir='ltr'>cun]</span> <span class='ocrx_word' id='word_1_118' title='bbox 1753 1221 1847 1256; x_wconf 78' lang='lat' dir='ltr'>in15</span> 
     </span>
     <span class='ocr_line' id='line_1_23' title="bbox 474 1280 1790 1335; baseline -0.005 -12"><span class='ocrx_word' id='word_1_119' title='bbox 474 1285 800 1335; x_wconf 86' lang='lat' dir='ltr'>persecucionem</span> <span class='ocrx_word' id='word_1_120' title='bbox 826 1293 862 1321; x_wconf 92' lang='lat' dir='ltr'>et</span> <span class='ocrx_word' id='word_1_121' title='bbox 884 1292 1055 1320; x_wconf 86' lang='lat' dir='ltr'>mortem</span> <span class='ocrx_word' id='word_1_122' title='bbox 1080 1281 1228 1320; x_wconf 87' lang='lat' dir='ltr'>Christi</span> <span class='ocrx_word' id='word_1_123' title='bbox 1246 1280 1466 1330; x_wconf 76' lang='lat' dir='ltr'>⁷vpoci·itice</span> <span class='ocrx_word' id='word_1_124' title='bbox 1490 1288 1790 1317; x_wconf 83' lang='lat' dir='ltr'>consenserunt.</span> 
     </span>
     <span class='ocr_line' id='line_1_24' title="bbox 474 1336 1792 1385; baseline -0.006 -5"><span class='ocrx_word' id='word_1_125' title='bbox 474 1347 522 1380; x_wconf 80' lang='lat' dir='ltr'>Et</span> <span class='ocrx_word' id='word_1_126' title='bbox 555 1343 611 1380; x_wconf 88' lang='lat' dir='ltr'>sic</span> <span class='ocrx_word' id='word_1_127' title='bbox 636 1343 816 1380; x_wconf 81' lang='lat' dir='ltr'>Christus</span> <span class='ocrx_word' id='word_1_128' title='bbox 850 1354 1022 1378; x_wconf 87' lang='lat' dir='ltr'>onerans</span> <span class='ocrx_word' id='word_1_129' title='bbox 1053 1342 1173 1378; x_wconf 88' lang='lat' dir='ltr'>verba</span> <span class='ocrx_word' id='word_1_130' title='bbox 1205 1352 1276 1376; x_wconf 86' lang='lat' dir='ltr'>sua</span> <span class='ocrx_word' id='word_1_131' title='bbox 1310 1351 1427 1375; x_wconf 87' lang='lat' dir='ltr'>sensu</span> <span class='ocrx_word' id='word_1_132' title='bbox 1461 1337 1671 1385; x_wconf 87' lang='lat' dir='ltr'>multiplici</span> <span class='ocrx_word' id='word_1_133' title='bbox 1697 1336 1792 1373; x_wconf 89' lang='lat' dir='ltr'>dicit</span> 
     </span>
     <span class='ocr_line' id='line_1_25' title="bbox 476 1396 1793 1451; baseline -0.006 -13"><span class='ocrx_word' id='word_1_134' title='bbox 476 1404 581 1451; x_wconf 81' lang='lat' dir='ltr'>quod</span> <span class='ocrx_word' id='word_1_135' title='bbox 612 1402 790 1451; x_wconf 80' lang='lat' dir='ltr'>edificant</span> <span class='ocrx_word' id='word_1_136' title='bbox 812 1407 1055 1437; x_wconf 82' lang='lat' dir='ltr'>monumenta</span> <span class='ocrx_word' id='word_1_137' title='bbox 1082 1399 1379 1449; x_wconf 73' lang='lat' dir='ltr'>prophetarum.</span> <span class='ocrx_word' id='word_1_138' title='bbox 1415 1397 1515 1433; x_wconf 87' lang='lat' dir='ltr'>Cum</span> <span class='ocrx_word' id='word_1_139' title='bbox 1540 1396 1644 1432; x_wconf 89' lang='lat' dir='ltr'>enim</span> <span class='ocrx_word' id='word_1_140' title='bbox 1669 1407 1793 1443; x_wconf 86' lang='lat' dir='ltr'>opera</span> 
     </span>
     <span class='ocr_line' id='line_1_26' title="bbox 474 1455 1792 1506; baseline -0.006 -9"><span class='ocrx_word' id='word_1_141' title='bbox 474 1461 650 1497; x_wconf 87' lang='lat' dir='ltr'>virtuosa</span> <span class='ocrx_word' id='word_1_142' title='bbox 702 1459 780 1496; x_wconf 89' lang='lat' dir='ltr'>sint</span> <span class='ocrx_word' id='word_1_143' title='bbox 825 1458 981 1495; x_wconf 86' lang='lat' dir='ltr'>mistice</span> <span class='ocrx_word' id='word_1_144' title='bbox 1028 1458 1212 1506; x_wconf 86' lang='lat' dir='ltr'>sepulcra</span> <span class='ocrx_word' id='word_1_145' title='bbox 1258 1455 1481 1501; x_wconf 84' lang='lat' dir='ltr'>hominum,</span> <span class='ocrx_word' id='word_1_146' title='bbox 1529 1462 1792 1491; x_wconf 85' lang='lat' dir='ltr'>monumenta</span> 
     </span>
     <span class='ocr_line' id='line_1_27' title="bbox 477 1511 1850 1565; baseline -0.007 -10"><span class='ocrx_word' id='word_1_147' title='bbox 477 1527 727 1555; x_wconf 54' lang='lat' dir='ltr'>nuntuorun]</span> <span class='ocrx_word' id='word_1_148' title='bbox 776 1525 943 1565; x_wconf 79' lang='lat' dir='ltr'>possunt</span> <span class='ocrx_word' id='word_1_149' title='bbox 983 1516 1060 1553; x_wconf 87' lang='lat' dir='ltr'>dici</span> <span class='ocrx_word' id='word_1_150' title='bbox 1101 1514 1256 1551; x_wconf 67' lang='lat' dir='ltr'>nnsnce</span> <span class='ocrx_word' id='word_1_151' title='bbox 1295 1525 1418 1562; x_wconf 88' lang='lat' dir='ltr'>opera</span> <span class='ocrx_word' id='word_1_152' title='bbox 1456 1511 1678 1561; x_wconf 68' lang='lat' dir='ltr'>ypocrstica</span> <span class='ocrx_word' id='word_1_153' title='bbox 1717 1523 1850 1560; x_wconf 75' lang='lat' dir='ltr'>qnezo</span> 
     </span>
     <span class='ocr_line' id='line_1_28' title="bbox 475 1569 1792 1626; baseline -0.006 -13"><span class='ocrx_word' id='word_1_154' title='bbox 475 1585 670 1626; x_wconf 82' lang='lat' dir='ltr'>apparent</span> <span class='ocrx_word' id='word_1_155' title='bbox 721 1577 826 1612; x_wconf 89' lang='lat' dir='ltr'>bona</span> <span class='ocrx_word' id='word_1_156' title='bbox 876 1587 962 1611; x_wconf 86' lang='lat' dir='ltr'>esse</span> <span class='ocrx_word' id='word_1_157' title='bbox 1012 1575 1060 1610; x_wconf 91' lang='lat' dir='ltr'>de</span> <span class='ocrx_word' id='word_1_158' title='bbox 1109 1585 1252 1621; x_wconf 85' lang='lat' dir='ltr'>genere</span> <span class='ocrx_word' id='word_1_159' title='bbox 1301 1572 1507 1616; x_wconf 88' lang='lat' dir='ltr'>virtutum,</span> <span class='ocrx_word' id='word_1_160' title='bbox 1562 1569 1653 1607; x_wconf 91' lang='lat' dir='ltr'>licet</span> <span class='ocrx_word' id='word_1_161' title='bbox 1702 1578 1792 1606; x_wconf 83' lang='lat' dir='ltr'>sunt</span> 
     </span>
     <span class='ocr_line' id='line_1_29' title="bbox 476 1627 1792 1681; baseline -0.007 -9"><span class='ocrx_word' id='word_1_162' title='bbox 476 1634 714 1672; x_wconf 83' lang='lat' dir='ltr'>intrinsecus</span> <span class='ocrx_word' id='word_1_163' title='bbox 761 1642 920 1670; x_wconf 88' lang='lat' dir='ltr'>mortua</span> <span class='ocrx_word' id='word_1_164' title='bbox 963 1633 1096 1681; x_wconf 88' lang='lat' dir='ltr'>quoad</span> <span class='ocrx_word' id='word_1_165' title='bbox 1144 1643 1275 1668; x_wconf 90' lang='lat' dir='ltr'>mores</span> <span class='ocrx_word' id='word_1_166' title='bbox 1316 1639 1352 1667; x_wconf 90' lang='lat' dir='ltr'>et</span> <span class='ocrx_word' id='word_1_167' title='bbox 1390 1628 1565 1677; x_wconf 88' lang='lat' dir='ltr'>ypocrisi</span> <span class='ocrx_word' id='word_1_168' title='bbox 1603 1627 1792 1672; x_wconf 82' lang='lat' dir='ltr'>fetencia3</span> 
     </span>
     <span class='ocr_line' id='line_1_30' title="bbox 477 1686 1792 1740; baseline -0.007 -10"><span class='ocrx_word' id='word_1_169' title='bbox 477 1702 513 1730; x_wconf 93' lang='lat' dir='ltr'>et</span> <span class='ocrx_word' id='word_1_170' title='bbox 564 1692 659 1730; x_wconf 85' lang='lat' dir='ltr'>talia</span> <span class='ocrx_word' id='word_1_171' title='bbox 711 1692 896 1740; x_wconf 87' lang='lat' dir='ltr'>sepulcra</span> <span class='ocrx_word' id='word_1_172' title='bbox 940 1699 1194 1727; x_wconf 82' lang='lat' dir='ltr'>mortuorum</span> <span class='ocrx_word' id='word_1_173' title='bbox 1244 1688 1318 1725; x_wconf 89' lang='lat' dir='ltr'>ista</span> <span class='ocrx_word' id='word_1_174' title='bbox 1362 1686 1574 1735; x_wconf 81' lang='lat' dir='ltr'>generacio</span> <span class='ocrx_word' id='word_1_175' title='bbox 1619 1687 1792 1734; x_wconf 88' lang='lat' dir='ltr'>reproba</span> 
     </span>
     <span class='ocr_line' id='line_1_31' title="bbox 476 1744 1791 1800; baseline -0.007 -12"><span class='ocrx_word' id='word_1_176' title='bbox 476 1751 667 1800; x_wconf 80' lang='lat' dir='ltr'>palliavit.</span> <span class='ocrx_word' id='word_1_177' title='bbox 714 1751 790 1786; x_wconf 88' lang='lat' dir='ltr'>Sed</span> <span class='ocrx_word' id='word_1_178' title='bbox 836 1762 925 1786; x_wconf 86' lang='lat' dir='ltr'>cum</span> <span class='ocrx_word' id='word_1_179' title='bbox 972 1757 1106 1797; x_wconf 88' lang='lat' dir='ltr'>patres</span> <span class='ocrx_word' id='word_1_180' title='bbox 1150 1746 1270 1784; x_wconf 89' lang='lat' dir='ltr'>vestri</span> <span class='ocrx_word' id='word_1_181' title='bbox 1309 1746 1399 1782; x_wconf 89' lang='lat' dir='ltr'>illos</span> <span class='ocrx_word' id='word_1_182' title='bbox 1439 1744 1683 1790; x_wconf 87' lang='lat' dir='ltr'>occiderant,</span> <span class='ocrx_word' id='word_1_183' title='bbox 1722 1756 1791 1780; x_wconf 86' lang='lat' dir='ltr'>vos</span> 
     </span>
     <span class='ocr_line' id='line_1_32' title="bbox 477 1802 1849 1854; baseline -0.007 -8"><span class='ocrx_word' id='word_1_184' title='bbox 477 1818 609 1846; x_wconf 83' lang='lat' dir='ltr'>autem</span> <span class='ocrx_word' id='word_1_185' title='bbox 644 1807 803 1845; x_wconf 83' lang='lat' dir='ltr'>trahitis</span> <span class='ocrx_word' id='word_1_186' title='bbox 836 1807 876 1844; x_wconf 95' lang='lat' dir='ltr'>in</span> <span class='ocrx_word' id='word_1_187' title='bbox 909 1808 1050 1844; x_wconf 90' lang='lat' dir='ltr'>eodem</span> <span class='ocrx_word' id='word_1_188' title='bbox 1084 1806 1176 1854; x_wconf 86' lang='lat' dir='ltr'>iugo</span> <span class='ocrx_word' id='word_1_189' title='bbox 1198 1803 1407 1854; x_wconf 77' lang='lat' dir='ltr'>ypocrisis,</span> <span class='ocrx_word' id='word_1_190' title='bbox 1443 1802 1650 1839; x_wconf 87' lang='lat' dir='ltr'>manifeste</span> <span class='ocrx_word' id='word_1_191' title='bbox 1683 1803 1849 1850; x_wconf 88' lang='lat' dir='ltr'>patet25</span> 
     </span>
     <span class='ocr_line' id='line_1_33' title="bbox 477 1860 1791 1916; baseline -0.008 -11"><span class='ocrx_word' id='word_1_192' title='bbox 477 1869 584 1916; x_wconf 82' lang='lat' dir='ltr'>quod</span> <span class='ocrx_word' id='word_1_193' title='bbox 625 1879 668 1904; x_wconf 83' lang='lat' dir='ltr'>ex</span> <span class='ocrx_word' id='word_1_194' title='bbox 699 1865 873 1914; x_wconf 89' lang='lat' dir='ltr'>ypocrisi</span> <span class='ocrx_word' id='word_1_195' title='bbox 915 1874 951 1902; x_wconf 87' lang='lat' dir='ltr'>et</span> <span class='ocrx_word' id='word_1_196' title='bbox 983 1873 1112 1901; x_wconf 88' lang='lat' dir='ltr'>vestre</span> <span class='ocrx_word' id='word_1_197' title='bbox 1150 1862 1426 1912; x_wconf 83' lang='lat' dir='ltr'>generacionis</span> <span class='ocrx_word' id='word_1_198' title='bbox 1460 1860 1619 1897; x_wconf 82' lang='lat' dir='ltr'>malicia</span> <span class='ocrx_word' id='word_1_199' title='bbox 1653 1873 1791 1896; x_wconf 91' lang='lat' dir='ltr'>eorum</span> 
     </span>
     <span class='ocr_line' id='line_1_34' title="bbox 477 1917 1792 1974; baseline -0.007 -12"><span class='ocrx_word' id='word_1_200' title='bbox 477 1925 665 1974; x_wconf 82' lang='lat' dir='ltr'>operibus</span> <span class='ocrx_word' id='word_1_201' title='bbox 705 1923 958 1968; x_wconf 69' lang='lat' dir='ltr'>consentsti83</span> <span class='ocrx_word' id='word_1_202' title='bbox 999 1931 1035 1959; x_wconf 88' lang='lat' dir='ltr'>et</span> <span class='ocrx_word' id='word_1_203' title='bbox 1069 1935 1158 1958; x_wconf 70' lang='lat' dir='ltr'>cun]</span> <span class='ocrx_word' id='word_1_204' title='bbox 1194 1933 1305 1958; x_wconf 67' lang='lat' dir='ltr'>niore</span> <span class='ocrx_word' id='word_1_205' title='bbox 1336 1919 1611 1969; x_wconf 64' lang='lat' dir='ltr'>ypocrstarun]</span> <span class='ocrx_word' id='word_1_206' title='bbox 1645 1917 1792 1966; x_wconf 64' lang='lat' dir='ltr'>fingins</span> 
     </span>
     <span class='ocr_line' id='line_1_35' title="bbox 476 1977 1792 2031; baseline -0.006 -11"><span class='ocrx_word' id='word_1_207' title='bbox 476 1983 588 2020; x_wconf 89' lang='lat' dir='ltr'>vobis</span> <span class='ocrx_word' id='word_1_208' title='bbox 629 1981 942 2031; x_wconf 81' lang='lat' dir='ltr'>dampnabiliter</span> <span class='ocrx_word' id='word_1_209' title='bbox 980 1981 1010 2017; x_wconf 89' lang='lat' dir='ltr'>si</span> <span class='ocrx_word' id='word_1_210' title='bbox 1050 1979 1222 2016; x_wconf 83' lang='lat' dir='ltr'>fuissetis</span> <span class='ocrx_word' id='word_1_211' title='bbox 1262 1991 1351 2016; x_wconf 87' lang='lat' dir='ltr'>cum</span> <span class='ocrx_word' id='word_1_212' title='bbox 1393 1978 1470 2015; x_wconf 89' lang='lat' dir='ltr'>illis</span> <span class='ocrx_word' id='word_1_213' title='bbox 1509 1977 1716 2025; x_wconf 86' lang='lat' dir='ltr'>prophetis</span> <span class='ocrx_word' id='word_1_214' title='bbox 1755 1985 1792 2013; x_wconf 90' lang='lat' dir='ltr'>et</span> 
     </span>
     <span class='ocr_line' id='line_1_36' title="bbox 477 2035 1792 2088; baseline -0.006 -10"><span class='ocrx_word' id='word_1_215' title='bbox 477 2041 590 2078; x_wconf 89' lang='lat' dir='ltr'>iustis</span> <span class='ocrx_word' id='word_1_216' title='bbox 630 2038 974 2088; x_wconf 81' lang='lat' dir='ltr'>contemporanei,</span> <span class='ocrx_word' id='word_1_217' title='bbox 1015 2051 1096 2075; x_wconf 91' lang='lat' dir='ltr'>non</span> <span class='ocrx_word' id='word_1_218' title='bbox 1137 2051 1274 2074; x_wconf 87' lang='lat' dir='ltr'>eorum</span> <span class='ocrx_word' id='word_1_219' title='bbox 1315 2035 1584 2073; x_wconf 88' lang='lat' dir='ltr'>occisionibus</span> <span class='ocrx_word' id='word_1_220' title='bbox 1624 2046 1792 2071; x_wconf 89' lang='lat' dir='ltr'>consen-</span> 
     </span>
     <span class='ocr_line' id='line_1_37' title="bbox 478 2092 1851 2144; baseline -0.007 -8"><span class='ocrx_word' id='word_1_221' title='bbox 478 2099 618 2144; x_wconf 84' lang='lat' dir='ltr'>tiretis,</span> <span class='ocrx_word' id='word_1_222' title='bbox 666 2100 734 2135; x_wconf 89' lang='lat' dir='ltr'>sed</span> <span class='ocrx_word' id='word_1_223' title='bbox 782 2110 920 2134; x_wconf 89' lang='lat' dir='ltr'>eorum</span> <span class='ocrx_word' id='word_1_224' title='bbox 960 2105 1140 2133; x_wconf 87' lang='lat' dir='ltr'>sanctam</span> <span class='ocrx_word' id='word_1_225' title='bbox 1183 2094 1429 2132; x_wconf 86' lang='lat' dir='ltr'>sentenciam</span> <span class='ocrx_word' id='word_1_226' title='bbox 1473 2092 1710 2142; x_wconf 89' lang='lat' dir='ltr'>probaretis,</span> <span class='ocrx_word' id='word_1_227' title='bbox 1756 2101 1793 2129; x_wconf 89' lang='lat' dir='ltr'>et</span> <span class='ocrx_word' id='word_1_228' title='bbox 1810 2093 1851 2126; x_wconf 88' lang='lat'>30</span> 
     </span>
     <span class='ocr_line' id='line_1_38' title="bbox 478 2150 1794 2204; baseline -0.006 -10"><span class='ocrx_word' id='word_1_229' title='bbox 478 2170 567 2194; x_wconf 82' lang='lat' dir='ltr'>cum</span> <span class='ocrx_word' id='word_1_230' title='bbox 600 2156 796 2194; x_wconf 84' lang='lat' dir='ltr'>edificatis</span> <span class='ocrx_word' id='word_1_231' title='bbox 825 2156 1009 2204; x_wconf 85' lang='lat' dir='ltr'>sepulcra</span> <span class='ocrx_word' id='word_1_232' title='bbox 1038 2154 1238 2191; x_wconf 87' lang='lat' dir='ltr'>dictorum</span> <span class='ocrx_word' id='word_1_233' title='bbox 1269 2153 1466 2190; x_wconf 89' lang='lat' dir='ltr'>iustorum</span> <span class='ocrx_word' id='word_1_234' title='bbox 1491 2164 1536 2189; x_wconf 87' lang='lat' dir='ltr'>ac</span> <span class='ocrx_word' id='word_1_235' title='bbox 1559 2150 1794 2200; x_wconf 88' lang='lat' dir='ltr'>approbatis</span> 
     </span>
     <span class='ocr_line' id='line_1_39' title="bbox 478 2208 1793 2252; baseline -0.006 0"><span class='ocrx_word' id='word_1_236' title='bbox 478 2216 516 2251; x_wconf 90' lang='lat' dir='ltr'>in</span> <span class='ocrx_word' id='word_1_237' title='bbox 560 2215 689 2252; x_wconf 88' lang='lat' dir='ltr'>verbis</span> <span class='ocrx_word' id='word_1_238' title='bbox 742 2227 880 2251; x_wconf 87' lang='lat' dir='ltr'>eorum</span> <span class='ocrx_word' id='word_1_239' title='bbox 918 2213 1019 2250; x_wconf 89' lang='lat' dir='ltr'>vitas</span> <span class='ocrx_word' id='word_1_240' title='bbox 1064 2225 1109 2249; x_wconf 89' lang='lat' dir='ltr'>ac</span> <span class='ocrx_word' id='word_1_241' title='bbox 1154 2211 1378 2248; x_wconf 87' lang='lat' dir='ltr'>sentencias</span> <span class='ocrx_word' id='word_1_242' title='bbox 1424 2219 1460 2247; x_wconf 87' lang='lat' dir='ltr'>et</span> <span class='ocrx_word' id='word_1_243' title='bbox 1506 2208 1793 2246; x_wconf 84' lang='lat' dir='ltr'>machinamini</span> 
     </span>
     <span class='ocr_line' id='line_1_40' title="bbox 478 2266 1792 2323; baseline -0.006 -13"><span class='ocrx_word' id='word_1_244' title='bbox 478 2275 526 2310; x_wconf 86' lang='lat' dir='ltr'>ad</span> <span class='ocrx_word' id='word_1_245' title='bbox 562 2274 665 2310; x_wconf 88' lang='lat' dir='ltr'>intra</span> <span class='ocrx_word' id='word_1_246' title='bbox 690 2271 876 2318; x_wconf 85' lang='lat' dir='ltr'>deterius,</span> <span class='ocrx_word' id='word_1_247' title='bbox 911 2271 1004 2320; x_wconf 90' lang='lat' dir='ltr'>quia</span> <span class='ocrx_word' id='word_1_248' title='bbox 1036 2270 1279 2308; x_wconf 89' lang='lat' dir='ltr'>occisionem</span> <span class='ocrx_word' id='word_1_249' title='bbox 1310 2267 1314 2323; x_wconf 87' lang='grc' dir='ltr'>Ι</span> <span class='ocrx_word' id='word_1_250' title='bbox 1344 2268 1504 2313; x_wconf 88' lang='lat' dir='ltr'>Christi,</span> <span class='ocrx_word' id='word_1_251' title='bbox 1540 2266 1792 2304; x_wconf 87' lang='lat' dir='ltr'>manifestum</span> 
     </span>
     <span class='ocr_line' id='line_1_41' title="bbox 479 2327 1349 2380; baseline -0.006 -12"><span class='ocrx_word' id='word_1_252' title='bbox 479 2341 535 2368; x_wconf 89' lang='lat' dir='ltr'>est</span> <span class='ocrx_word' id='word_1_253' title='bbox 569 2333 677 2380; x_wconf 90' lang='lat' dir='ltr'>quod</span> <span class='ocrx_word' id='word_1_254' title='bbox 711 2329 943 2367; x_wconf 89' lang='lat' dir='ltr'>consentitis</span> <span class='ocrx_word' id='word_1_255' title='bbox 975 2341 1113 2366; x_wconf 86' lang='lat' dir='ltr'>eorum</span> <span class='ocrx_word' id='word_1_256' title='bbox 1148 2327 1349 2377; x_wconf 84' lang='lat' dir='ltr'>operibus.</span> 
     </span>
    </p>

    <p class='ocr_par' dir='ltr' id='par_1_7' title="bbox 478 2382 1851 2608">
     <span class='ocr_line' id='line_1_42' title="bbox 536 2382 1851 2438; baseline -0.007 -12"><span class='ocrx_word' id='word_1_257' title='bbox 536 2392 584 2426; x_wconf 87' lang='lat' dir='ltr'>Et</span> <span class='ocrx_word' id='word_1_258' title='bbox 622 2397 731 2438; x_wconf 87' lang='lat' dir='ltr'>patet</span> <span class='ocrx_word' id='word_1_259' title='bbox 771 2387 940 2425; x_wconf 84' lang='lat' dir='ltr'>causalis</span> <span class='ocrx_word' id='word_1_260' title='bbox 982 2386 1130 2423; x_wconf 91' lang='lat' dir='ltr'>Christi</span> <span class='ocrx_word' id='word_1_261' title='bbox 1169 2388 1216 2422; x_wconf 91' lang='lat' dir='ltr'>de</span> <span class='ocrx_word' id='word_1_262' title='bbox 1254 2385 1486 2422; x_wconf 83' lang='lat' dir='ltr'>imitacione</span> <span class='ocrx_word' id='word_1_263' title='bbox 1526 2382 1851 2420; x_wconf 83' lang='lat' dir='ltr'>consentanca35</span> 
     </span>
     <span class='ocr_line' id='line_1_43' title="bbox 478 2440 1794 2496; baseline -0.006 -12"><span class='ocrx_word' id='word_1_264' title='bbox 478 2446 786 2496; x_wconf 82' lang='lat' dir='ltr'>precedencium</span> <span class='ocrx_word' id='word_1_265' title='bbox 837 2446 1118 2494; x_wconf 83' lang='lat' dir='ltr'>reproborum,</span> <span class='ocrx_word' id='word_1_266' title='bbox 1170 2443 1360 2493; x_wconf 89' lang='lat' dir='ltr'>quoniam</span> <span class='ocrx_word' id='word_1_267' title='bbox 1413 2442 1487 2491; x_wconf 90' lang='lat' dir='ltr'>ipsi</span> <span class='ocrx_word' id='word_1_268' title='bbox 1541 2441 1694 2477; x_wconf 88' lang='lat' dir='ltr'>mistice</span> <span class='ocrx_word' id='word_1_269' title='bbox 1738 2440 1794 2476; x_wconf 91' lang='lat' dir='ltr'>sic</span> 
     </span>
     <span class='ocr_line' id='line_1_44' title="bbox 479 2499 1794 2551; baseline -0.006 -9"><span class='ocrx_word' id='word_1_270' title='bbox 479 2505 667 2542; x_wconf 78' lang='lat' dir='ltr'>edificant</span> <span class='ocrx_word' id='word_1_271' title='bbox 711 2517 849 2541; x_wconf 90' lang='lat' dir='ltr'>eorum</span> <span class='ocrx_word' id='word_1_272' title='bbox 895 2503 1078 2551; x_wconf 82' lang='lat' dir='ltr'>sepulcra</span> <span class='ocrx_word' id='word_1_273' title='bbox 1126 2504 1176 2539; x_wconf 89' lang='lat' dir='ltr'>ad</span> <span class='ocrx_word' id='word_1_274' title='bbox 1215 2514 1374 2538; x_wconf 84' lang='lat' dir='ltr'>sensum</span> <span class='ocrx_word' id='word_1_275' title='bbox 1414 2499 1650 2549; x_wconf 83' lang='lat' dir='ltr'>expositum.</span> <span class='ocrx_word' id='word_1_276' title='bbox 1703 2499 1794 2534; x_wconf 84' lang='lat' dir='ltr'>Ideo</span> 
     </span>
     <span class='ocr_line' id='line_1_45' title="bbox 479 2556 1794 2608; baseline -0.007 -8"><span class='ocrx_word' id='word_1_277' title='bbox 479 2563 645 2600; x_wconf 91' lang='lat' dir='ltr'>omnino</span> <span class='ocrx_word' id='word_1_278' title='bbox 691 2571 782 2599; x_wconf 86' lang='lat' dir='ltr'>sunt</span> <span class='ocrx_word' id='word_1_279' title='bbox 825 2561 1068 2598; x_wconf 86' lang='lat' dir='ltr'>imitacionis</span> <span class='ocrx_word' id='word_1_280' title='bbox 1117 2560 1185 2597; x_wconf 75' lang='lat' dir='ltr'>filii</span> <span class='ocrx_word' id='word_1_281' title='bbox 1224 2558 1500 2608; x_wconf 78' lang='lat' dir='ltr'>generacionis</span> <span class='ocrx_word' id='word_1_282' title='bbox 1539 2556 1718 2606; x_wconf 87' lang='lat' dir='ltr'>predicte</span> <span class='ocrx_word' id='word_1_283' title='bbox 1757 2564 1794 2592; x_wconf 88' lang='lat' dir='ltr'>et</span> 
     </span>
    </p>
   </div>
   <div class='ocr_carea' id='block_1_6' title="bbox 1811 2244 1890 2323">
    <p class='ocr_par' dir='ltr' id='par_1_8' title="bbox 1811 2244 1890 2323">
     <span class='ocr_line' id='line_1_46' title="bbox 1811 2244 1883 2276; baseline 0.014 -1"><span class='ocrx_word' id='word_1_284' title='bbox 1811 2244 1883 2276; x_wconf 81' lang='lat' dir='ltr'>Fol.</span> 
     </span>
     <span class='ocr_line' id='line_1_47' title="bbox 1811 2293 1890 2323; baseline 0.013 -1"><span class='ocrx_word' id='word_1_285' title='bbox 1811 2293 1890 2323; x_wconf 77' lang='lat'>222⁶</span> 
     </span>
    </p>
   </div>
   <div class='ocr_carea' id='block_1_7' title="bbox 482 2690 1794 2869">
    <p class='ocr_par' dir='ltr' id='par_1_9' title="bbox 482 2690 1794 2869">
     <span class='ocr_line' id='line_1_48' title="bbox 549 2690 1792 2731; baseline -0.006 -7"><span class='ocrx_word' id='word_1_286' title='bbox 549 2696 574 2724; x_wconf 75' lang='lat'>3.</span> <span class='ocrx_word' id='word_1_287' title='bbox 595 2697 619 2724; x_wconf 89' lang='lat' dir='ltr'>E</span> <span class='ocrx_word' id='word_1_288' title='bbox 640 2696 670 2724; x_wconf 83' lang='lat' dir='ltr'>in</span> <span class='ocrx_word' id='word_1_289' title='bbox 692 2704 806 2730; x_wconf 61' lang='lat' dir='ltr'>marg:</span> <span class='ocrx_word' id='word_1_290' title='bbox 828 2695 1044 2731; x_wconf 82' lang='lat' dir='ltr'>reproborum.</span> <span class='ocrx_word' id='word_1_291' title='bbox 1146 2693 1170 2722; x_wconf 91' lang='grc'>5.</span> <span class='ocrx_word' id='word_1_292' title='bbox 1193 2693 1232 2721; x_wconf 88' lang='lat' dir='ltr'>E:</span> <span class='ocrx_word' id='word_1_293' title='bbox 1255 2692 1386 2720; x_wconf 82' lang='lat' dir='ltr'>mixtim.</span> <span class='ocrx_word' id='word_1_294' title='bbox 1487 2690 1523 2719; x_wconf 82' lang='lat'>13.</span> <span class='ocrx_word' id='word_1_295' title='bbox 1546 2691 1613 2719; x_wconf 68' lang='lat' dir='ltr'>nli:</span> <span class='ocrx_word' id='word_1_296' title='bbox 1635 2690 1792 2718; x_wconf 76' lang='lat' dir='ltr'>edificatis.</span> 
     </span>
     <span class='ocr_line' id='line_1_49' title="bbox 482 2726 1794 2765; baseline -0.007 -5"><span class='ocrx_word' id='word_1_297' title='bbox 482 2733 520 2760; x_wconf 78' lang='lat'>18.</span> <span class='ocrx_word' id='word_1_298' title='bbox 543 2733 586 2760; x_wconf 87' lang='lat' dir='ltr'>A:</span> <span class='ocrx_word' id='word_1_299' title='bbox 608 2731 688 2759; x_wconf 83' lang='lat' dir='ltr'>enim</span> <span class='ocrx_word' id='word_1_300' title='bbox 711 2730 804 2758; x_wconf 84' lang='lat' dir='ltr'>deest.</span> <span class='ocrx_word' id='word_1_301' title='bbox 877 2737 923 2757; x_wconf 82' lang='lat'>20.</span> <span class='ocrx_word' id='word_1_302' title='bbox 946 2729 1014 2757; x_wconf 64' lang='lat'>1³12:</span> <span class='ocrx_word' id='word_1_303' title='bbox 1037 2728 1154 2757; x_wconf 69' lang='lat' dir='ltr'>mistice</span> <span class='ocrx_word' id='word_1_304' title='bbox 1175 2729 1274 2757; x_wconf 77' lang='lat' dir='ltr'>deest:</span> <span class='ocrx_word' id='word_1_305' title='bbox 1303 2728 1342 2754; x_wconf 90' lang='lat' dir='ltr'>ib.</span> <span class='ocrx_word' id='word_1_306' title='bbox 1363 2726 1387 2754; x_wconf 83' lang='lat' dir='ltr'>E</span> <span class='ocrx_word' id='word_1_307' title='bbox 1408 2727 1437 2754; x_wconf 88' lang='lat' dir='ltr'>in</span> <span class='ocrx_word' id='word_1_308' title='bbox 1459 2734 1573 2765; x_wconf 56' lang='lat' dir='ltr'>marg:</span> <span class='ocrx_word' id='word_1_309' title='bbox 1595 2726 1794 2754; x_wconf 77' lang='lat' dir='ltr'>Monumenta</span> 
     </span>
     <span class='ocr_line' id='line_1_50' title="bbox 482 2759 1794 2799; baseline -0.006 -5"><span class='ocrx_word' id='word_1_310' title='bbox 482 2767 610 2794; x_wconf 78' lang='lat' dir='ltr'>mistice.</span> <span class='ocrx_word' id='word_1_311' title='bbox 718 2773 757 2792; x_wconf 80' lang='lat'>21.</span> <span class='ocrx_word' id='word_1_312' title='bbox 780 2764 848 2792; x_wconf 78' lang='lat' dir='ltr'>DE:</span> <span class='ocrx_word' id='word_1_313' title='bbox 870 2768 897 2792; x_wconf 85' lang='lat' dir='ltr'>et</span> <span class='ocrx_word' id='word_1_314' title='bbox 918 2764 954 2792; x_wconf 93' lang='lat' dir='ltr'>de</span> <span class='ocrx_word' id='word_1_315' title='bbox 975 2772 1093 2799; x_wconf 70' lang='lat' dir='ltr'>genere.</span> <span class='ocrx_word' id='word_1_316' title='bbox 1208 2763 1254 2790; x_wconf 67' lang='lat'>26.</span> <span class='ocrx_word' id='word_1_317' title='bbox 1276 2762 1315 2789; x_wconf 69' lang='lat'>13:</span> <span class='ocrx_word' id='word_1_318' title='bbox 1337 2767 1364 2789; x_wconf 91' lang='lat' dir='ltr'>et</span> <span class='ocrx_word' id='word_1_319' title='bbox 1385 2761 1563 2788; x_wconf 75' lang='lat' dir='ltr'>testimonio</span> <span class='ocrx_word' id='word_1_320' title='bbox 1583 2759 1794 2795; x_wconf 63' lang='lat' dir='ltr'>generat-ionis</span> 
     </span>
     <span class='ocr_line' id='line_1_51' title="bbox 482 2794 1793 2834; baseline -0.006 -6"><span class='ocrx_word' id='word_1_321' title='bbox 482 2801 599 2828; x_wconf 84' lang='lat' dir='ltr'>malicie</span> <span class='ocrx_word' id='word_1_322' title='bbox 620 2808 725 2827; x_wconf 84' lang='lat' dir='ltr'>eorum</span> <span class='ocrx_word' id='word_1_323' title='bbox 747 2803 785 2826; x_wconf 86' lang='lat' dir='ltr'>et.</span> <span class='ocrx_word' id='word_1_324' title='bbox 888 2799 933 2826; x_wconf 74' lang='lat'>28.</span> <span class='ocrx_word' id='word_1_325' title='bbox 954 2800 998 2826; x_wconf 92' lang='lat' dir='ltr'>A:</span> <span class='ocrx_word' id='word_1_326' title='bbox 1021 2797 1208 2834; x_wconf 78' lang='lat' dir='ltr'>dampnatis,</span> <span class='ocrx_word' id='word_1_327' title='bbox 1317 2804 1364 2833; x_wconf 72' lang='lat'>29.</span> <span class='ocrx_word' id='word_1_328' title='bbox 1386 2795 1432 2824; x_wconf 80' lang='lat'>30.</span> <span class='ocrx_word' id='word_1_329' title='bbox 1453 2796 1524 2823; x_wconf 79' lang='lat' dir='ltr'>An:</span> <span class='ocrx_word' id='word_1_330' title='bbox 1547 2794 1793 2822; x_wconf 73' lang='lat' dir='ltr'>consencieretis.</span> 
     </span>
     <span class='ocr_line' id='line_1_52' title="bbox 482 2833 1054 2869; baseline -0.003 -7"><span class='ocrx_word' id='word_1_331' title='bbox 482 2836 523 2864; x_wconf 61' lang='lat'>1⁴2.</span> <span class='ocrx_word' id='word_1_332' title='bbox 547 2836 613 2863; x_wconf 63' lang='lat' dir='ltr'>nli:</span> <span class='ocrx_word' id='word_1_333' title='bbox 637 2835 706 2863; x_wconf 76' lang='lat' dir='ltr'>vitis</span> <span class='ocrx_word' id='word_1_334' title='bbox 727 2842 834 2861; x_wconf 85' lang='lat' dir='ltr'>eorum</span> <span class='ocrx_word' id='word_1_335' title='bbox 857 2833 934 2862; x_wconf 75' lang='lat' dir='ltr'>vitas</span> <span class='ocrx_word' id='word_1_336' title='bbox 955 2838 1054 2869; x_wconf 77' lang='lat' dir='ltr'>atque.</span> 
     </span>
    </p>
   </div>
   <div class='ocr_carea' id='block_1_8' title="bbox 551 2929 887 2971">
    <p class='ocr_par' dir='ltr' id='par_1_10' title="bbox 551 2929 887 2971">
     <span class='ocr_line' id='line_1_53' title="bbox 551 2929 887 2971; baseline 0.006 -11"><span class='ocrx_word' id='word_1_337' title='bbox 551 2929 581 2962; x_wconf 79' lang='grc' dir='ltr'>Γ).</span> <span class='ocrx_word' id='word_1_338' title='bbox 609 2931 724 2962; x_wconf 82' lang='lat' dir='ltr'>Lucae</span> <span class='ocrx_word' id='word_1_339' title='bbox 751 2929 807 2967; x_wconf 89' lang='lat' dir='ltr'>XI,</span> <span class='ocrx_word' id='word_1_340' title='bbox 835 2939 887 2971; x_wconf 85' lang='lat'>47.</span> 
     </span>
    </p>
   </div>
  </div>
 </body>
</html>
