1986 3380
203 287 337 315 SERMO
360 276 440 334 mn]
668 291 881 323 SECUNDA
910 290 1037 322 PARS.

202 397 361 446 tyranni
395 398 530 435 dicunt
564 400 672 447 quod
705 411 805 446 opus
838 411 952 435 suurn
988 398 1036 434 sit
1066 399 1214 434 bonum
1251 406 1287 434 et
1320 398 1513 445 lucidum,

203 469 293 493 cum
326 465 462 493 tamen
496 469 636 493 omnes
668 457 769 493 tales
801 456 878 492 sint
911 456 1110 504 ypocrite3
1144 456 1234 492 ideo
1269 465 1421 492 certum
1457 466 1513 493 est

203 516 310 563 quod
344 528 424 551 non
458 514 590 563 primo
630 523 667 551 et
699 527 769 562 per
810 527 850 551 se
884 514 1040 563 capitur
1080 514 1149 551 illa
1181 513 1363 551 lucencia
1396 527 1514 562 penes

202 574 421 609 humanum
448 572 640 609 iudicium
671 574 738 609 sed
762 574 981 609 secundum
1007 572 1183 608 divinum
1210 581 1247 609 et
1270 572 1514 609 sentenciam

168 630 183 661 5
201 630 298 678 legis
321 643 402 667 sue.
437 633 485 666 Et
508 630 598 667 hinc
623 632 755 679 quoad
779 630 955 679 primum
980 630 1126 667 dicitur
1150 630 1248 667 Isaie
1270 632 1338 676 VO,
1364 640 1434 666 20:
1468 631 1517 666 Ve

203 689 308 725 vobis
339 688 403 737 qui
433 689 558 724 dicitis
589 689 725 725 bonnm
760 690 903 725 malum
927 697 963 725 et
985 689 1128 725 malum
1153 690 1305 737 honum,
1332 696 1517 738 ponentes

201 747 378 782 tenebras
410 746 530 782 lucem
565 755 599 782 et
631 747 753 783 lucem
787 748 974 783 tenebras.
1016 748 1131 784 Unde
1164 747 1204 784 in
1236 746 1313 783 isto
1346 759 1391 783 ve
1426 755 1517 783 sunt

202 816 341 841 omnes
381 804 525 852 prelati
556 804 617 840 vel
649 804 851 853 principes
885 807 1136 845 aberrantes:
1170 805 1260 842 ideo
1293 818 1376 841 non
1401 806 1517 841 debet

202 861 310 899 credi
353 862 484 898 verbis
534 861 614 898 suis
657 862 717 899 vel
762 863 952 911 operibus
1004 863 1078 900 nisi
1131 865 1177 900 de
1228 871 1378 912 quanto
1431 862 1518 912 ipsa

148 919 401 957 10fulcierint
433 921 559 968 legen]
594 920 678 956 Dei.

259 981 307 1014 Et
342 987 451 1026 patet
485 980 690 1027 quomodo
714 991 826 1027 reges
850 988 887 1015 et
909 991 1031 1027 regna
1065 981 1210 1016 debent
1233 978 1517 1016 fundacionern

202 1036 399 1085 scripture
434 1045 615 1084 expetere
649 1038 697 1073 de
729 1036 895 1086 prelatis
929 1046 966 1073 et
991 1037 1106 1074 aliter
1139 1046 1305 1086 propter
1327 1037 1516 1074 timorem

202 1094 431 1131 offendendi
480 1094 519 1130 in
566 1096 694 1131 Deum
738 1104 820 1132 tam
865 1095 996 1132 verbis
1041 1095 1120 1132 suis
1160 1108 1280 1144 quam
1327 1095 1517 1144 operibus

203 1152 425 1189 dissentire.
460 1154 508 1189 Et
541 1152 696 1189 utinam
729 1166 897 1202 regnum
930 1154 1071 1202 Anglie
1110 1155 1335 1190 attenderet
1368 1163 1405 1191 et
1438 1166 1517 1190 ser-

147 1210 311 1248 15varet
344 1211 461 1248 istam
495 1211 764 1257 sentenciam,·
795 1220 889 1248 tunc
923 1212 1027 1248 enim
1061 1225 1142 1248 non
1181 1213 1283 1249 foret
1316 1214 1517 1261 depaupe-

201 1277 333 1306 ratum
379 1282 545 1317 regnum
590 1282 672 1318 per
724 1272 888 1307 ambos
940 1270 1189 1319 ypocritas
1233 1270 1335 1307 sicut
1381 1272 1516 1307 modo.

202 1329 301 1365 Cum
344 1327 448 1364 enim
489 1329 593 1364 bona
639 1328 805 1365 ecclesie
845 1328 922 1364 sint
960 1330 1066 1365 bona
1111 1341 1349 1377 pauperum,
1396 1337 1518 1365 restat

202 1387 310 1435 quod
354 1387 461 1422 bona
501 1385 668 1422 ecclesie
705 1386 925 1434 Anglicane
969 1386 1094 1423 nostri
1140 1386 1249 1434 regni
1294 1386 1371 1423 sint
1413 1389 1517 1423 bona

201 1457 439 1493 pauperum.
494 1444 620 1481 Aliter
653 1444 757 1480 enim
799 1458 880 1481 non
922 1445 1052 1482 forent
1091 1445 1220 1481 nostri
1254 1444 1516 1482 ecclesiastici

145 1513 401 1551 20pauperes
441 1511 478 1538 et
517 1515 588 1551 per
633 1515 881 1552 consequens
920 1516 1001 1539 non
1047 1504 1153 1539 bona
1190 1503 1356 1540 ecclesie
1400 1516 1517 1540 occu-

202 1569 356 1609 pantes.
392 1562 546 1597 Debent
579 1560 684 1597 enim
720 1573 804 1598 esse
837 1573 1034 1610 pauperes
1065 1561 1283 1598 voluntarii
1317 1570 1353 1598 et
1386 1570 1516 1598 totum

202 1618 407 1656 residuum
440 1620 639 1655 bonorum
673 1619 704 1655 si
739 1619 897 1656 affuerit
929 1619 1174 1668 pauperibus
1208 1619 1413 1656 humiliter
1445 1620 1519 1656 im—

202 1677 353 1726 pertiri.
389 1678 466 1714 Sed
499 1676 644 1726 quibus
677 1676 708 1713 si
740 1690 822 1714 non
856 1677 1100 1726 pauperibus
1134 1678 1244 1726 regni
1277 1677 1431 1714 nostri?
1464 1680 1518 1714 Ex

201 1735 286 1772 istis
325 1744 435 1784 patet
473 1736 594 1784 quod,
641 1734 721 1772 sive
760 1735 1019 1772 transmarini
1066 1735 1198 1773 clerici
1244 1745 1287 1772 ut
1331 1749 1436 1784 papa
1482 1744 1519 1772 et

145 1794 184 1827 25
202 1793 439 1839 cardinales,
489 1793 569 1831 sive
615 1793 748 1830 clerici
794 1794 922 1830 nostri
967 1794 1172 1831 intrinseci
1211 1793 1251 1831 in
1297 1794 1374 1831 isto
1414 1794 1519 1830 defe-

202 1851 327 1889 cerint
360 1865 382 1888 a
414 1853 500 1900 lege
533 1851 709 1898 Domini,
748 1861 839 1889 sunt
871 1852 973 1901 regis
1013 1861 1050 1889 et
1088 1865 1250 1889 suorum
1293 1865 1517 1901 pauperum

200 1910 442 1959 proditores,
477 1911 585 1959 quod
617 1913 674 1955 (ut
698 1910 776 1947 alia
799 1910 1001 1956 omittam)
1032 1919 1141 1959 patet
1174 1911 1215 1947 in
1248 1910 1520 1948 cardinalibus

202 1968 451 2005 beneficiatis
489 1968 685 2014 rectoriis‚
731 1969 1137 2018 archidyaconatibus
1176 1970 1238 2006 vel
1279 1969 1357 2006 alia
1396 1969 1520 2005 eccle-

202 2026 363 2064 siastica
395 2026 601 2074 dignitate.
655 2029 756 2063 Nam
799 2039 889 2064 cum
927 2027 1003 2064 ista
1043 2027 1120 2064 sint
1157 2029 1263 2064 bona
1295 2040 1520 2076 pauperum

145 2084 188 2117 30
203 2085 325 2133 regni,
360 2093 470 2133 patet
499 2085 608 2133 quod
632 2097 772 2121 eorum
797 2085 994 2134 spoliacio
1019 2094 1078 2122 est
1101 2098 1328 2134 pauperum
1363 2094 1521 2122 nostro-

202 2157 289 2180 rum
324 2155 445 2192 rapax
479 2142 717 2188 destruccio‚
742 2155 832 2179 cum
856 2145 906 2180 ad
929 2156 1063 2191 regem
1087 2152 1124 2180 et
1158 2156 1325 2192 regnum
1349 2143 1522 2192 pertinet

202 2201 327 2250 legios
372 2215 464 2238 suos
505 2214 526 2238 a
566 2201 795 2250 raptoribus
841 2210 878 2238 et
922 2201 1150 2250 specialiter
1195 2201 1441 2250 blasphemis
1482 2201 1522 2238 in

204 2262 334 2296 Deum
368 2260 593 2305 defendere,
628 2267 739 2308 patet
772 2261 881 2308 quod
914 2261 964 2297 ad
997 2259 1106 2308 ipsos
1130 2260 1305 2308 pertinet
1337 2268 1521 2309 raptores

204 2318 304 2355 tales
337 2319 386 2355 ab
419 2317 505 2354 istis
538 2317 676 2366 spoliis
700 2317 935 2366 prohibere3
970 2319 1078 2367 quod
1103 2330 1149 2355 eo
1182 2318 1361 2355 facerent
1394 2326 1522 2355 atten-

148 2378 187 2412 35
205 2376 288 2412 cius
336 2389 415 2425 quo
460 2375 559 2412 illud
611 2377 661 2413 ad
707 2378 969 2413 commodum
1015 2389 1130 2413 suum
1175 2376 1306 2413 facere
1358 2385 1522 2425 possent

205 2434 372 2471 facilius.
426 2435 540 2471 Unde
588 2434 817 2483 quicunque
870 2434 1039 2471 clericus
1090 2435 1151 2472 vel
1205 2434 1418 2484 episcopus
1461 2435 1522 2472 vel

271 2589 302 2614 4.
323 2581 368 2608 A:
391 2581 562 2608 secundum
584 2581 678 2608 deest.
794 2581 822 2609 6.
843 2582 881 2609 A:
903 2581 992 2608 vobis
1013 2581 1107 2608 deest.
1216 2580 1242 2609 8.
1264 2582 1310 2608 A:
1332 2582 1522 2609 oberrantes.

204 2624 245 2643 10.
266 2616 309 2643 A:
331 2615 491 2649 fulcerint3
521 2615 545 2643 E
566 2624 664 2643 corr.:
686 2616 760 2652 lege.
882 2624 923 2651 14.
945 2615 1014 2644 DE:
1037 2624 1165 2651 regnum
1186 2616 1350 2648 Bobemie:
1381 2616 1422 2643 ib.
1444 2616 1468 2643 D
1491 2616 1522 2643 in

203 2659 318 2685 marg:
334 2650 532 2677 Bohemia.
586 2651 621 2678 15.
638 2651 707 2678 DE:
729 2651 809 2678 enim
826 2651 921 2678 deest.
972 2650 1014 2678 16.
1030 2652 1073 2679 A:
1095 2655 1124 2678 et
1138 2659 1200 2686 per.
1252 2650 1292 2678 18.
1309 2651 1377 2679 DE:
1398 2651 1523 2678 ecclesie

202 2686 224 2712 P
234 2685 425 2720 ragensis.
490 2693 538 2713 20.
559 2684 583 2712 E
603 2685 633 2713 in
655 2693 769 2721 marg:
792 2686 875 2713 Bona
895 2686 1021 2713 ecclesie
1042 2690 1114 2713 sunt
1133 2694 1316 2721 pauperum.
1381 2693 1427 2720 24.
1448 2685 1473 2713 E
1492 2686 1522 2713 in

204 2728 318 2754 marga
341 2719 561 2748 Correlarium.
683 2720 727 2755 25,
747 2722 794 2748 20.
815 2721 860 2748 A:
881 2721 1026 2748 diferunt.
1152 2720 1199 2748 26.
1221 2720 1290 2748 DE:
1313 2720 1404 2755 regis,
1426 2720 1522 2762 regni.

203 2762 248 2790 27.
264 2756 309 2782 A:
331 2754 418 2790 parvi
438 2755 479 2782 in.
592 2754 638 2783 28.
660 2755 729 2783 DE:
753 2755 940 2790 rectoribus;
961 2755 1000 2782 ib.
1021 2755 1122 2783 ADE:
1145 2755 1426 2783 archidiaconibus.
1447 2755 1523 2782 Lor-

205 2789 279 2816 rexi.
341 2797 388 2825 29.
410 2789 453 2817 D:
474 2789 544 2817 Non
566 2794 666 2817 tamen
687 2791 763 2825 ista3
784 2790 824 2818 E:
846 2790 883 2818 Et
903 2798 990 2825 cunm
1017 2790 1058 2818 ib.
1080 2791 1122 2818 D:
1145 2794 1216 2818 sunt
1236 2791 1327 2818 bona.
1390 2789 1437 2818 36.
1454 2790 1521 2818 DE:

205 2824 335 2852 clericus
355 2824 400 2852 vel
423 2824 523 2859 deest3
550 2825 591 2852 ib.
612 2826 656 2853 A:
678 2825 735 2853 vel.

281 2919 422 2960 14-18.
442 2919 494 2952 Cf.
513 2920 642 2952 Introd.
661 2920 695 2951 in
717 2921 853 2952 Partem
873 2921 1023 2952 Primam
1041 2921 1268 2961 Sermonum,
1287 2931 1364 2964 pag.
1380 2921 1522 2952 XXVII.

1720 298 1798 334 407

1558 987 1654 1023 Kings
1676 987 1786 1014 should

1541 1027 1589 1058 try
1610 1022 1740 1061 prelates
1762 1022 1799 1057 by

1591 1062 1751 1092 scrlpturc.

1605 1805 1737 1842 Foreign

1559 1841 1714 1869 cardinals
1735 1846 1791 1870 etc.

1536 1875 1591 1902 rob
1612 1876 1662 1903 the
1683 1886 1761 1913 poor
1780 1879 1815 1906 01⁴

1597 1910 1748 1946 England.
