1986 3380
535 307 757 340 JOHANNIS
776 308 960 341 WYCLIF
979 310 1235 344 SERMONUM
1298 299 1450 357 [SERMO
1472 312 1549 341 XLI.

235 421 402 449 vocatur
439 413 638 451 nativitas.
683 415 771 452 Alia
810 415 914 452 enirn
954 425 1095 454 vocata
1135 418 1321 455 nativitas
1361 419 1400 455 in
1438 429 1551 458 utero

235 479 402 507 vocatur
445 471 627 509 intranea
672 473 892 521 produccio
936 475 1068 511 anime
1114 488 1204 512 cum
1250 489 1420 525 corpore
1463 478 1551 515 vivo

236 527 316 564 sive
346 542 513 577 persone
544 530 745 578 incepci03
770 541 807 568 et
830 533 947 580 plane
973 542 1082 581 patet
1107 534 1213 570 fideli
1237 536 1345 583 quod
1370 535 1551 573 Christus

235 599 316 622 non
363 587 532 623 asseruit
577 589 727 624 bonum
774 590 893 626 fuisse
944 591 1129 627 Scarioth
1168 605 1259 628 eum
1299 606 1379 629 non
1418 593 1549 640 fuisse,

202 646 325 680 5cum
371 653 451 681 tarn
493 645 649 683 subtilis
695 647 847 695 logicus
893 657 974 685 tam
1021 649 1225 697 signanter
1262 651 1403 687 asserit
1442 654 1550 700 quod

235 703 384 738 bonum
426 711 510 739 erat
548 703 605 740 illi
644 704 675 740 si
715 714 831 741 natus
869 719 950 743 non
989 706 1138 744 fuisset.
1185 707 1225 745 Si
1265 721 1358 757 ergo
1399 711 1549 746 bonum

234 768 317 796 erat
356 759 414 796 illi
452 773 492 797 se
531 774 612 798 non
650 762 770 799 fuisse
807 772 960 807 natum,
1000 773 1096 802 tunc
1135 774 1172 802 et
1210 766 1276 803 ille
1314 766 1472 813 fuisset3
1513 777 1550 804 et

232 817 369 854 fuisset
414 818 643 868 aliqualiter
688 820 761 857 sibi
807 823 971 859 bonum.
1013 825 1105 860 Ideo
1151 833 1305 861 certum
1344 834 1401 862 est
1441 828 1549 875 quod

232 875 334 912 sicut
366 877 499 913 Yudas
540 890 610 926 per
649 878 835 916 accidens
874 881 1024 928 profuit
1063 882 1241 926 ecclesie,
1283 883 1338 919 sic
1378 884 1548 932 profecit

179 933 425 971 10indirecte
465 944 501 971 et
540 949 610 984 per
642 936 827 974 accidens
867 938 941 975 sibi
974 938 1063 987 ipsi.
1097 942 1174 976 Sed
1207 940 1364 977 videtur
1397 954 1440 978 ex
1473 944 1548 979 hoc

232 992 436 1040 evangelio
482 995 590 1042 quod
634 1008 714 1032 non
758 995 895 1033 fuisset
941 998 1183 1046 dampnatus
1228 1008 1310 1035 tam
1351 1000 1547 1048 penaliter

230 1063 333 1099 pena
382 1063 520 1088 sensus
558 1053 619 1089 vel
658 1054 822 1102 dampni
867 1055 907 1091 in
952 1067 1046 1092 casu
1090 1070 1169 1105 quo
1216 1056 1352 1093 fuisset
1391 1059 1547 1095 occisus

228 1109 289 1145 vel
326 1118 508 1146 mortuus
538 1110 578 1146 in
607 1120 722 1148 utero
753 1113 893 1149 matris
922 1126 1003 1159 sue,
1035 1123 1072 1150 et
1103 1127 1193 1151 cum
1225 1115 1359 1152 multis
1389 1116 1547 1153 videtur

229 1166 437 1215 probabile
482 1170 590 1217 quod
634 1178 730 1206 tunc
779 1170 917 1207 fuisset
967 1173 1221 1220 dampnatus,
1266 1173 1424 1210 videtur
1468 1175 1545 1212 illis

175 1225 211 1257 15
228 1226 336 1273 quod
383 1227 504 1263 modo
550 1226 600 1263 sit
638 1228 796 1275 gravius
842 1229 898 1266 sic
937 1231 1192 1279 dampnatus.
1233 1233 1315 1268 Nec
1355 1233 1545 1270 debemus

226 1282 450 1331 intelligere
495 1286 625 1321 solum
664 1286 845 1334 negative
885 1297 1136 1336 assumptum
1179 1289 1340 1336 Christi,
1381 1293 1544 1339 quando

226 1340 322 1377 dicit
347 1343 455 1390 quod
489 1342 520 1379 si
554 1344 676 1380 homo
710 1344 776 1381 ille
809 1359 890 1382 non
922 1346 1060 1383 fuisset
1092 1356 1222 1393 natus,
1257 1357 1358 1385 esset
1392 1351 1542 1387 bonum

224 1398 293 1443 illi,
320 1399 413 1448 quia
447 1402 504 1446 (ut
528 1401 677 1438 instant
701 1403 833 1451 logici)
858 1417 901 1440 ex
932 1405 1118 1452 negativa
1150 1406 1218 1443 tali
1251 1419 1332 1443 non
1364 1408 1544 1457 sequitur

225 1458 478 1495 affirmativa.
510 1461 588 1496 Sed
618 1461 762 1497 doctor
790 1462 1035 1499 realissimus
1066 1464 1172 1512 capit
1201 1477 1282 1501 non
1314 1465 1399 1502 sine
1423 1480 1543 1504 causa

167 1515 391 1552 20subiecti
444 1518 720 1555 constanciam
773 1522 882 1568 quod
927 1522 1077 1557 bonum
1124 1532 1208 1559 erat
1252 1523 1307 1559 illi
1355 1537 1427 1572 pro
1473 1525 1541 1562 illo

224 1573 449 1611 meditullio
489 1576 683 1624 temporis
723 1590 796 1625 pro
829 1591 908 1627 quo
942 1579 1014 1615 fuit
1047 1579 1224 1617 inclusus
1264 1581 1304 1617 in
1336 1590 1469 1619 utero:
1504 1593 1541 1620 et

223 1631 408 1669 similiter
447 1634 597 1670 bonum
644 1644 728 1671 erat
766 1635 823 1671 illi
865 1649 907 1673 ex
948 1637 1020 1673 Dei
1061 1638 1196 1686 gracia
1235 1650 1539 1689 consequenter,

224 1702 313 1726 cum
340 1692 445 1727 Deus
479 1691 794 1730 misericorditer
815 1693 948 1742 ipsum
974 1697 1181 1744 dampnat.
1216 1699 1294 1734 Sed
1326 1711 1407 1735 non
1441 1712 1540 1748 eque

222 1749 386 1793 bonum,
420 1749 451 1785 si
485 1762 575 1787 cum
608 1750 692 1788 istis
726 1751 889 1800 paribus
928 1766 1008 1790 non
1041 1754 1179 1792 fuisset
1212 1764 1328 1793 natus
1359 1770 1401 1793 ex
1427 1767 1539 1795 utero

165 1807 204 1838 25
220 1807 289 1842 sed
311 1815 519 1856 tamquam
556 1818 781 1846 monstrum
815 1819 998 1848 mortuus
1032 1821 1069 1849 et
1099 1815 1148 1850 ad
1182 1823 1330 1851 statum
1365 1816 1539 1853 hominis

220 1877 303 1901 non
336 1865 550 1914 attingens.

712 1971 907 2012 SERMO
940 1973 1049 2015 XLI.

275 2063 410 2100 Ponite
452 2065 488 2100 in
532 2066 714 2102 cordibus
757 2067 896 2104 vestris
939 2081 1011 2104 non
1051 2070 1313 2119 premeditari
1353 2073 1535 2120 quemad-

218 2121 373 2157 modum
407 2124 681 2172 respondeatis.
719 2126 823 2161 Luce
855 2126 976 2172 XX10‚
1009 2140 1067 2173 14.

160 2180 202 2212 30
276 2179 436 2216 Dictum
470 2190 527 2217 est
560 2181 742 2229 superius
774 2184 984 2228 (Sermone
1016 2186 1173 2231 XXX10)
1213 2189 1420 2234 quomodo
1459 2189 1535 2226 hoc

216 2237 464 2285 evangeliun]
500 2240 617 2275 debet
650 2239 829 2288 intelligi.
876 2242 990 2278 Multi
1024 2243 1184 2292 quidem
1220 2246 1479 2282 retrahuntur
1511 2260 1534 2284 a

216 2295 364 2332 Christi
399 2295 623 2334 ministerio
658 2306 694 2334 et
727 2311 798 2335 sua
832 2312 952 2336 causa
985 2310 1151 2349 propter
1184 2302 1458 2350 ignoranciam
1495 2314 1532 2342 et

215 2353 487 2391 diffidenciam
531 2356 804 2404 responsionis
849 2358 1016 2405 provide
1061 2360 1371 2406 defendendam3
1425 2365 1531 2399 unde

212 2410 370 2448 videtur
404 2412 525 2449 michi
558 2415 666 2462 quod
689 2414 972 2463 philosophica
1006 2418 1210 2455 sentencia
1243 2427 1280 2454 et
1304 2419 1530 2467 disputacio

158 2469 197 2502 35
213 2469 433 2518 sophistica
456 2470 686 2508 introducta
710 2475 778 2509 sed
802 2474 973 2511 maxime
996 2476 1055 2511 lex
1069 2476 1306 2513 Antichristi
1330 2477 1530 2516 diffiniens

213 2529 418 2576 quomodo
452 2529 681 2579 quicunque
714 2531 789 2567 sibi
822 2533 1037 2570 adversans
1070 2534 1197 2571 eciarn
1228 2534 1377 2572 Christi
1413 2536 1529 2574 disci-

284 2660 304 2679 r.
325 2651 350 2679 E
369 2651 399 2679 in
421 2660 535 2687 marg:
556 2652 708 2681 Nativitas
730 2654 852 2690 duplex.
897 2665 937 2693 ⁴4.
954 2656 1022 2685 DE:
1044 2659 1170 2692 asserit;
1191 2658 1231 2686 ib.
1247 2658 1320 2686 AD:
1343 2668 1411 2687 cum
1433 2660 1527 2688 deest.

214 2686 240 2712 6.
263 2687 308 2713 A:
338 2686 382 2713 sic
412 2695 471 2714 non
501 2687 598 2715 fuisse
629 2693 745 2716 natum.
889 2695 917 2720 t).
939 2699 965 2726 7.
993 2693 1037 2720 A:
1069 2693 1101 2722 Si
1132 2702 1204 2728 erg-,⁷0
1232 2709 1267 2712 —
1296 2698 1401 2721 natum
1431 2695 1526 2723 deest.

212 2730 253 2754 14,
277 2722 313 2749 15.
336 2722 379 2748 A:
401 2721 523 2749 videtur
541 2738 574 2741 —
594 2723 782 2758 dampnatus
802 2725 896 2752 deest.
977 2727 1014 2755 15.
1035 2727 1075 2755 E:
1098 2729 1142 2756 sic
1162 2729 1256 2756 deest.
1331 2728 1373 2759 16.
1397 2738 1435 2765 17.
1457 2730 1526 2758 DE:

211 2756 325 2783 Christi
346 2757 427 2791 quod
450 2757 478 2793 ly
499 2757 610 2787 homo:
636 2758 665 2793 ly
687 2759 813 2787 verbum
835 2761 1036 2789 ssohemicum
1060 2774 1089 2788 Ξ
1111 2763 1146 2790 si.
1178 2763 1202 2790 E
1233 2763 1270 2790 ad
1300 2772 1407 2791 vocem
1438 2765 1467 2799 ly
1496 2766 1525 2793 in

211 2799 324 2825 marg:
347 2791 381 2817 si.
482 2791 524 2818 23.
547 2792 614 2828 DE:
645 2793 704 2821 Sed
726 2802 795 2821 cum
817 2804 902 2829 eque.
1010 2796 1055 2824 28.
1077 2798 1103 2825 Α
1126 2798 1154 2825 in
1178 2807 1291 2833 marga
1313 2798 1422 2825 Sermo
1442 2799 1526 2834 xl‚1;

212 2825 236 2852 Ι)
257 2826 286 2852 in
311 2834 425 2859 marga
447 2826 530 2858 Xl.1;
552 2827 575 2853 E
595 2828 625 2854 in
648 2837 761 2863 marg:
784 2829 826 2856 lje
848 2831 1046 2866 martyribus.
1138 2840 1184 2867 29.
1207 2834 1250 2860 A:
1274 2833 1352 2860 Luce
1373 2833 1525 2862 xxxmo.

211 2859 257 2887 30.
281 2860 348 2887 DE:
371 2861 485 2888 XXX10
505 2861 598 2889 deest.
672 2862 711 2890 31.
733 2864 806 2891 Ab:
830 2866 997 2893 retrahunt.
1070 2866 1113 2894 33.
1136 2869 1179 2895 A:
1202 2868 1403 2895 defendenda.

280 2932 333 2967 28.
360 2933 411 2965 Cf.
431 2933 591 2976 Wyclif's
618 2936 799 2978 sermons,
825 2937 879 2969 ed.
906 2938 951 2980 by
977 2939 1125 2979 Arnold,
1153 2940 1176 2980 1,
1203 2951 1280 2983 pag.
1302 2950 1378 2984 209.

1761 309 1838 355 293

1568 545 1672 573 Christ
1693 547 1767 574 does
1789 554 1840 576 not

1594 588 1646 616 say
1666 581 1689 608 it
1709 584 1811 610 would

1567 615 1641 643 have
1657 616 1729 644 been
1747 618 1841 645 better

1566 649 1613 677 for
1636 651 1765 679 Iscariot
1788 658 1841 680 not

1566 688 1595 711 10
1617 685 1693 713 have
1712 687 1839 715 existed.

1624 2348 1691 2376 Evil
1713 2350 1748 2376 ot*

1594 2384 1774 2418 sophistica]

1575 2417 1793 2453 disputations.
