1986 3380
136 321 216 356 214

151 432 300 460 Absolute
323 432 388 458 love

216 467 273 493 due
295 466 322 492 in

154 501 335 536 proportioni
358 506 387 527 to

187 536 352 570 goodness.

167 1068 377 1103 Appropriate

217 1104 283 1130 love
304 1102 333 1129 in

159 1138 340 1173 proporllon
363 1142 393 1164 10

173 1172 328 1207 goodness
349 1172 376 1199 in

153 1207 279 1234 relation
301 1212 330 1233 lo
354 1207 401 1233 ilie

233 1242 325 1269 lover.

174 1824 198 1850 A
222 1830 290 1850 man
314 1830 383 1858 may

185 1859 251 1884 love
271 1858 374 1884 others

191 1901 277 1920 more
297 1892 368 1918 than

215 1927 346 1954 himself.

719 316 941 348 JOHANle
963 315 1144 347 wvcrir
1165 313 1424 346 sennonem
1457 299 1610 357 [smnio
1628 310 1736 338 xxix.

425 423 548 472 magis
587 425 737 459 bonum
778 435 896 470 quam
940 434 1001 457 me
1042 422 1184 469 ipsum,
1219 420 1274 456 sic
1317 421 1443 456 debeo
1483 419 1612 467 ipsum
1648 432 1739 467 pro-

423 481 710 531 porcionaliter
757 480 881 527 magis
927 479 1102 526 diligere.
1158 480 1204 514 Et
1250 477 1304 514 sic
1351 478 1575 513 concedunt
1622 477 1738 524 logici

424 541 530 589 quod
566 541 691 575 debeo
725 547 879 574 tantum
916 540 1041 574 Deum
1077 537 1239 583 diligere
1279 545 1473 584 quantum
1508 535 1591 583 ipse
1625 536 1740 571 debet

425 611 464 635 se
498 598 626 646 ipsum
662 596 838 643 diligere,
878 609 958 631 non
992 604 1125 631 tamen
1166 595 1298 642 quoad
1339 602 1471 629 actum
1506 595 1572 629 sed
1607 594 1740 641 quoad

426 658 574 692 bonum
599 655 780 690 volitum.
813 654 858 689 Et
882 653 936 689 sic
961 654 1161 701 loquendo
1186 653 1233 688 de
1257 651 1476 687 dileccione
1506 650 1741 699 simpliciter

427 713 647 762 quamlibet
695 721 918 748 creaturam
967 712 1092 746 debeo
1137 709 1300 757 diligere
1346 718 1387 745 ut
1431 718 1489 745 est
1537 710 1653 752 bona,
1701 717 1740 744 ut

426 774 587 808 beatum
627 770 666 806 in
705 770 833 818 patria
874 770 962 817 plus
1004 781 1065 804 me
1106 768 1204 816 ipso,
1240 767 1332 815 quia
1371 767 1454 803 scio
1495 767 1601 815 quod
1636 768 1741 802 Deus

427 830 514 878 plus
560 828 689 877 ipsum
737 827 884 875 diligit3
932 836 967 863 et
1001 826 1102 863 Sicut
1141 838 1213 861 oro
1247 827 1394 861 Deum:
1439 823 1528 860 Fiat
1568 825 1744 860 voluntas

426 895 504 933 tua,
546 886 600 922 sic
640 887 766 922 debeo
806 893 994 933 appetere
1035 893 1071 920 et
1105 883 1268 931 diligere
1308 884 1414 931 quod
1453 883 1637 919 voluntas
1670 882 1741 918 Dei

426 944 663 993 simpliciter
708 944 935 991 impleatur.
983 944 1030 978 Et
1075 942 1148 978 ista
1195 941 1470 978 consideracio
1515 940 1608 977 facit
1652 952 1743 977 vere

427 1003 609 1040 humiles

486 1062 562 1098 Sed
585 1068 641 1096 est
664 1059 740 1096 alia
766 1058 874 1095 racio
891 1057 1121 1094 dileccionis
1138 1057 1300 1106 proprie
1321 1058 1539 1093 secundum
1562 1056 1742 1092 ordinem

429 1132 508 1168 quo
560 1126 766 1163 causatum
823 1117 928 1152 unde
983 1116 1075 1164 quia
1127 1115 1302 1163 quelibet
1355 1114 1528 1151 hominis
1577 1114 1744 1150 dileccio

429 1176 652 1224 originatur
692 1184 727 1211 et
768 1183 955 1211 causatur
997 1173 1272 1222 multipliciter
1312 1174 1360 1209 ab
1395 1174 1535 1209 eodem
1570 1185 1689 1220 quam
1724 1185 1745 1208 a

430 1244 612 1271 creatura
646 1233 737 1279 alia,
763 1233 852 1269 ideo
876 1233 1094 1268 secundum
1126 1231 1235 1268 illam
1260 1231 1463 1267 racionem
1487 1229 1746 1278 proprietatis

431 1294 547 1329 debet
592 1293 713 1328 homo
759 1303 799 1327 se
845 1291 975 1338 ipsum
1023 1289 1148 1337 magis
1188 1289 1364 1337 diligere,
1407 1288 1497 1325 licet
1542 1288 1582 1324 in
1620 1287 1745 1336 priori

429 1363 572 1398 genere
618 1349 807 1397 diligendi
848 1349 935 1397 plus
982 1348 1119 1395 diligat
1168 1347 1292 1395 magis
1332 1348 1449 1383 bona.
1497 1347 1574 1382 Sed
1613 1347 1746 1395 quoad

430 1411 557 1445 Deum
599 1408 682 1456 ipse
721 1407 830 1455 prius
869 1406 1029 1443 ordinat
1069 1405 1330 1442 dileccionem
1375 1405 1484 1441 illam
1520 1417 1639 1453 quam
1675 1416 1746 1452 ego

431 1467 527 1516 ipse,
562 1468 627 1503 sed
663 1478 743 1502 non
776 1465 831 1502 sic
865 1464 943 1501 alia
977 1473 1174 1509 creatura,
1208 1473 1245 1500 et
1279 1463 1332 1499 ita
1367 1464 1492 1499 debeo
1526 1461 1747 1511 quamlibet

431 1533 657 1562 creaturam
674 1523 838 1571 diligere
866 1524 1086 1559 secundum
1104 1521 1305 1571 duplicem
1329 1521 1548 1567 racionem,
1563 1520 1747 1557 videlicet

431 1584 650 1620 secundum
669 1582 873 1618 racionem
891 1593 968 1629 qua
994 1590 1051 1618 est
1067 1582 1172 1617 bona
1197 1579 1433 1628 simpliciter
1450 1579 1511 1615 vel
1526 1580 1744 1615 secundum

432 1641 635 1678 racionem
678 1653 756 1688 qua
796 1648 852 1676 est
893 1638 990 1675 mihi
1030 1640 1136 1675 bona
1168 1639 1228 1674 vel
1273 1637 1618 1686 perfeccionaliter
1653 1636 1748 1672 mihi

432 1700 608 1748 prodest.
628 1700 676 1734 Et
699 1698 739 1734 in
763 1697 837 1734 ista
856 1696 1018 1733 racione
1042 1697 1175 1745 quoad
1200 1708 1261 1732 me
1284 1695 1415 1743 ipsum
1440 1696 1586 1731 excedo
1610 1707 1749 1743 quam-

434 1757 530 1794 libet
562 1756 682 1793 aliam
718 1764 958 1792 creaturam.

492 1816 566 1851 Per
598 1815 674 1850 hoc
713 1815 763 1851 ad
803 1813 976 1862 primum
1019 1820 1297 1860 argumentum
1333 1811 1478 1847 dicitur
1510 1812 1618 1859 quod
1651 1811 1750 1847 bene

434 1872 688 1910 concluditur
738 1871 943 1908 hominem
991 1883 1072 1907 non
1124 1871 1267 1906 debere
1310 1869 1442 1917 primo
1487 1878 1577 1917 post
1622 1870 1748 1905 Deum

434 1929 653 1967 dileccione
693 1929 930 1978 simpliciter
968 1941 1007 1965 se
1046 1928 1176 1976 ipsum
1217 1927 1400 1975 diligere;
1435 1935 1471 1963 et
1510 1926 1586 1963 isto
1628 1927 1750 1963 modo

434 1987 663 2036 intelligunt
693 1987 856 2036 quidam
882 1989 1046 2034 Moysen
1075 1987 1162 2034 plus
1194 1985 1375 2022 dilexisse
1405 1985 1598 2033 populum
1629 1997 1750 2032 quam

433 2059 474 2082 se
506 2045 657 2094 ipsum:
692 2045 869 2091 Domine,
893 2044 1035 2093 inquit,
1061 2051 1126 2080 aut
1150 2043 1296 2079 dimitte
1318 2043 1463 2093 populo
1492 2043 1578 2079 huic
1607 2054 1750 2079 noxam

435 2105 533 2140 hanc
564 2111 630 2140 aut
654 2104 737 2140 dele
769 2116 827 2139 me
860 2103 905 2139 de
928 2103 1027 2139 libro
1060 2102 1270 2138 vivencium
1304 2101 1434 2150 inquo
1468 2113 1527 2137 me
1549 2100 1749 2150 scripsisti.

434 2164 482 2198 Et
515 2161 570 2198 sic
603 2170 734 2210 potest
767 2161 844 2197 dici
869 2162 976 2209 quod
1009 2169 1178 2209 utraque
1211 2159 1377 2196 istarum
1411 2158 1677 2195 dileccionum
1712 2157 1752 2194 in

434 2220 598 2256 homine
637 2220 885 2268 exemplatur
925 2232 947 2256 a
980 2218 1201 2255 dileccione
1235 2217 1320 2263 Dei,
1359 2216 1490 2265 prima
1528 2215 1752 2265 generalius

436 2286 472 2315 et
506 2279 682 2314 secunda
714 2277 947 2326 specialius3
982 2289 1071 2313 cum
1096 2278 1201 2313 Deus
1235 2288 1274 2312 se
1309 2275 1440 2324 ipsum
1469 2274 1601 2323 primo
1625 2273 1753 2322 diligit

437 2345 473 2373 et
507 2335 668 2372 ordinat
702 2337 810 2384 quod
844 2336 1019 2372 humana
1053 2334 1222 2371 dileccio
1262 2334 1481 2370 secundum
1516 2333 1637 2369 talem
1672 2331 1753 2380 pri-

438 2393 625 2430 oritatem
668 2393 821 2430 ordinis
861 2393 911 2430 sit
944 2401 1120 2430 causata.
1154 2391 1326 2429 Facilius
1358 2399 1491 2428 autem
1525 2390 1626 2427 foret
1658 2389 1752 2426 sirn-

439 2451 596 2500 pliciter
635 2453 857 2488 concedere
897 2452 1004 2499 quod
1050 2451 1171 2487 homo
1213 2451 1329 2486 debet
1368 2447 1578 2497 diligibilia
1617 2459 1753 2485 amare

508 2572 533 2607 3,
554 2582 583 2608 4.
605 2574 649 2601 A:
671 2578 820 2609 quantum
841 2589 874 2592 —
894 2573 1020 2609 diligere
1041 2572 1135 2600 deest.
1208 2581 1238 2611 4.
1261 2571 1283 2598 E
1304 2571 1333 2598 in
1355 2579 1469 2610 marg3:
1491 2569 1590 2603 Nota;
1621 2570 1661 2598 ib.
1682 2569 1751 2598 DE:

438 2617 498 2637 non
519 2613 650 2636 tantum.
732 2608 757 2636 5.
778 2609 823 2636 A:
845 2608 974 2635 volitum
996 2607 1097 2640 deest;
1118 2607 1158 2634 ib.
1176 2607 1200 2634 Ι)
1216 2614 1246 2634 ιη
1262 2614 1376 2641 marga
1397 2605 1530 2645 Diligere
1551 2605 1640 2632 debet
1659 2605 1753 2632 homo

439 2645 508 2680 plns
529 2643 651 2671 beatum
674 2651 766 2678 qnam
788 2652 819 2670 se
841 2642 847 2670 i
875 2651 954 2679 sum„
1101 2649 1138 2669 12.
1160 2643 1186 2669 A
1209 2641 1238 2669 in
1261 2649 1376 2668 maru:
1397 2647 1429 2671 2:
1450 2639 1474 2667 1⁴„
1494 2639 1522 2667 in
1546 2648 1660 2675 marg.:
1682 2639 1752 2667 Alia

440 2679 522 2706 racio
543 2677 733 2706 dileccionis.
838 2686 844 2704 1
871 2699 877 2705 .
900 2677 968 2704 DE:
990 2676 1132 2711 originat.
1234 2683 1280 2704 20.
1302 2675 1326 2703 Ι)
1342 2675 1371 2702 ⁸:
1393 2674 1516 2702 scilicet.
1616 2682 1654 2702 21.
1675 2675 1703 2702 A
1723 2674 1753 2702 in

440 2722 554 2748 marg:
584 2711 665 2740 Nota
693 2711 846 2747 duplicem
877 2711 1030 2739 racionem
1058 2710 1223 2746 diligendi;
1253 2710 1276 2737 E
1296 2710 1325 2737 in
1348 2718 1460 2744 marga
1491 2709 1571 2736 Nota
1599 2709 1753 2737 racionem

440 2747 587 2783 diligendi
609 2751 792 2774 creaturam.
886 2746 928 2774 25.
951 2746 1035 2773 ΑΗΕ
1055 2746 1084 2773 in
1108 2754 1220 2773 maru:
1241 2745 1290 2773 Ad
1321 2745 1459 2772 irimnm.
1543 2743 1588 2771 30.
1609 2745 1654 2771 A:
1676 2744 1755 2771 libro

442 2783 510 2810 vite.
603 2780 642 2809 31.
666 2781 690 2808 Ι)
713 2781 740 2808 in
764 2789 882 2819 marg:-
900 2781 1003 2808 Homo
1024 2780 1149 2815 diligere
1192 2780 1259 2807 ebet
1279 2753 1430 2817 infinitum
1455 2778 1523 2814 plus
1543 2778 1640 2805 Deum
1662 2786 1753 2813 qnam

441 2827 471 2844 se
493 2817 607 2878 ipsun&
673 2815 715 2844 32.
740 2816 780 2842 Ii:
804 2815 832 2843 in
854 2815 1032 2842 dileccione.
1098 2814 1145 2849 34,
1161 2814 1203 2842 35.
1227 2813 1294 2841 nE:
1317 2817 1547 2849 proprietatem.
1612 2811 1655 2841 35.
1676 2813 1704 2840 A
1724 2812 1753 2839 in

442 2859 556 2886 marg.:
609 2854 668 2878 ota.

509 2943 563 2977 ²9·
589 2933 698 2965 Exodi
725 2932 868 2973 ΧΧΧΙΙ,
898 2932 951 2965 3ῐ.

1759 653 1775 685 5

1763 953 1801 974 10

1767 1232 1802 1263 15

1765 1532 1806 1554 20

1767 1813 1806 1845 25

1769 2102 1809 2134 30

1771 2392 1809 2424 35
