<?xml version="1.0" encoding="UTF-8"?>
<!DOCTYPE html PUBLIC "-//W3C//DTD XHTML 1.0 Transitional//EN"
    "http://www.w3.org/TR/xhtml1/DTD/xhtml1-transitional.dtd">
<html xmlns="http://www.w3.org/1999/xhtml" xml:lang="en" lang="en">
 <head>
  <title>
</title>
<meta http-equiv="Content-Type" content="text/html;charset=utf-8" />
  <meta name='ocr-system' content='tesseract 3.04.00' />
  <meta name='ocr-capabilities' content='ocr_page ocr_carea ocr_par ocr_line ocrx_word'/>
</head>
<body>
  <div class='ocr_page' id='page_1' title='image "./iohanniswyclifse0702wycl_0388.png"; bbox 0 0 1986 3380; ppageno 0'>
   <div class='ocr_carea' id='block_1_1' title="bbox 204 313 281 349">
    <p class='ocr_par' dir='ltr' id='par_1_1' title="bbox 204 313 281 349">
     <span class='ocr_line' id='line_1_1' title="bbox 204 313 281 349; baseline -0.013 0"><span class='ocrx_word' id='word_1_1' title='bbox 204 313 281 349; x_wconf 84' lang='lat'>358</span> 
     </span>
    </p>
   </div>
   <div class='ocr_carea' id='block_1_2' title="bbox 202 492 467 557">
    <p class='ocr_par' dir='ltr' id='par_1_2' title="bbox 202 492 467 557">
     <span class='ocr_line' id='line_1_2' title="bbox 203 492 465 533; baseline -0.011 -12"><span class='ocrx_word' id='word_1_2' title='bbox 203 493 306 533; x_wconf 31' lang='lat' dir='ltr'>*Great</span> <span class='ocrx_word' id='word_1_3' title='bbox 328 492 465 531; x_wconf 76' lang='lat' dir='ltr'>kitchens</span> 
     </span>
     <span class='ocr_line' id='line_1_3' title="bbox 202 533 467 557; baseline -0.015 0"><span class='ocrx_word' id='word_1_4' title='bbox 202 537 231 557; x_wconf 79' lang='lat' dir='ltr'>in</span> <span class='ocrx_word' id='word_1_5' title='bbox 254 533 467 556; x_wconf 64' lang='lat' dir='ltr'>11]‹)1laste1‘1e5.</span> 
     </span>
    </p>
   </div>
   <div class='ocr_carea' id='block_1_3' title="bbox 203 844 478 980">
    <p class='ocr_par' dir='ltr' id='par_1_3' title="bbox 203 844 478 882">
     <span class='ocr_line' id='line_1_4' title="bbox 203 844 478 882; baseline 0.004 -10"><span class='ocrx_word' id='word_1_6' title='bbox 203 844 271 873; x_wconf 88' lang='lat' dir='ltr'>The</span> <span class='ocrx_word' id='word_1_7' title='bbox 292 847 373 882; x_wconf 80' lang='lat' dir='ltr'>I&#39;ope</span> <span class='ocrx_word' id='word_1_8' title='bbox 398 847 478 875; x_wconf 79' lang='lat' dir='ltr'>rules</span> 
     </span>
    </p>

    <p class='ocr_par' dir='ltr' id='par_1_4' title="bbox 219 882 466 910">
     <span class='ocr_line' id='line_1_5' title="bbox 219 882 466 910; baseline 0.004 -2"><span class='ocrx_word' id='word_1_9' title='bbox 219 882 268 909; x_wconf 86' lang='lat' dir='ltr'>the</span> <span class='ocrx_word' id='word_1_10' title='bbox 289 882 412 910; x_wconf 81' lang='lat' dir='ltr'>Chul-ch</span> <span class='ocrx_word' id='word_1_11' title='bbox 434 890 466 909; x_wconf 87' lang='lat' dir='ltr'>as</span> 
     </span>
    </p>

    <p class='ocr_par' dir='ltr' id='par_1_5' title="bbox 220 917 467 980">
     <span class='ocr_line' id='line_1_6' title="bbox 220 917 467 945; baseline -0.004 0"><span class='ocrx_word' id='word_1_12' title='bbox 220 917 244 945; x_wconf 74' lang='lat' dir='ltr'>is</span> <span class='ocrx_word' id='word_1_13' title='bbox 262 917 367 945; x_wconf 82' lang='lat' dir='ltr'>Christ</span> <span class='ocrx_word' id='word_1_14' title='bbox 386 925 467 945; x_wconf 82' lang='lat' dir='ltr'>were</span> 
     </span>
     <span class='ocr_line' id='line_1_7' title="bbox 283 952 399 980; baseline 0 0"><span class='ocrx_word' id='word_1_15' title='bbox 283 952 399 980; x_wconf 79' lang='lat' dir='ltr'>absent.</span> 
     </span>
    </p>
   </div>
   <div class='ocr_carea' id='block_1_4' title="bbox 217 2015 479 2123">
    <p class='ocr_par' dir='ltr' id='par_1_6' title="bbox 217 2015 479 2123">
     <span class='ocr_line' id='line_1_8' title="bbox 285 2015 419 2044; baseline -0.015 0"><span class='ocrx_word' id='word_1_16' title='bbox 285 2015 419 2044; x_wconf 81' lang='lat' dir='ltr'>Christ&#39;s</span> 
     </span>
     <span class='ocr_line' id='line_1_9' title="bbox 217 2050 479 2079; baseline -0.008 0"><span class='ocrx_word' id='word_1_17' title='bbox 217 2051 348 2079; x_wconf 86' lang='lat' dir='ltr'>soldiers</span> <span class='ocrx_word' id='word_1_18' title='bbox 369 2050 479 2078; x_wconf 80' lang='lat' dir='ltr'><strong>should</strong></span> 
     </span>
     <span class='ocr_line' id='line_1_10' title="bbox 242 2086 455 2123; baseline -0.009 -9"><span class='ocrx_word' id='word_1_19' title='bbox 242 2095 360 2123; x_wconf 83' lang='lat' dir='ltr'>oppose</span> <span class='ocrx_word' id='word_1_20' title='bbox 381 2086 455 2113; x_wconf 87' lang='lat' dir='ltr'>him.</span> 
     </span>
    </p>
   </div>
   <div class='ocr_carea' id='block_1_5' title="bbox 786 300 1797 357">
    <p class='ocr_par' dir='ltr' id='par_1_7' title="bbox 786 300 1797 357">
     <span class='ocr_line' id='line_1_11' title="bbox 786 300 1797 357; baseline -0.007 -8"><span class='ocrx_word' id='word_1_21' title='bbox 786 316 1011 350; x_wconf 83' lang='lat' dir='ltr'><strong>JOHANNIS</strong></span> <span class='ocrx_word' id='word_1_22' title='bbox 1034 315 1213 347; x_wconf 66' lang='lat' dir='ltr'>xvvccir</span> <span class='ocrx_word' id='word_1_23' title='bbox 1233 314 1491 347; x_wconf 78' lang='lat' dir='ltr'>SERMONUM</span> <span class='ocrx_word' id='word_1_24' title='bbox 1518 300 1670 357; x_wconf 75' lang='lat' dir='ltr'>[SERMO</span> <span class='ocrx_word' id='word_1_25' title='bbox 1693 310 1797 338; x_wconf 72' lang='lat' dir='ltr'>xm.</span> 
     </span>
    </p>
   </div>
   <div class='ocr_carea' id='block_1_6' title="bbox 490 419 1915 2513">
    <p class='ocr_par' dir='ltr' id='par_1_8' title="bbox 490 419 1915 2513">
     <span class='ocr_line' id='line_1_12' title="bbox 490 419 1801 468; baseline -0.005 -6"><span class='ocrx_word' id='word_1_26' title='bbox 490 439 604 462; x_wconf 73' lang='lat' dir='ltr'>suuni</span> <span class='ocrx_word' id='word_1_27' title='bbox 639 438 685 462; x_wconf 89' lang='lat' dir='ltr'>ac</span> <span class='ocrx_word' id='word_1_28' title='bbox 726 425 1000 461; x_wconf 66' lang='lat' dir='ltr'>[nenibroruni</span> <span class='ocrx_word' id='word_1_29' title='bbox 1040 435 1204 458; x_wconf 77' lang='lat' dir='ltr'>suoruni</span> <span class='ocrx_word' id='word_1_30' title='bbox 1245 430 1326 458; x_wconf 67' lang='lat' dir='ltr'>tani</span> <span class='ocrx_word' id='word_1_31' title='bbox 1367 421 1502 457; x_wconf 90' lang='lat' dir='ltr'>sedule</span> <span class='ocrx_word' id='word_1_32' title='bbox 1541 419 1727 468; x_wconf 70' lang='lat' dir='ltr'>coqtutur</span> <span class='ocrx_word' id='word_1_33' title='bbox 1765 428 1801 456; x_wconf 90' lang='lat' dir='ltr'>et</span> 
     </span>
     <span class='ocr_line' id='line_1_13' title="bbox 490 477 1802 534; baseline -0.006 -13"><span class='ocrx_word' id='word_1_34' title='bbox 490 484 678 534; x_wconf 70' lang='lat' dir='ltr'>paratur?</span> <span class='ocrx_word' id='word_1_35' title='bbox 719 485 759 519; x_wconf 93' lang='lat' dir='ltr'>In</span> <span class='ocrx_word' id='word_1_36' title='bbox 793 482 903 518; x_wconf 90' lang='lat' dir='ltr'>cuius</span> <span class='ocrx_word' id='word_1_37' title='bbox 937 480 1093 529; x_wconf 80' lang='lat' dir='ltr'>signum</span> <span class='ocrx_word' id='word_1_38' title='bbox 1129 479 1275 515; x_wconf 89' lang='lat' dir='ltr'>dicitur</span> <span class='ocrx_word' id='word_1_39' title='bbox 1309 480 1456 515; x_wconf 86' lang='lat' dir='ltr'>multas</span> <span class='ocrx_word' id='word_1_40' title='bbox 1496 478 1684 515; x_wconf 81' lang='lat' dir='ltr'>abbacias</span> <span class='ocrx_word' id='word_1_41' title='bbox 1722 477 1802 514; x_wconf 88' lang='lat' dir='ltr'>edi-</span> 
     </span>
     <span class='ocr_line' id='line_1_14' title="bbox 492 536 1804 588; baseline -0.007 -8"><span class='ocrx_word' id='word_1_42' title='bbox 492 543 612 580; x_wconf 83' lang='lat' dir='ltr'>ficare</span> <span class='ocrx_word' id='word_1_43' title='bbox 649 541 722 577; x_wconf 88' lang='lat' dir='ltr'>sibi</span> <span class='ocrx_word' id='word_1_44' title='bbox 769 539 962 588; x_wconf 74' lang='lat' dir='ltr'>coquinas</span> <span class='ocrx_word' id='word_1_45' title='bbox 1002 539 1101 575; x_wconf 89' lang='lat' dir='ltr'>latas</span> <span class='ocrx_word' id='word_1_46' title='bbox 1142 547 1178 574; x_wconf 88' lang='lat' dir='ltr'>et</span> <span class='ocrx_word' id='word_1_47' title='bbox 1217 546 1473 586; x_wconf 87' lang='lat' dir='ltr'>sumptuosas</span> <span class='ocrx_word' id='word_1_48' title='bbox 1513 536 1637 573; x_wconf 88' lang='lat' dir='ltr'>eciam</span> <span class='ocrx_word' id='word_1_49' title='bbox 1684 548 1804 584; x_wconf 88' lang='lat' dir='ltr'>supra</span> 
     </span>
     <span class='ocr_line' id='line_1_15' title="bbox 492 592 1802 649; baseline -0.007 -11"><span class='ocrx_word' id='word_1_50' title='bbox 492 613 615 649; x_wconf 83' lang='lat' dir='ltr'>reges.</span> <span class='ocrx_word' id='word_1_51' title='bbox 650 600 697 636; x_wconf 85' lang='lat' dir='ltr'>Et</span> <span class='ocrx_word' id='word_1_52' title='bbox 722 600 769 635; x_wconf 87' lang='lat' dir='ltr'>ad</span> <span class='ocrx_word' id='word_1_53' title='bbox 806 597 1060 645; x_wconf 78' lang='lat' dir='ltr'>figurandum</span> <span class='ocrx_word' id='word_1_54' title='bbox 1095 604 1338 644; x_wconf 80' lang='lat' dir='ltr'>conquestus</span> <span class='ocrx_word' id='word_1_55' title='bbox 1362 608 1455 631; x_wconf 85' lang='lat' dir='ltr'>suos</span> <span class='ocrx_word' id='word_1_56' title='bbox 1479 603 1599 643; x_wconf 86' lang='lat' dir='ltr'>atque</span> <span class='ocrx_word' id='word_1_57' title='bbox 1623 592 1802 630; x_wconf 85' lang='lat' dir='ltr'>dominia</span> 
     </span>
     <span class='ocr_line' id='line_1_16' title="bbox 493 651 1838 708; baseline -0.006 -13"><span class='ocrx_word' id='word_1_58' title='bbox 493 671 613 708; x_wconf 89' lang='lat' dir='ltr'>supra</span> <span class='ocrx_word' id='word_1_59' title='bbox 647 656 832 694; x_wconf 83' lang='lat' dir='ltr'>dominos</span> <span class='ocrx_word' id='word_1_60' title='bbox 865 655 1066 692; x_wconf 89' lang='lat' dir='ltr'>seculares</span> <span class='ocrx_word' id='word_1_61' title='bbox 1100 655 1224 690; x_wconf 88' lang='lat' dir='ltr'>multe</span> <span class='ocrx_word' id='word_1_62' title='bbox 1257 653 1423 690; x_wconf 82' lang='lat' dir='ltr'>abbacie</span> <span class='ocrx_word' id='word_1_63' title='bbox 1457 652 1705 689; x_wconf 90' lang='lat' dir='ltr'>constituunt</span> <span class='ocrx_word' id='word_1_64' title='bbox 1730 651 1838 687; x_wconf 80' lang='lat' dir='ltr'>sibi5</span> 
     </span>
     <span class='ocr_line' id='line_1_17' title="bbox 494 711 1804 766; baseline -0.005 -13"><span class='ocrx_word' id='word_1_65' title='bbox 494 726 631 766; x_wconf 64' lang='lat' dir='ltr'>pomas</span> <span class='ocrx_word' id='word_1_66' title='bbox 663 723 921 762; x_wconf 57' lang='lat' dir='ltr'>sunqnuosas</span> <span class='ocrx_word' id='word_1_67' title='bbox 954 725 1044 750; x_wconf 74' lang='lat' dir='ltr'>cuni</span> <span class='ocrx_word' id='word_1_68' title='bbox 1079 711 1393 761; x_wconf 70' lang='lat' dir='ltr'>propugnacufis</span> <span class='ocrx_word' id='word_1_69' title='bbox 1427 718 1804 759; x_wconf 65' lang='lat' dir='ltr'>uunquanicasua,</span> 
     </span>
     <span class='ocr_line' id='line_1_18' title="bbox 495 767 1805 818; baseline -0.006 -7"><span class='ocrx_word' id='word_1_70' title='bbox 495 785 531 812; x_wconf 90' lang='lat' dir='ltr'>et</span> <span class='ocrx_word' id='word_1_71' title='bbox 571 774 609 811; x_wconf 90' lang='lat' dir='ltr'>in</span> <span class='ocrx_word' id='word_1_72' title='bbox 649 772 835 810; x_wconf 91' lang='lat' dir='ltr'>omnibus</span> <span class='ocrx_word' id='word_1_73' title='bbox 880 771 964 808; x_wconf 87' lang='lat' dir='ltr'>istis</span> <span class='ocrx_word' id='word_1_74' title='bbox 1006 770 1148 807; x_wconf 80' lang='lat' dir='ltr'>misere</span> <span class='ocrx_word' id='word_1_75' title='bbox 1189 769 1385 818; x_wconf 87' lang='lat' dir='ltr'>spoliatur</span> <span class='ocrx_word' id='word_1_76' title='bbox 1424 769 1591 817; x_wconf 83' lang='lat' dir='ltr'><strong>simplex</strong></span> <span class='ocrx_word' id='word_1_77' title='bbox 1625 767 1805 804; x_wconf 91' lang='lat' dir='ltr'>ecclesia.</span> 
     </span>
     <span class='ocr_line' id='line_1_19' title="bbox 553 826 1807 880; baseline -0.006 -11"><span class='ocrx_word' id='word_1_78' title='bbox 553 834 628 870; x_wconf 83' lang='lat' dir='ltr'>Sed</span> <span class='ocrx_word' id='word_1_79' title='bbox 654 840 786 880; x_wconf 90' lang='lat' dir='ltr'>preter</span> <span class='ocrx_word' id='word_1_80' title='bbox 810 830 907 866; x_wconf 89' lang='lat' dir='ltr'>istos</span> <span class='ocrx_word' id='word_1_81' title='bbox 922 828 1129 878; x_wconf 81' lang='lat' dir='ltr'>phariseos</span> <span class='ocrx_word' id='word_1_82' title='bbox 1145 828 1464 877; x_wconf 84' lang='lat' dir='ltr'>possessionatos</span> <span class='ocrx_word' id='word_1_83' title='bbox 1480 836 1516 863; x_wconf 91' lang='lat' dir='ltr'>et</span> <span class='ocrx_word' id='word_1_84' title='bbox 1533 826 1807 863; x_wconf 84' lang='lat' dir='ltr'>mendicantes</span> 
     </span>
     <span class='ocr_line' id='line_1_20' title="bbox 494 886 1808 939; baseline -0.007 -11"><span class='ocrx_word' id='word_1_85' title='bbox 494 890 699 939; x_wconf 74' lang='lat' dir='ltr'>illegitime</span> <span class='ocrx_word' id='word_1_86' title='bbox 732 889 983 925; x_wconf 88' lang='lat' dir='ltr'>introductos</span> <span class='ocrx_word' id='word_1_87' title='bbox 1017 896 1074 923; x_wconf 88' lang='lat' dir='ltr'>est</span> <span class='ocrx_word' id='word_1_88' title='bbox 1098 888 1192 923; x_wconf 88' lang='lat' dir='ltr'>dare</span> <span class='ocrx_word' id='word_1_89' title='bbox 1226 898 1358 934; x_wconf 80' lang='lat' dir='ltr'>regern</span> <span class='ocrx_word' id='word_1_90' title='bbox 1383 886 1664 934; x_wconf 86' lang='lat' dir='ltr'>blasphemum</span> <span class='ocrx_word' id='word_1_91' title='bbox 1688 896 1808 932; x_wconf 83' lang='lat' dir='ltr'>supra</span> 
     </span>
     <span class='ocr_line' id='line_1_21' title="bbox 494 943 1868 996; baseline -0.007 -10"><span class='ocrx_word' id='word_1_92' title='bbox 494 961 633 987; x_wconf 90' lang='lat' dir='ltr'>omnes</span> <span class='ocrx_word' id='word_1_93' title='bbox 666 947 766 984; x_wconf 89' lang='lat' dir='ltr'>alios</span> <span class='ocrx_word' id='word_1_94' title='bbox 790 959 906 996; x_wconf 90' lang='lat' dir='ltr'>quem</span> <span class='ocrx_word' id='word_1_95' title='bbox 943 945 1106 995; x_wconf 86' lang='lat' dir='ltr'>quidam</span> <span class='ocrx_word' id='word_1_96' title='bbox 1139 944 1351 981; x_wconf 87' lang='lat' dir='ltr'>nominant</span> <span class='ocrx_word' id='word_1_97' title='bbox 1384 943 1687 980; x_wconf 88' lang='lat' dir='ltr'>Antichristum.</span> <span class='ocrx_word' id='word_1_98' title='bbox 1724 944 1809 990; x_wconf 86' lang='lat' dir='ltr'>Ipse</span> <span class='ocrx_word' id='word_1_99' title='bbox 1829 954 1868 977; x_wconf 78' lang='grc' dir='ltr'>ιο</span> 
     </span>
     <span class='ocr_line' id='line_1_22' title="bbox 495 998 1809 1045; baseline -0.007 -1"><span class='ocrx_word' id='word_1_100' title='bbox 495 1007 600 1045; x_wconf 89' lang='lat' dir='ltr'>enim</span> <span class='ocrx_word' id='word_1_101' title='bbox 645 1019 735 1043; x_wconf 88' lang='lat' dir='ltr'>cum</span> <span class='ocrx_word' id='word_1_102' title='bbox 785 1004 977 1041; x_wconf 89' lang='lat' dir='ltr'>membris</span> <span class='ocrx_word' id='word_1_103' title='bbox 1015 1003 1095 1040; x_wconf 88' lang='lat' dir='ltr'>suis</span> <span class='ocrx_word' id='word_1_104' title='bbox 1134 1002 1318 1039; x_wconf 84' lang='lat' dir='ltr'>vendicat</span> <span class='ocrx_word' id='word_1_105' title='bbox 1356 1001 1395 1038; x_wconf 93' lang='lat' dir='ltr'>in</span> <span class='ocrx_word' id='word_1_106' title='bbox 1433 1000 1620 1039; x_wconf 85' lang='lat' dir='ltr'>absencia</span> <span class='ocrx_word' id='word_1_107' title='bbox 1661 998 1809 1037; x_wconf 84' lang='lat' dir='ltr'>Christi</span> 
     </span>
     <span class='ocr_line' id='line_1_23' title="bbox 495 1058 1809 1114; baseline -0.007 -12"><span class='ocrx_word' id='word_1_108' title='bbox 495 1064 675 1114; x_wconf 81' lang='lat' dir='ltr'>regulare</span> <span class='ocrx_word' id='word_1_109' title='bbox 711 1063 920 1101; x_wconf 87' lang='lat' dir='ltr'>ecclesiam</span> <span class='ocrx_word' id='word_1_110' title='bbox 960 1070 997 1099; x_wconf 88' lang='lat' dir='ltr'>et</span> <span class='ocrx_word' id='word_1_111' title='bbox 1040 1061 1228 1098; x_wconf 88' lang='lat' dir='ltr'>ordinare</span> <span class='ocrx_word' id='word_1_112' title='bbox 1272 1060 1348 1097; x_wconf 89' lang='lat' dir='ltr'>illis</span> <span class='ocrx_word' id='word_1_113' title='bbox 1391 1061 1439 1096; x_wconf 90' lang='lat' dir='ltr'>ad</span> <span class='ocrx_word' id='word_1_114' title='bbox 1482 1068 1619 1096; x_wconf 92' lang='lat' dir='ltr'>votum</span> <span class='ocrx_word' id='word_1_115' title='bbox 1660 1058 1809 1103; x_wconf 76' lang='lat' dir='ltr'>officia,</span> 
     </span>
     <span class='ocr_line' id='line_1_24' title="bbox 496 1116 1810 1168; baseline -0.007 -7"><span class='ocrx_word' id='word_1_116' title='bbox 496 1123 698 1161; x_wconf 88' lang='lat' dir='ltr'>contraria</span> <span class='ocrx_word' id='word_1_117' title='bbox 731 1121 953 1158; x_wconf 89' lang='lat' dir='ltr'>ministerio</span> <span class='ocrx_word' id='word_1_118' title='bbox 987 1121 1093 1168; x_wconf 89' lang='lat' dir='ltr'>quod</span> <span class='ocrx_word' id='word_1_119' title='bbox 1123 1118 1300 1155; x_wconf 83' lang='lat' dir='ltr'>Trinitas</span> <span class='ocrx_word' id='word_1_120' title='bbox 1333 1117 1547 1155; x_wconf 87' lang='lat' dir='ltr'>ordinavit.</span> <span class='ocrx_word' id='word_1_121' title='bbox 1582 1119 1662 1153; x_wconf 89' lang='lat' dir='ltr'>Nec</span> <span class='ocrx_word' id='word_1_122' title='bbox 1694 1116 1810 1152; x_wconf 88' lang='lat' dir='ltr'>video</span> 
     </span>
     <span class='ocr_line' id='line_1_25' title="bbox 497 1173 1808 1231; baseline -0.007 -12"><span class='ocrx_word' id='word_1_123' title='bbox 497 1182 704 1231; x_wconf 87' lang='lat' dir='ltr'>quomodo</span> <span class='ocrx_word' id='word_1_124' title='bbox 743 1188 879 1229; x_wconf 88' lang='lat' dir='ltr'>posset</span> <span class='ocrx_word' id='word_1_125' title='bbox 918 1191 1001 1216; x_wconf 90' lang='lat' dir='ltr'>esse</span> <span class='ocrx_word' id='word_1_126' title='bbox 1042 1177 1316 1225; x_wconf 88' lang='lat' dir='ltr'>blasphemior</span> <span class='ocrx_word' id='word_1_127' title='bbox 1360 1175 1569 1213; x_wconf 89' lang='lat' dir='ltr'>luciferina</span> <span class='ocrx_word' id='word_1_128' title='bbox 1609 1173 1808 1223; x_wconf 89' lang='lat' dir='ltr'>superbia.</span> 
     </span>
     <span class='ocr_line' id='line_1_26' title="bbox 497 1232 1869 1283; baseline -0.007 -6"><span class='ocrx_word' id='word_1_129' title='bbox 497 1242 598 1278; x_wconf 90' lang='lat' dir='ltr'>Cum</span> <span class='ocrx_word' id='word_1_130' title='bbox 633 1239 738 1276; x_wconf 87' lang='lat' dir='ltr'>enim</span> <span class='ocrx_word' id='word_1_131' title='bbox 774 1251 817 1274; x_wconf 84' lang='lat' dir='ltr'>ex</span> <span class='ocrx_word' id='word_1_132' title='bbox 841 1237 920 1274; x_wconf 87' lang='lat' dir='ltr'>fide</span> <span class='ocrx_word' id='word_1_133' title='bbox 954 1235 1145 1283; x_wconf 81' lang='lat' dir='ltr'>evangelii</span> <span class='ocrx_word' id='word_1_134' title='bbox 1170 1235 1352 1272; x_wconf 89' lang='lat' dir='ltr'>Christus</span> <span class='ocrx_word' id='word_1_135' title='bbox 1385 1234 1434 1271; x_wconf 91' lang='lat' dir='ltr'>sit</span> <span class='ocrx_word' id='word_1_136' title='bbox 1459 1246 1549 1270; x_wconf 91' lang='lat' dir='ltr'>cum</span> <span class='ocrx_word' id='word_1_137' title='bbox 1583 1232 1663 1269; x_wconf 90' lang='lat' dir='ltr'>suis</span> <span class='ocrx_word' id='word_1_138' title='bbox 1686 1243 1811 1280; x_wconf 87' lang='lat' dir='ltr'>usque</span> <span class='ocrx_word' id='word_1_139' title='bbox 1832 1233 1869 1266; x_wconf 86' lang='lat'>15</span> 
     </span>
     <span class='ocr_line' id='line_1_27' title="bbox 498 1290 1811 1336; baseline -0.007 -1"><span class='ocrx_word' id='word_1_140' title='bbox 498 1300 547 1336; x_wconf 87' lang='lat' dir='ltr'>ad</span> <span class='ocrx_word' id='word_1_141' title='bbox 587 1297 691 1334; x_wconf 86' lang='lat' dir='ltr'>diem</span> <span class='ocrx_word' id='word_1_142' title='bbox 740 1293 1108 1334; x_wconf 89' lang='lat' dir='ltr'>consummacionis</span> <span class='ocrx_word' id='word_1_143' title='bbox 1148 1292 1270 1330; x_wconf 89' lang='lat' dir='ltr'>seculi</span> <span class='ocrx_word' id='word_1_144' title='bbox 1311 1293 1350 1329; x_wconf 89' lang='lat' dir='ltr'>in</span> <span class='ocrx_word' id='word_1_145' title='bbox 1388 1291 1555 1329; x_wconf 86' lang='lat' dir='ltr'>ecclesia</span> <span class='ocrx_word' id='word_1_146' title='bbox 1600 1290 1811 1335; x_wconf 80' lang='lat' dir='ltr'>militante,</span> 
     </span>
     <span class='ocr_line' id='line_1_28' title="bbox 498 1349 1812 1406; baseline -0.008 -12"><span class='ocrx_word' id='word_1_147' title='bbox 498 1365 606 1406; x_wconf 87' lang='lat' dir='ltr'>patet</span> <span class='ocrx_word' id='word_1_148' title='bbox 630 1357 738 1405; x_wconf 88' lang='lat' dir='ltr'>quod</span> <span class='ocrx_word' id='word_1_149' title='bbox 762 1355 835 1391; x_wconf 89' lang='lat' dir='ltr'>iste</span> <span class='ocrx_word' id='word_1_150' title='bbox 868 1353 1138 1390; x_wconf 84' lang='lat' dir='ltr'>Antichristus</span> <span class='ocrx_word' id='word_1_151' title='bbox 1162 1351 1201 1387; x_wconf 92' lang='lat' dir='ltr'>in</span> <span class='ocrx_word' id='word_1_152' title='bbox 1226 1350 1373 1388; x_wconf 89' lang='lat' dir='ltr'>Christi</span> <span class='ocrx_word' id='word_1_153' title='bbox 1397 1349 1606 1399; x_wconf 85' lang='lat' dir='ltr'>presencia</span> <span class='ocrx_word' id='word_1_154' title='bbox 1630 1357 1666 1385; x_wconf 90' lang='lat' dir='ltr'>et</span> <span class='ocrx_word' id='word_1_155' title='bbox 1690 1349 1812 1384; x_wconf 90' lang='lat' dir='ltr'>domo</span> 
     </span>
     <span class='ocr_line' id='line_1_29' title="bbox 498 1406 1813 1464; baseline -0.007 -13"><span class='ocrx_word' id='word_1_156' title='bbox 498 1414 664 1464; x_wconf 88' lang='lat' dir='ltr'>propria</span> <span class='ocrx_word' id='word_1_157' title='bbox 696 1413 835 1450; x_wconf 89' lang='lat' dir='ltr'>statuit</span> <span class='ocrx_word' id='word_1_158' title='bbox 873 1411 1078 1448; x_wconf 89' lang='lat' dir='ltr'>ministros</span> <span class='ocrx_word' id='word_1_159' title='bbox 1118 1418 1155 1446; x_wconf 90' lang='lat' dir='ltr'>et</span> <span class='ocrx_word' id='word_1_160' title='bbox 1194 1409 1356 1446; x_wconf 90' lang='lat' dir='ltr'>ordines</span> <span class='ocrx_word' id='word_1_161' title='bbox 1389 1408 1549 1445; x_wconf 92' lang='lat' dir='ltr'>Christo</span> <span class='ocrx_word' id='word_1_162' title='bbox 1589 1406 1813 1444; x_wconf 89' lang='lat' dir='ltr'>contrarios</span> 
     </span>
     <span class='ocr_line' id='line_1_30' title="bbox 499 1464 1815 1522; baseline -0.007 -13"><span class='ocrx_word' id='word_1_163' title='bbox 499 1486 568 1522; x_wconf 89' lang='lat' dir='ltr'>per</span> <span class='ocrx_word' id='word_1_164' title='bbox 601 1485 701 1521; x_wconf 89' lang='lat' dir='ltr'>quos</span> <span class='ocrx_word' id='word_1_165' title='bbox 725 1470 872 1508; x_wconf 89' lang='lat' dir='ltr'>Christi</span> <span class='ocrx_word' id='word_1_166' title='bbox 905 1470 1080 1519; x_wconf 86' lang='lat' dir='ltr'>populus</span> <span class='ocrx_word' id='word_1_167' title='bbox 1104 1477 1140 1504; x_wconf 93' lang='lat' dir='ltr'>et</span> <span class='ocrx_word' id='word_1_168' title='bbox 1163 1479 1235 1505; x_wconf 83' lang='lat' dir='ltr'>sua</span> <span class='ocrx_word' id='word_1_169' title='bbox 1267 1466 1476 1504; x_wconf 85' lang='lat' dir='ltr'>ordinacio</span> <span class='ocrx_word' id='word_1_170' title='bbox 1501 1464 1815 1514; x_wconf 88' lang='lat' dir='ltr'>despectibiliter</span> 
     </span>
     <span class='ocr_line' id='line_1_31' title="bbox 500 1523 1873 1576; baseline -0.007 -9"><span class='ocrx_word' id='word_1_171' title='bbox 500 1533 773 1568; x_wconf 88' lang='lat' dir='ltr'>destruuntur.</span> <span class='ocrx_word' id='word_1_172' title='bbox 822 1528 919 1575; x_wconf 91' lang='lat' dir='ltr'>Quis</span> <span class='ocrx_word' id='word_1_173' title='bbox 964 1540 1058 1576; x_wconf 85' lang='lat' dir='ltr'>ergo</span> <span class='ocrx_word' id='word_1_174' title='bbox 1107 1525 1234 1562; x_wconf 85' lang='lat' dir='ltr'>fidelis</span> <span class='ocrx_word' id='word_1_175' title='bbox 1274 1527 1321 1562; x_wconf 90' lang='lat' dir='ltr'>de</span> <span class='ocrx_word' id='word_1_176' title='bbox 1365 1527 1486 1562; x_wconf 91' lang='lat' dir='ltr'>domo</span> <span class='ocrx_word' id='word_1_177' title='bbox 1527 1523 1688 1560; x_wconf 89' lang='lat' dir='ltr'>Domini</span> <span class='ocrx_word' id='word_1_178' title='bbox 1733 1535 1814 1559; x_wconf 89' lang='lat' dir='ltr'>non</span> <span class='ocrx_word' id='word_1_179' title='bbox 1833 1534 1873 1556; x_wconf 89' lang='lat'>20</span> 
     </span>
     <span class='ocr_line' id='line_1_32' title="bbox 500 1581 1815 1636; baseline -0.008 -10"><span class='ocrx_word' id='word_1_180' title='bbox 500 1590 620 1626; x_wconf 71' lang='lat' dir='ltr'>terret</span> <span class='ocrx_word' id='word_1_181' title='bbox 664 1587 837 1636; x_wconf 67' lang='lat' dir='ltr'>gravster</span> <span class='ocrx_word' id='word_1_182' title='bbox 876 1595 1033 1623; x_wconf 75' lang='lat' dir='ltr'>tantun]</span> <span class='ocrx_word' id='word_1_183' title='bbox 1078 1586 1312 1633; x_wconf 65' lang='lat' dir='ltr'>despectum]</span> <span class='ocrx_word' id='word_1_184' title='bbox 1352 1592 1388 1620; x_wconf 90' lang='lat' dir='ltr'>et</span> <span class='ocrx_word' id='word_1_185' title='bbox 1428 1592 1510 1619; x_wconf 77' lang='lat' dir='ltr'>tan]</span> <span class='ocrx_word' id='word_1_186' title='bbox 1550 1582 1733 1631; x_wconf 72' lang='lat' dir='ltr'>patulun]</span> <span class='ocrx_word' id='word_1_187' title='bbox 1776 1581 1815 1616; x_wconf 90' lang='lat' dir='ltr'>in</span> 
     </span>
     <span class='ocr_line' id='line_1_33' title="bbox 501 1639 1814 1697; baseline -0.007 -13"><span class='ocrx_word' id='word_1_188' title='bbox 501 1646 705 1697; x_wconf 85' lang='lat' dir='ltr'>presencia</span> <span class='ocrx_word' id='word_1_189' title='bbox 755 1645 827 1682; x_wconf 92' lang='lat' dir='ltr'>Dei</span> <span class='ocrx_word' id='word_1_190' title='bbox 871 1645 954 1681; x_wconf 77' lang='lat' dir='ltr'>sui?</span> <span class='ocrx_word' id='word_1_191' title='bbox 1001 1646 1151 1680; x_wconf 81' lang='lat' dir='ltr'>Revera</span> <span class='ocrx_word' id='word_1_192' title='bbox 1196 1655 1276 1679; x_wconf 90' lang='lat' dir='ltr'>non</span> <span class='ocrx_word' id='word_1_193' title='bbox 1322 1642 1424 1678; x_wconf 90' lang='lat' dir='ltr'>foret</span> <span class='ocrx_word' id='word_1_194' title='bbox 1470 1640 1597 1677; x_wconf 81' lang='lat' dir='ltr'>fidelis</span> <span class='ocrx_word' id='word_1_195' title='bbox 1641 1639 1814 1676; x_wconf 88' lang='lat' dir='ltr'>famulus</span> 
     </span>
     <span class='ocr_line' id='line_1_34' title="bbox 502 1698 1815 1752; baseline -0.008 -9"><span class='ocrx_word' id='word_1_196' title='bbox 502 1705 676 1743; x_wconf 88' lang='lat' dir='ltr'>Domino</span> <span class='ocrx_word' id='word_1_197' title='bbox 709 1703 923 1752; x_wconf 89' lang='lat' dir='ltr'>temporali</span> <span class='ocrx_word' id='word_1_198' title='bbox 956 1702 1024 1752; x_wconf 88' lang='lat' dir='ltr'>qui</span> <span class='ocrx_word' id='word_1_199' title='bbox 1057 1701 1320 1750; x_wconf 86' lang='lat' dir='ltr'>applauderet</span> <span class='ocrx_word' id='word_1_200' title='bbox 1343 1698 1514 1736; x_wconf 89' lang='lat' dir='ltr'>inimicis</span> <span class='ocrx_word' id='word_1_201' title='bbox 1537 1707 1619 1735; x_wconf 86' lang='lat' dir='ltr'>tam</span> <span class='ocrx_word' id='word_1_202' title='bbox 1654 1698 1815 1745; x_wconf 85' lang='lat' dir='ltr'>despec-</span> 
     </span>
     <span class='ocr_line' id='line_1_35' title="bbox 502 1755 1816 1806; baseline -0.008 -5"><span class='ocrx_word' id='word_1_203' title='bbox 502 1764 668 1801; x_wconf 89' lang='lat' dir='ltr'>tibiliter</span> <span class='ocrx_word' id='word_1_204' title='bbox 707 1761 969 1799; x_wconf 87' lang='lat' dir='ltr'>illudentibus</span> <span class='ocrx_word' id='word_1_205' title='bbox 1009 1759 1173 1797; x_wconf 90' lang='lat' dir='ltr'>domino</span> <span class='ocrx_word' id='word_1_206' title='bbox 1212 1771 1284 1795; x_wconf 91' lang='lat' dir='ltr'>suo</span> <span class='ocrx_word' id='word_1_207' title='bbox 1324 1757 1364 1794; x_wconf 91' lang='lat' dir='ltr'>in</span> <span class='ocrx_word' id='word_1_208' title='bbox 1403 1756 1611 1806; x_wconf 88' lang='lat' dir='ltr'>presencia</span> <span class='ocrx_word' id='word_1_209' title='bbox 1650 1755 1816 1805; x_wconf 88' lang='lat' dir='ltr'>propria</span> 
     </span>
     <span class='ocr_line' id='line_1_36' title="bbox 503 1814 1873 1867; baseline -0.009 -7"><span class='ocrx_word' id='word_1_210' title='bbox 503 1832 540 1860; x_wconf 88' lang='lat' dir='ltr'>et</span> <span class='ocrx_word' id='word_1_211' title='bbox 586 1820 845 1859; x_wconf 89' lang='lat' dir='ltr'>adversancia</span> <span class='ocrx_word' id='word_1_212' title='bbox 884 1818 1067 1867; x_wconf 82' lang='lat' dir='ltr'>regimini</span> <span class='ocrx_word' id='word_1_213' title='bbox 1113 1819 1255 1854; x_wconf 90' lang='lat' dir='ltr'>domus</span> <span class='ocrx_word' id='word_1_214' title='bbox 1298 1829 1380 1853; x_wconf 88' lang='lat' dir='ltr'>sue.</span> <span class='ocrx_word' id='word_1_215' title='bbox 1426 1815 1491 1853; x_wconf 89' lang='lat' dir='ltr'>Sic</span> <span class='ocrx_word' id='word_1_216' title='bbox 1535 1823 1669 1852; x_wconf 89' lang='lat' dir='ltr'>autem</span> <span class='ocrx_word' id='word_1_217' title='bbox 1710 1816 1816 1850; x_wconf 91' lang='lat' dir='ltr'>Deus</span> <span class='ocrx_word' id='word_1_218' title='bbox 1835 1814 1873 1847; x_wconf 88' lang='lat'>25</span> 
     </span>
     <span class='ocr_line' id='line_1_37' title="bbox 504 1870 1817 1927; baseline -0.008 -10"><span class='ocrx_word' id='word_1_219' title='bbox 504 1881 642 1926; x_wconf 81' lang='lat' dir='ltr'>iustus,</span> <span class='ocrx_word' id='word_1_220' title='bbox 676 1879 789 1916; x_wconf 91' lang='lat' dir='ltr'>fortis</span> <span class='ocrx_word' id='word_1_221' title='bbox 822 1888 859 1915; x_wconf 92' lang='lat' dir='ltr'>et</span> <span class='ocrx_word' id='word_1_222' title='bbox 891 1877 1053 1927; x_wconf 86' lang='lat' dir='ltr'>paciens</span> <span class='ocrx_word' id='word_1_223' title='bbox 1086 1875 1271 1912; x_wconf 82' lang='lat' dir='ltr'>irascitur</span> <span class='ocrx_word' id='word_1_224' title='bbox 1304 1883 1388 1911; x_wconf 90' lang='lat' dir='ltr'>tota</span> <span class='ocrx_word' id='word_1_225' title='bbox 1421 1873 1496 1920; x_wconf 86' lang='lat' dir='ltr'>die,</span> <span class='ocrx_word' id='word_1_226' title='bbox 1528 1882 1564 1909; x_wconf 91' lang='lat' dir='ltr'>et</span> <span class='ocrx_word' id='word_1_227' title='bbox 1593 1881 1675 1909; x_wconf 88' lang='lat' dir='ltr'>tam</span> <span class='ocrx_word' id='word_1_228' title='bbox 1699 1870 1817 1920; x_wconf 88' lang='lat' dir='ltr'>pauci</span> 
     </span>
     <span class='ocr_line' id='line_1_38' title="bbox 503 1931 1818 1985; baseline -0.008 -10"><span class='ocrx_word' id='word_1_229' title='bbox 503 1940 563 1976; x_wconf 90' lang='lat' dir='ltr'>vel</span> <span class='ocrx_word' id='word_1_230' title='bbox 610 1938 709 1975; x_wconf 85' lang='lat' dir='ltr'>nuHi</span> <span class='ocrx_word' id='word_1_231' title='bbox 753 1946 845 1974; x_wconf 89' lang='lat' dir='ltr'>sunt</span> <span class='ocrx_word' id='word_1_232' title='bbox 889 1936 955 1985; x_wconf 91' lang='lat' dir='ltr'>qui</span> <span class='ocrx_word' id='word_1_233' title='bbox 1000 1936 1148 1972; x_wconf 88' lang='lat' dir='ltr'>audent</span> <span class='ocrx_word' id='word_1_234' title='bbox 1192 1942 1332 1970; x_wconf 70' lang='lat' dir='ltr'>contma</span> <span class='ocrx_word' id='word_1_235' title='bbox 1371 1931 1574 1969; x_wconf 65' lang='lat' dir='ltr'>Chrsstun]</span> <span class='ocrx_word' id='word_1_236' title='bbox 1622 1941 1818 1979; x_wconf 84' lang='lat' dir='ltr'>exponere</span> 
     </span>
     <span class='ocr_line' id='line_1_39' title="bbox 504 1987 1816 2046; baseline -0.008 -12"><span class='ocrx_word' id='word_1_237' title='bbox 504 2005 638 2046; x_wconf 85' lang='lat' dir='ltr'>partes</span> <span class='ocrx_word' id='word_1_238' title='bbox 671 2008 774 2032; x_wconf 78' lang='lat' dir='ltr'>suaS.</span> <span class='ocrx_word' id='word_1_239' title='bbox 810 1994 886 2032; x_wconf 91' lang='lat' dir='ltr'>Ubi</span> <span class='ocrx_word' id='word_1_240' title='bbox 920 2006 1014 2042; x_wconf 88' lang='lat' dir='ltr'>ergo</span> <span class='ocrx_word' id='word_1_241' title='bbox 1047 2001 1138 2030; x_wconf 90' lang='lat' dir='ltr'>sunt</span> <span class='ocrx_word' id='word_1_242' title='bbox 1172 2000 1366 2039; x_wconf 83' lang='lat' dir='ltr'>martyres</span> <span class='ocrx_word' id='word_1_243' title='bbox 1399 1989 1547 2027; x_wconf 87' lang='lat' dir='ltr'>Christi</span> <span class='ocrx_word' id='word_1_244' title='bbox 1582 1988 1726 2024; x_wconf 91' lang='lat' dir='ltr'>milites</span> <span class='ocrx_word' id='word_1_245' title='bbox 1749 1987 1816 2036; x_wconf 88' lang='lat' dir='ltr'>qui</span> 
     </span>
     <span class='ocr_line' id='line_1_40' title="bbox 506 2047 1819 2094; baseline -0.008 -2"><span class='ocrx_word' id='word_1_246' title='bbox 506 2064 646 2094; x_wconf 91' lang='lat' dir='ltr'>contra</span> <span class='ocrx_word' id='word_1_247' title='bbox 691 2055 824 2090; x_wconf 89' lang='lat' dir='ltr'>hostes</span> <span class='ocrx_word' id='word_1_248' title='bbox 870 2052 1062 2089; x_wconf 89' lang='lat' dir='ltr'>forciores</span> <span class='ocrx_word' id='word_1_249' title='bbox 1116 2049 1291 2088; x_wconf 87' lang='lat' dir='ltr'>corditer</span> <span class='ocrx_word' id='word_1_250' title='bbox 1342 2047 1618 2085; x_wconf 84' lang='lat' dir='ltr'>decertarent?</span> <span class='ocrx_word' id='word_1_251' title='bbox 1670 2048 1819 2083; x_wconf 79' lang='lat' dir='ltr'>()nnnes</span> 
     </span>
     <span class='ocr_line' id='line_1_41' title="bbox 507 2102 1877 2153; baseline -0.009 -3"><span class='ocrx_word' id='word_1_252' title='bbox 507 2113 611 2151; x_wconf 75' lang='lat' dir='ltr'>enini</span> <span class='ocrx_word' id='word_1_253' title='bbox 666 2112 770 2149; x_wconf 65' lang='lat' dir='ltr'>&lt;ficte</span> <span class='ocrx_word' id='word_1_254' title='bbox 815 2110 1091 2148; x_wconf 55' lang='lat' dir='ltr'>subverffiones</span> <span class='ocrx_word' id='word_1_255' title='bbox 1136 2109 1364 2145; x_wconf 89' lang='lat' dir='ltr'>introducte</span> <span class='ocrx_word' id='word_1_256' title='bbox 1408 2115 1499 2143; x_wconf 90' lang='lat' dir='ltr'>sunt</span> <span class='ocrx_word' id='word_1_257' title='bbox 1552 2117 1595 2142; x_wconf 84' lang='lat' dir='ltr'>ex</span> <span class='ocrx_word' id='word_1_258' title='bbox 1644 2102 1877 2153; x_wconf 63' lang='lat' dir='ltr'>ypocrssi3o</span> 
     </span>
     <span class='ocr_line' id='line_1_42' title="bbox 507 2162 1819 2211; baseline -0.008 -3"><span class='ocrx_word' id='word_1_259' title='bbox 507 2170 748 2208; x_wconf 84' lang='lat' dir='ltr'>secularium</span> <span class='ocrx_word' id='word_1_260' title='bbox 772 2168 1042 2206; x_wconf 90' lang='lat' dir='ltr'>dominorum.</span> <span class='ocrx_word' id='word_1_261' title='bbox 1078 2167 1270 2204; x_wconf 86' lang='lat' dir='ltr'>Diabolus</span> <span class='ocrx_word' id='word_1_262' title='bbox 1294 2165 1398 2202; x_wconf 88' lang='lat' dir='ltr'>enim</span> <span class='ocrx_word' id='word_1_263' title='bbox 1424 2163 1587 2201; x_wconf 90' lang='lat' dir='ltr'>dictavit</span> <span class='ocrx_word' id='word_1_264' title='bbox 1611 2162 1688 2199; x_wconf 89' lang='lat' dir='ltr'>illis</span> <span class='ocrx_word' id='word_1_265' title='bbox 1711 2162 1819 2211; x_wconf 88' lang='lat' dir='ltr'>quod</span> 
     </span>
     <span class='ocr_line' id='line_1_43' title="bbox 507 2220 1819 2267; baseline -0.008 -1"><span class='ocrx_word' id='word_1_266' title='bbox 507 2230 557 2267; x_wconf 89' lang='lat' dir='ltr'>sit</span> <span class='ocrx_word' id='word_1_267' title='bbox 590 2241 747 2266; x_wconf 89' lang='lat' dir='ltr'>summa</span> <span class='ocrx_word' id='word_1_268' title='bbox 781 2227 999 2264; x_wconf 87' lang='lat' dir='ltr'>elemosina</span> <span class='ocrx_word' id='word_1_269' title='bbox 1038 2226 1093 2263; x_wconf 91' lang='lat' dir='ltr'>sic</span> <span class='ocrx_word' id='word_1_270' title='bbox 1133 2225 1261 2262; x_wconf 90' lang='lat' dir='ltr'>ditare</span> <span class='ocrx_word' id='word_1_271' title='bbox 1294 2232 1330 2260; x_wconf 92' lang='lat' dir='ltr'>et</span> <span class='ocrx_word' id='word_1_272' title='bbox 1371 2221 1552 2259; x_wconf 87' lang='lat' dir='ltr'>venerari</span> <span class='ocrx_word' id='word_1_273' title='bbox 1586 2220 1819 2258; x_wconf 91' lang='lat' dir='ltr'>devociores</span> 
     </span>
     <span class='ocr_line' id='line_1_44' title="bbox 509 2279 1820 2333; baseline -0.008 -8"><span class='ocrx_word' id='word_1_274' title='bbox 509 2290 556 2325; x_wconf 91' lang='lat' dir='ltr'>de</span> <span class='ocrx_word' id='word_1_275' title='bbox 589 2287 737 2325; x_wconf 89' lang='lat' dir='ltr'>Christi</span> <span class='ocrx_word' id='word_1_276' title='bbox 771 2285 952 2323; x_wconf 85' lang='lat' dir='ltr'>ecclesia.</span> <span class='ocrx_word' id='word_1_277' title='bbox 986 2286 1034 2321; x_wconf 82' lang='lat' dir='ltr'>Et</span> <span class='ocrx_word' id='word_1_278' title='bbox 1057 2297 1128 2333; x_wconf 92' lang='lat' dir='ltr'>per</span> <span class='ocrx_word' id='word_1_279' title='bbox 1160 2283 1278 2320; x_wconf 88' lang='lat' dir='ltr'>istam</span> <span class='ocrx_word' id='word_1_280' title='bbox 1300 2281 1518 2330; x_wconf 87' lang='lat' dir='ltr'>ypocrisim</span> <span class='ocrx_word' id='word_1_281' title='bbox 1552 2288 1588 2316; x_wconf 89' lang='lat' dir='ltr'>et</span> <span class='ocrx_word' id='word_1_282' title='bbox 1621 2279 1820 2316; x_wconf 84' lang='lat' dir='ltr'>cautelam</span> 
     </span>
     <span class='ocr_line' id='line_1_45' title="bbox 509 2337 1823 2395; baseline -0.008 -12"><span class='ocrx_word' id='word_1_283' title='bbox 509 2345 669 2395; x_wconf 89' lang='lat' dir='ltr'>dyaboli</span> <span class='ocrx_word' id='word_1_284' title='bbox 725 2345 953 2381; x_wconf 90' lang='lat' dir='ltr'>introducte</span> <span class='ocrx_word' id='word_1_285' title='bbox 1002 2351 1093 2380; x_wconf 87' lang='lat' dir='ltr'>sunt</span> <span class='ocrx_word' id='word_1_286' title='bbox 1143 2339 1344 2390; x_wconf 66' lang='lat' dir='ltr'>paulanve</span> <span class='ocrx_word' id='word_1_287' title='bbox 1382 2337 1638 2376; x_wconf 86' lang='lat' dir='ltr'>adversancie</span> <span class='ocrx_word' id='word_1_288' title='bbox 1676 2345 1712 2373; x_wconf 88' lang='lat' dir='ltr'>et</span> <span class='ocrx_word' id='word_1_289' title='bbox 1757 2337 1823 2372; x_wconf 92' lang='lat' dir='ltr'>de-</span> 
     </span>
     <span class='ocr_line' id='line_1_46' title="bbox 509 2393 1878 2448; baseline -0.009 -7"><span class='ocrx_word' id='word_1_290' title='bbox 509 2402 791 2441; x_wconf 90' lang='lat' dir='ltr'>ordinaciones</span> <span class='ocrx_word' id='word_1_291' title='bbox 831 2401 1031 2438; x_wconf 87' lang='lat' dir='ltr'>contrarie</span> <span class='ocrx_word' id='word_1_292' title='bbox 1075 2399 1151 2448; x_wconf 82' lang='lat' dir='ltr'>legi</span> <span class='ocrx_word' id='word_1_293' title='bbox 1192 2398 1358 2442; x_wconf 84' lang='lat' dir='ltr'>Christi3</span> <span class='ocrx_word' id='word_1_294' title='bbox 1405 2405 1441 2433; x_wconf 91' lang='lat' dir='ltr'>et</span> <span class='ocrx_word' id='word_1_295' title='bbox 1480 2397 1529 2433; x_wconf 87' lang='lat' dir='ltr'>ad</span> <span class='ocrx_word' id='word_1_296' title='bbox 1568 2404 1725 2432; x_wconf 88' lang='lat' dir='ltr'>tantum</span> <span class='ocrx_word' id='word_1_297' title='bbox 1764 2393 1822 2430; x_wconf 89' lang='lat' dir='ltr'>in-</span> <span class='ocrx_word' id='word_1_298' title='bbox 1838 2395 1878 2428; x_wconf 83' lang='lat'>35</span> 
     </span>
     <span class='ocr_line' id='line_1_47' title="bbox 510 2442 1915 2513; baseline -0.009 -14"><span class='ocrx_word' id='word_1_299' title='bbox 510 2461 676 2501; x_wconf 88' lang='lat' dir='ltr'>fatuavit</span> <span class='ocrx_word' id='word_1_300' title='bbox 709 2462 840 2510; x_wconf 84' lang='lat' dir='ltr'>dyabo</span> <span class='ocrx_word' id='word_1_301' title='bbox 869 2457 873 2513; x_wconf 77' lang='lat'>1</span> <span class='ocrx_word' id='word_1_302' title='bbox 903 2460 962 2496; x_wconf 88' lang='lat' dir='ltr'>lus</span> <span class='ocrx_word' id='word_1_303' title='bbox 995 2459 1194 2496; x_wconf 88' lang='lat' dir='ltr'>seculares</span> <span class='ocrx_word' id='word_1_304' title='bbox 1234 2455 1419 2493; x_wconf 89' lang='lat' dir='ltr'>dominos</span> <span class='ocrx_word' id='word_1_305' title='bbox 1458 2454 1566 2491; x_wconf 92' lang='lat' dir='ltr'>visco</span> <span class='ocrx_word' id='word_1_306' title='bbox 1606 2465 1678 2489; x_wconf 88' lang='lat' dir='ltr'>suo</span> <span class='ocrx_word' id='word_1_307' title='bbox 1713 2453 1822 2501; x_wconf 90' lang='lat' dir='ltr'>quod</span> <span class='ocrx_word' id='word_1_308' title='bbox 1841 2442 1915 2474; x_wconf 67' lang='lat' dir='ltr'>F01·</span> 
     </span>
    </p>
   </div>
   <div class='ocr_carea' id='block_1_7' title="bbox 511 2485 1927 2848">
    <p class='ocr_par' dir='ltr' id='par_1_9' title="bbox 1839 2485 1927 2521">
     <span class='ocr_line' id='line_1_48' title="bbox 1839 2485 1927 2521; baseline -0.011 0"><span class='ocrx_word' id='word_1_309' title='bbox 1839 2485 1927 2521; x_wconf 79' lang='lat' dir='ltr'>223d</span> 
     </span>
    </p>

    <p class='ocr_par' dir='ltr' id='par_1_10' title="bbox 511 2563 1823 2776">
     <span class='ocr_line' id='line_1_49' title="bbox 581 2563 1822 2603; baseline -0.008 -2"><span class='ocrx_word' id='word_1_310' title='bbox 581 2574 605 2602; x_wconf 80' lang='grc'>5.</span> <span class='ocrx_word' id='word_1_311' title='bbox 626 2572 694 2601; x_wconf 86' lang='lat' dir='ltr'>DE:</span> <span class='ocrx_word' id='word_1_312' title='bbox 720 2572 776 2600; x_wconf 88' lang='lat' dir='ltr'>sibi</span> <span class='ocrx_word' id='word_1_313' title='bbox 798 2572 891 2599; x_wconf 81' lang='lat' dir='ltr'>deest.</span> <span class='ocrx_word' id='word_1_314' title='bbox 964 2570 992 2598; x_wconf 90' lang='lat'>8.</span> <span class='ocrx_word' id='word_1_315' title='bbox 1008 2570 1032 2597; x_wconf 73' lang='grc' dir='ltr'>Ι)</span> <span class='ocrx_word' id='word_1_316' title='bbox 1049 2569 1077 2597; x_wconf 84' lang='lat' dir='ltr'>in</span> <span class='ocrx_word' id='word_1_317' title='bbox 1100 2576 1214 2603; x_wconf 50' lang='lat' dir='ltr'>marga</span> <span class='ocrx_word' id='word_1_318' title='bbox 1236 2568 1317 2603; x_wconf 80' lang='lat' dir='ltr'>Papa</span> <span class='ocrx_word' id='word_1_319' title='bbox 1339 2574 1480 2594; x_wconf 84' lang='lat' dir='ltr'>summus</span> <span class='ocrx_word' id='word_1_320' title='bbox 1501 2565 1734 2601; x_wconf 50' lang='lat' dir='ltr'>Antichristum</span> <span class='ocrx_word' id='word_1_321' title='bbox 1750 2564 1773 2591; x_wconf 79' lang='lat' dir='ltr'>F.</span> <span class='ocrx_word' id='word_1_322' title='bbox 1793 2563 1822 2591; x_wconf 86' lang='lat' dir='ltr'>in</span> 
     </span>
     <span class='ocr_line' id='line_1_50' title="bbox 512 2599 1820 2643; baseline -0.008 -7"><span class='ocrx_word' id='word_1_323' title='bbox 512 2617 626 2643; x_wconf 54' lang='lat' dir='ltr'>marg:</span> <span class='ocrx_word' id='word_1_324' title='bbox 647 2607 708 2635; x_wconf 85' lang='lat' dir='ltr'>Rex</span> <span class='ocrx_word' id='word_1_325' title='bbox 731 2607 942 2642; x_wconf 82' lang='lat' dir='ltr'>blasphemus.</span> <span class='ocrx_word' id='word_1_326' title='bbox 1043 2612 1072 2641; x_wconf 91' lang='lat'>9,</span> <span class='ocrx_word' id='word_1_327' title='bbox 1095 2612 1135 2632; x_wconf 85' lang='lat' dir='ltr'>io.</span> <span class='ocrx_word' id='word_1_328' title='bbox 1157 2603 1224 2630; x_wconf 71' lang='lat' dir='ltr'>DE:</span> <span class='ocrx_word' id='word_1_329' title='bbox 1247 2610 1339 2638; x_wconf 76' lang='lat' dir='ltr'>supra</span> <span class='ocrx_word' id='word_1_330' title='bbox 1360 2610 1469 2628; x_wconf 85' lang='lat' dir='ltr'>omnes</span> <span class='ocrx_word' id='word_1_331' title='bbox 1489 2601 1568 2629; x_wconf 85' lang='lat' dir='ltr'>illos.</span> <span class='ocrx_word' id='word_1_332' title='bbox 1661 2607 1698 2628; x_wconf 89' lang='lat'>12.</span> <span class='ocrx_word' id='word_1_333' title='bbox 1720 2599 1762 2627; x_wconf 65' lang='lat' dir='ltr'>li:</span> <span class='ocrx_word' id='word_1_334' title='bbox 1784 2599 1820 2626; x_wconf 85' lang='lat' dir='ltr'>ad</span> 
     </span>
     <span class='ocr_line' id='line_1_51' title="bbox 512 2633 1823 2676; baseline -0.008 -5"><span class='ocrx_word' id='word_1_335' title='bbox 512 2644 710 2671; x_wconf 62' lang='lat' dir='ltr'>voluntatem.</span> <span class='ocrx_word' id='word_1_336' title='bbox 803 2650 843 2676; x_wconf 85' lang='lat'>¹4·</span> <span class='ocrx_word' id='word_1_337' title='bbox 865 2641 938 2669; x_wconf 74' lang='lat' dir='ltr'>Ab:</span> <span class='ocrx_word' id='word_1_338' title='bbox 960 2644 1048 2667; x_wconf 81' lang='lat' dir='ltr'>esset.</span> <span class='ocrx_word' id='word_1_339' title='bbox 1145 2638 1181 2666; x_wconf 80' lang='lat'>15.</span> <span class='ocrx_word' id='word_1_340' title='bbox 1202 2639 1246 2666; x_wconf 84' lang='lat' dir='ltr'>A:</span> <span class='ocrx_word' id='word_1_341' title='bbox 1268 2637 1348 2664; x_wconf 86' lang='lat' dir='ltr'>enim</span> <span class='ocrx_word' id='word_1_342' title='bbox 1371 2636 1465 2663; x_wconf 82' lang='lat' dir='ltr'>deest.</span> <span class='ocrx_word' id='word_1_343' title='bbox 1556 2644 1596 2670; x_wconf 85' lang='lat'>¹7-</span> <span class='ocrx_word' id='word_1_344' title='bbox 1618 2636 1661 2663; x_wconf 83' lang='lat' dir='ltr'>A:</span> <span class='ocrx_word' id='word_1_345' title='bbox 1682 2638 1711 2662; x_wconf 90' lang='lat' dir='ltr'>et</span> <span class='ocrx_word' id='word_1_346' title='bbox 1730 2633 1823 2661; x_wconf 71' lang='lat' dir='ltr'>deest.</span> 
     </span>
     <span class='ocr_line' id='line_1_52' title="bbox 512 2667 1822 2711; baseline -0.008 -5"><span class='ocrx_word' id='word_1_347' title='bbox 512 2687 558 2706; x_wconf 78' lang='lat'>20.</span> <span class='ocrx_word' id='word_1_348' title='bbox 576 2679 619 2706; x_wconf 77' lang='lat' dir='ltr'>A:</span> <span class='ocrx_word' id='word_1_349' title='bbox 641 2686 713 2711; x_wconf 72' lang='lat' dir='ltr'>ergo</span> <span class='ocrx_word' id='word_1_350' title='bbox 734 2677 828 2704; x_wconf 82' lang='lat' dir='ltr'>deest.</span> <span class='ocrx_word' id='word_1_351' title='bbox 890 2683 934 2710; x_wconf 83' lang='lat'>27.</span> <span class='ocrx_word' id='word_1_352' title='bbox 955 2676 999 2703; x_wconf 89' lang='lat' dir='ltr'>A:</span> <span class='ocrx_word' id='word_1_353' title='bbox 1021 2673 1155 2701; x_wconf 80' lang='lat' dir='ltr'>audient.</span> <span class='ocrx_word' id='word_1_354' title='bbox 1219 2680 1266 2708; x_wconf 84' lang='lat'>29.</span> <span class='ocrx_word' id='word_1_355' title='bbox 1288 2671 1361 2699; x_wconf 88' lang='lat' dir='ltr'>AD:</span> <span class='ocrx_word' id='word_1_356' title='bbox 1384 2671 1588 2698; x_wconf 82' lang='lat' dir='ltr'>decertarunt.</span> <span class='ocrx_word' id='word_1_357' title='bbox 1653 2677 1700 2702; x_wconf 78' lang='lat'>20.</span> <span class='ocrx_word' id='word_1_358' title='bbox 1716 2667 1762 2696; x_wconf 84' lang='lat'>30.</span> <span class='ocrx_word' id='word_1_359' title='bbox 1779 2669 1822 2696; x_wconf 81' lang='lat' dir='ltr'>A:</span> 
     </span>
     <span class='ocr_line' id='line_1_53' title="bbox 513 2703 1822 2746; baseline -0.01 -5"><span class='ocrx_word' id='word_1_360' title='bbox 513 2714 631 2741; x_wconf 85' lang='lat' dir='ltr'>Omnes</span> <span class='ocrx_word' id='word_1_361' title='bbox 657 2717 769 2739; x_wconf 78' lang='lat' dir='ltr'>tamen.</span> <span class='ocrx_word' id='word_1_362' title='bbox 911 2718 958 2746; x_wconf 82' lang='lat'>29.</span> <span class='ocrx_word' id='word_1_363' title='bbox 980 2709 1003 2736; x_wconf 87' lang='lat' dir='ltr'>E</span> <span class='ocrx_word' id='word_1_364' title='bbox 1023 2709 1052 2736; x_wconf 88' lang='lat' dir='ltr'>in</span> <span class='ocrx_word' id='word_1_365' title='bbox 1075 2716 1187 2743; x_wconf 84' lang='lat' dir='ltr'>marg.:</span> <span class='ocrx_word' id='word_1_366' title='bbox 1215 2705 1439 2735; x_wconf 76' lang='lat' dir='ltr'>Subversiones</span> <span class='ocrx_word' id='word_1_367' title='bbox 1460 2705 1633 2733; x_wconf 73' lang='lat' dir='ltr'>introducte</span> <span class='ocrx_word' id='word_1_368' title='bbox 1653 2703 1822 2740; x_wconf 82' lang='lat' dir='ltr'>quomodo.</span> 
     </span>
     <span class='ocr_line' id='line_1_54' title="bbox 511 2745 855 2776; baseline -0.015 0"><span class='ocrx_word' id='word_1_369' title='bbox 511 2747 550 2776; x_wconf 82' lang='lat'>31.</span> <span class='ocrx_word' id='word_1_370' title='bbox 567 2747 635 2775; x_wconf 74' lang='lat' dir='ltr'>DE:</span> <span class='ocrx_word' id='word_1_371' title='bbox 656 2746 782 2774; x_wconf 87' lang='lat' dir='ltr'>dictavit</span> <span class='ocrx_word' id='word_1_372' title='bbox 802 2745 855 2772; x_wconf 89' lang='lat' dir='ltr'>eis.</span> 
     </span>
    </p>

    <p class='ocr_par' dir='ltr' id='par_1_11' title="bbox 584 2799 1824 2848">
     <span class='ocr_line' id='line_1_55' title="bbox 584 2799 1824 2848; baseline -0.007 -9"><span class='ocrx_word' id='word_1_373' title='bbox 584 2807 614 2840; x_wconf 86' lang='lat'>3.</span> <span class='ocrx_word' id='word_1_374' title='bbox 631 2806 682 2839; x_wconf 89' lang='lat' dir='ltr'>Cf.</span> <span class='ocrx_word' id='word_1_375' title='bbox 698 2807 732 2839; x_wconf 84' lang='lat' dir='ltr'>S.</span> <span class='ocrx_word' id='word_1_376' title='bbox 744 2805 841 2838; x_wconf 86' lang='lat' dir='ltr'>E.W.</span> <span class='ocrx_word' id='word_1_377' title='bbox 855 2815 888 2848; x_wconf 88' lang='lat' dir='ltr'>p.</span> <span class='ocrx_word' id='word_1_378' title='bbox 903 2803 939 2836; x_wconf 87' lang='grc'>15</span> <span class='ocrx_word' id='word_1_379' title='bbox 952 2803 1018 2836; x_wconf 87' lang='lat' dir='ltr'>and</span> <span class='ocrx_word' id='word_1_380' title='bbox 1027 2814 1096 2846; x_wconf 84' lang='lat'>494</span> <span class='ocrx_word' id='word_1_381' title='bbox 1111 2801 1214 2843; x_wconf 84' lang='lat' dir='ltr'>„The</span> <span class='ocrx_word' id='word_1_382' title='bbox 1227 2808 1324 2845; x_wconf 85' lang='lat' dir='ltr'>great</span> <span class='ocrx_word' id='word_1_383' title='bbox 1339 2808 1441 2833; x_wconf 87' lang='lat' dir='ltr'>stone</span> <span class='ocrx_word' id='word_1_384' title='bbox 1460 2799 1601 2832; x_wconf 83' lang='lat' dir='ltr'>kitchen</span> <span class='ocrx_word' id='word_1_385' title='bbox 1619 2807 1650 2831; x_wconf 84' lang='lat' dir='ltr'>at</span> <span class='ocrx_word' id='word_1_386' title='bbox 1661 2799 1824 2832; x_wconf 86' lang='lat' dir='ltr'>Glaston-</span> 
     </span>
    </p>
   </div>
   <div class='ocr_carea' id='block_1_8' title="bbox 514 2845 1823 2986">
    <p class='ocr_par' dir='ltr' id='par_1_12' title="bbox 514 2845 1823 2986">
     <span class='ocr_line' id='line_1_56' title="bbox 514 2845 1823 2897; baseline -0.008 -10"><span class='ocrx_word' id='word_1_387' title='bbox 514 2855 604 2897; x_wconf 90' lang='lat' dir='ltr'>bury</span> <span class='ocrx_word' id='word_1_388' title='bbox 623 2863 695 2884; x_wconf 83' lang='lat' dir='ltr'>was</span> <span class='ocrx_word' id='word_1_389' title='bbox 721 2852 810 2884; x_wconf 88' lang='lat' dir='ltr'>built</span> <span class='ocrx_word' id='word_1_390' title='bbox 834 2851 868 2882; x_wconf 87' lang='lat' dir='ltr'>in</span> <span class='ocrx_word' id='word_1_391' title='bbox 895 2849 954 2882; x_wconf 89' lang='lat' dir='ltr'>the</span> <span class='ocrx_word' id='word_1_392' title='bbox 977 2849 1045 2891; x_wconf 67' lang='lat'>14211</span> <span class='ocrx_word' id='word_1_393' title='bbox 1066 2855 1224 2892; x_wconf 88' lang='lat' dir='ltr'>century.</span> <span class='ocrx_word' id='word_1_394' title='bbox 1245 2846 1324 2879; x_wconf 87' lang='lat' dir='ltr'>The</span> <span class='ocrx_word' id='word_1_395' title='bbox 1343 2853 1440 2887; x_wconf 78' lang='lat' dir='ltr'>great</span> <span class='ocrx_word' id='word_1_396' title='bbox 1460 2853 1637 2889; x_wconf 77' lang='lat' dir='ltr'>gateways</span> <span class='ocrx_word' id='word_1_397' title='bbox 1659 2852 1692 2877; x_wconf 81' lang='lat' dir='ltr'>at</span> <span class='ocrx_word' id='word_1_398' title='bbox 1711 2845 1823 2876; x_wconf 79' lang='lat' dir='ltr'>Battle</span> 
     </span>
     <span class='ocr_line' id='line_1_57' title="bbox 515 2891 1818 2942; baseline -0.008 -9"><span class='ocrx_word' id='word_1_399' title='bbox 515 2901 581 2933; x_wconf 83' lang='lat' dir='ltr'>and</span> <span class='ocrx_word' id='word_1_400' title='bbox 600 2901 695 2942; x_wconf 88' lang='lat' dir='ltr'>Bury</span> <span class='ocrx_word' id='word_1_401' title='bbox 714 2900 761 2931; x_wconf 82' lang='lat' dir='ltr'>St.</span> <span class='ocrx_word' id='word_1_402' title='bbox 782 2897 966 2930; x_wconf 88' lang='lat' dir='ltr'>Edmunds</span> <span class='ocrx_word' id='word_1_403' title='bbox 992 2906 1051 2928; x_wconf 87' lang='lat' dir='ltr'>are</span> <span class='ocrx_word' id='word_1_404' title='bbox 1077 2895 1153 2928; x_wconf 87' lang='lat' dir='ltr'>also</span> <span class='ocrx_word' id='word_1_405' title='bbox 1176 2894 1216 2927; x_wconf 88' lang='lat' dir='ltr'>of</span> <span class='ocrx_word' id='word_1_406' title='bbox 1236 2893 1298 2926; x_wconf 88' lang='lat' dir='ltr'>the</span> <span class='ocrx_word' id='word_1_407' title='bbox 1328 2892 1384 2934; x_wconf 84' lang='lat'>14¹¹</span> <span class='ocrx_word' id='word_1_408' title='bbox 1408 2892 1587 2934; x_wconf 66' lang='lat' dir='ltr'>century.n</span> <span class='ocrx_word' id='word_1_409' title='bbox 1613 2891 1818 2934; x_wconf 82' lang='lat' dir='ltr'>(Matthew.)</span> 
     </span>
     <span class='ocr_line' id='line_1_58' title="bbox 521 2939 1536 2986; baseline -0.008 -7"><span class='ocrx_word' id='word_1_410' title='bbox 521 2947 570 2979; x_wconf 81' lang='lat'>15.</span> <span class='ocrx_word' id='word_1_411' title='bbox 597 2946 717 2978; x_wconf 82' lang='lat' dir='ltr'>Matth.</span> <span class='ocrx_word' id='word_1_412' title='bbox 742 2944 895 2986; x_wconf 83' lang='lat' dir='ltr'>XXVlH,</span> <span class='ocrx_word' id='word_1_413' title='bbox 925 2953 977 2975; x_wconf 89' lang='lat'>20.</span> <span class='ocrx_word' id='word_1_414' title='bbox 1077 2942 1131 2984; x_wconf 78' lang='lat'>25,</span> <span class='ocrx_word' id='word_1_415' title='bbox 1159 2939 1212 2974; x_wconf 87' lang='lat'>26.</span> <span class='ocrx_word' id='word_1_416' title='bbox 1241 2940 1370 2973; x_wconf 79' lang='lat' dir='ltr'>Psaim.</span> <span class='ocrx_word' id='word_1_417' title='bbox 1389 2939 1462 2980; x_wconf 80' lang='lat' dir='ltr'>VII,</span> <span class='ocrx_word' id='word_1_418' title='bbox 1487 2948 1536 2972; x_wconf 88' lang='lat'>12.</span> 
     </span>
    </p>
   </div>
  </div>
 </body>
</html>
