<?xml version="1.0" encoding="UTF-8"?>
<!DOCTYPE html PUBLIC "-//W3C//DTD XHTML 1.0 Transitional//EN"
    "http://www.w3.org/TR/xhtml1/DTD/xhtml1-transitional.dtd">
<html xmlns="http://www.w3.org/1999/xhtml" xml:lang="en" lang="en">
 <head>
  <title>
</title>
<meta http-equiv="Content-Type" content="text/html;charset=utf-8" />
  <meta name='ocr-system' content='tesseract 3.04.00' />
  <meta name='ocr-capabilities' content='ocr_page ocr_carea ocr_par ocr_line ocrx_word'/>
</head>
<body>
  <div class='ocr_page' id='page_1' title='image "./iohanniswyclifse0702wycl_0154.png"; bbox 0 0 1986 3380; ppageno 0'>
   <div class='ocr_carea' id='block_1_1' title="bbox 168 267 1757 325">
    <p class='ocr_par' dir='ltr' id='par_1_1' title="bbox 168 267 1757 325">
     <span class='ocr_line' id='line_1_1' title="bbox 168 267 1757 325; baseline -0.006 -6"><span class='ocrx_word' id='word_1_1' title='bbox 168 284 240 319; x_wconf 72' lang='lat'>124</span> <span class='ocrx_word' id='word_1_2' title='bbox 743 282 963 313; x_wconf 66' lang='lat' dir='ltr'>JOllANNlS</span> <span class='ocrx_word' id='word_1_3' title='bbox 983 281 1165 313; x_wconf 67' lang='lat' dir='ltr'>WYCLIF</span> <span class='ocrx_word' id='word_1_4' title='bbox 1184 282 1443 313; x_wconf 70' lang='lat' dir='ltr'>SERMONUM</span> <span class='ocrx_word' id='word_1_5' title='bbox 1487 267 1639 325; x_wconf 71' lang='lat' dir='ltr'>[SERMO</span> <span class='ocrx_word' id='word_1_6' title='bbox 1663 279 1757 307; x_wconf 71' lang='lat' dir='ltr'>XVI!-</span> 
     </span>
    </p>
   </div>
   <div class='ocr_carea' id='block_1_2' title="bbox 162 388 1822 2525">
    <p class='ocr_par' dir='ltr' id='par_1_2' title="bbox 162 388 1822 2525">
     <span class='ocr_line' id='line_1_2' title="bbox 441 388 1758 440; baseline 0 -15"><span class='ocrx_word' id='word_1_7' title='bbox 441 391 587 440; x_wconf 73' lang='lat' dir='ltr'>placuit</span> <span class='ocrx_word' id='word_1_8' title='bbox 606 391 716 439; x_wconf 72' lang='lat' dir='ltr'>patri</span> <span class='ocrx_word' id='word_1_9' title='bbox 739 397 864 426; x_wconf 69' lang='lat' dir='ltr'>vestro</span> <span class='ocrx_word' id='word_1_10' title='bbox 888 390 983 425; x_wconf 75' lang='lat' dir='ltr'>dare</span> <span class='ocrx_word' id='word_1_11' title='bbox 1008 389 1110 425; x_wconf 70' lang='lat' dir='ltr'>vohis</span> <span class='ocrx_word' id='word_1_12' title='bbox 1135 403 1313 439; x_wconf 63' lang='lat' dir='ltr'>regnum,</span> <span class='ocrx_word' id='word_1_13' title='bbox 1332 389 1396 425; x_wconf 86' lang='lat' dir='ltr'>ubi</span> <span class='ocrx_word' id='word_1_14' title='bbox 1423 389 1567 426; x_wconf 80' lang='lat' dir='ltr'>excutit</span> <span class='ocrx_word' id='word_1_15' title='bbox 1598 388 1758 425; x_wconf 81' lang='lat' dir='ltr'>indubie</span> 
     </span>
     <span class='ocr_line' id='line_1_3' title="bbox 446 447 1758 495; baseline -0.001 -12"><span class='ocrx_word' id='word_1_16' title='bbox 446 448 631 484; x_wconf 84' lang='lat' dir='ltr'>timorem</span> <span class='ocrx_word' id='word_1_17' title='bbox 663 448 842 484; x_wconf 77' lang='lat' dir='ltr'>servilem</span> <span class='ocrx_word' id='word_1_18' title='bbox 875 456 911 483; x_wconf 84' lang='lat' dir='ltr'>et</span> <span class='ocrx_word' id='word_1_19' title='bbox 941 447 1249 495; x_wconf 81' lang='lat' dir='ltr'>desperacionis,</span> <span class='ocrx_word' id='word_1_20' title='bbox 1280 461 1360 484; x_wconf 92' lang='lat' dir='ltr'>non</span> <span class='ocrx_word' id='word_1_21' title='bbox 1386 447 1571 484; x_wconf 87' lang='lat' dir='ltr'>timorem</span> <span class='ocrx_word' id='word_1_22' title='bbox 1599 447 1758 483; x_wconf 84' lang='lat' dir='ltr'>filialem</span> 
     </span>
     <span class='ocr_line' id='line_1_4' title="bbox 447 504 1759 553; baseline -0.002 -10"><span class='ocrx_word' id='word_1_23' title='bbox 447 506 714 543; x_wconf 77' lang='lat' dir='ltr'>excitacionis.</span> <span class='ocrx_word' id='word_1_24' title='bbox 750 508 925 541; x_wconf 87' lang='lat' dir='ltr'>Fuerunt</span> <span class='ocrx_word' id='word_1_25' title='bbox 956 505 1060 541; x_wconf 88' lang='lat' dir='ltr'>enim</span> <span class='ocrx_word' id='word_1_26' title='bbox 1095 506 1241 542; x_wconf 83' lang='lat' dir='ltr'>Christi</span> <span class='ocrx_word' id='word_1_27' title='bbox 1273 505 1459 553; x_wconf 85' lang='lat' dir='ltr'>discipuli</span> <span class='ocrx_word' id='word_1_28' title='bbox 1490 505 1528 541; x_wconf 90' lang='lat' dir='ltr'>in</span> <span class='ocrx_word' id='word_1_29' title='bbox 1560 504 1759 553; x_wconf 74' lang='lat' dir='ltr'>primitiva</span> 
     </span>
     <span class='ocr_line' id='line_1_5' title="bbox 447 562 1760 612; baseline -0.002 -12"><span class='ocrx_word' id='word_1_30' title='bbox 447 564 614 600; x_wconf 72' lang='lat' dir='ltr'>ecclesia</span> <span class='ocrx_word' id='word_1_31' title='bbox 649 564 814 611; x_wconf 80' lang='lat' dir='ltr'>pusillus</span> <span class='ocrx_word' id='word_1_32' title='bbox 848 576 938 611; x_wconf 72' lang='lat' dir='ltr'>grex</span> <span class='ocrx_word' id='word_1_33' title='bbox 971 572 1051 599; x_wconf 85' lang='lat' dir='ltr'>tam</span> <span class='ocrx_word' id='word_1_34' title='bbox 1088 564 1275 600; x_wconf 83' lang='lat' dir='ltr'>continue</span> <span class='ocrx_word' id='word_1_35' title='bbox 1306 577 1425 612; x_wconf 87' lang='lat' dir='ltr'>quam</span> <span class='ocrx_word' id='word_1_36' title='bbox 1461 564 1649 602; x_wconf 81' lang='lat' dir='ltr'>discrete:</span> <span class='ocrx_word' id='word_1_37' title='bbox 1685 562 1760 598; x_wconf 84' lang='lat' dir='ltr'>dis-</span> 
     </span>
     <span class='ocr_line' id='line_1_6' title="bbox 448 621 1794 670; baseline -0.002 -12"><span class='ocrx_word' id='word_1_38' title='bbox 448 632 565 663; x_wconf 79' lang='lat' dir='ltr'>crete,</span> <span class='ocrx_word' id='word_1_39' title='bbox 597 622 689 670; x_wconf 83' lang='lat' dir='ltr'>quia</span> <span class='ocrx_word' id='word_1_40' title='bbox 722 621 837 669; x_wconf 80' lang='lat' dir='ltr'>pauci</span> <span class='ocrx_word' id='word_1_41' title='bbox 868 621 907 657; x_wconf 91' lang='lat' dir='ltr'>in</span> <span class='ocrx_word' id='word_1_42' title='bbox 932 622 1242 669; x_wconf 84' lang='lat' dir='ltr'>comparacione</span> <span class='ocrx_word' id='word_1_43' title='bbox 1275 623 1323 659; x_wconf 85' lang='lat' dir='ltr'>ad</span> <span class='ocrx_word' id='word_1_44' title='bbox 1358 634 1568 658; x_wconf 88' lang='lat' dir='ltr'>numerum</span> <span class='ocrx_word' id='word_1_45' title='bbox 1603 624 1794 669; x_wconf 74' lang='lat' dir='ltr'>aposta-5</span> 
     </span>
     <span class='ocr_line' id='line_1_7' title="bbox 447 678 1762 727; baseline -0.001 -12"><span class='ocrx_word' id='word_1_46' title='bbox 447 690 577 716; x_wconf 82' lang='lat' dir='ltr'>tarum</span> <span class='ocrx_word' id='word_1_47' title='bbox 613 680 679 727; x_wconf 89' lang='lat' dir='ltr'>qui</span> <span class='ocrx_word' id='word_1_48' title='bbox 715 681 874 716; x_wconf 89' lang='lat' dir='ltr'>fuerunt</span> <span class='ocrx_word' id='word_1_49' title='bbox 907 680 1100 727; x_wconf 86' lang='lat' dir='ltr'>apostolis</span> <span class='ocrx_word' id='word_1_50' title='bbox 1139 680 1356 720; x_wconf 71' lang='lat' dir='ltr'>adversati:</span> <span class='ocrx_word' id='word_1_51' title='bbox 1391 689 1427 716; x_wconf 88' lang='lat' dir='ltr'>et</span> <span class='ocrx_word' id='word_1_52' title='bbox 1460 680 1618 716; x_wconf 89' lang='lat' dir='ltr'>fuerunt</span> <span class='ocrx_word' id='word_1_53' title='bbox 1651 678 1762 727; x_wconf 85' lang='lat' dir='ltr'>parvi</span> 
     </span>
     <span class='ocr_line' id='line_1_8' title="bbox 447 737 1762 786; baseline -0.002 -12"><span class='ocrx_word' id='word_1_54' title='bbox 447 738 486 774; x_wconf 89' lang='lat' dir='ltr'>in</span> <span class='ocrx_word' id='word_1_55' title='bbox 525 738 673 777; x_wconf 76' lang='lat' dir='ltr'>animo.</span> <span class='ocrx_word' id='word_1_56' title='bbox 709 738 801 786; x_wconf 89' lang='lat' dir='ltr'>quia</span> <span class='ocrx_word' id='word_1_57' title='bbox 840 737 1061 774; x_wconf 87' lang='lat' dir='ltr'>sencientes</span> <span class='ocrx_word' id='word_1_58' title='bbox 1095 738 1298 774; x_wconf 84' lang='lat' dir='ltr'>humiliter</span> <span class='ocrx_word' id='word_1_59' title='bbox 1331 739 1378 774; x_wconf 92' lang='lat' dir='ltr'>de</span> <span class='ocrx_word' id='word_1_60' title='bbox 1412 750 1452 774; x_wconf 89' lang='lat' dir='ltr'>se</span> <span class='ocrx_word' id='word_1_61' title='bbox 1484 737 1580 786; x_wconf 87' lang='lat' dir='ltr'>ipsis</span> <span class='ocrx_word' id='word_1_62' title='bbox 1613 747 1650 773; x_wconf 89' lang='lat' dir='ltr'>et</span> <span class='ocrx_word' id='word_1_63' title='bbox 1681 749 1762 772; x_wconf 90' lang='lat' dir='ltr'>non</span> 
     </span>
     <span class='ocr_line' id='line_1_9' title="bbox 172 794 1763 844; baseline -0.001 -13"><span class='ocrx_word' id='word_1_64' title='bbox 172 802 265 829; x_wconf 49' lang='lat' dir='ltr'>&amp;mall</span> <span class='ocrx_word' id='word_1_65' title='bbox 289 802 417 828; x_wconf 73' lang='lat' dir='ltr'>number</span> <span class='ocrx_word' id='word_1_66' title='bbox 447 797 678 832; x_wconf 77' lang='lat' dir='ltr'>extollentes</span> <span class='ocrx_word' id='word_1_67' title='bbox 707 808 746 832; x_wconf 82' lang='lat' dir='ltr'>se</span> <span class='ocrx_word' id='word_1_68' title='bbox 776 808 866 832; x_wconf 92' lang='lat' dir='ltr'>cum</span> <span class='ocrx_word' id='word_1_69' title='bbox 892 795 1075 832; x_wconf 87' lang='lat' dir='ltr'>Lucifero</span> <span class='ocrx_word' id='word_1_70' title='bbox 1105 809 1225 844; x_wconf 86' lang='lat' dir='ltr'>supra</span> <span class='ocrx_word' id='word_1_71' title='bbox 1250 798 1396 836; x_wconf 82' lang='lat' dir='ltr'>Deum:</span> <span class='ocrx_word' id='word_1_72' title='bbox 1432 805 1468 832; x_wconf 89' lang='lat' dir='ltr'>et</span> <span class='ocrx_word' id='word_1_73' title='bbox 1500 795 1554 832; x_wconf 87' lang='lat' dir='ltr'>ita</span> <span class='ocrx_word' id='word_1_74' title='bbox 1587 794 1763 832; x_wconf 89' lang='lat' dir='ltr'>creditur</span> 
     </span>
     <span class='ocr_line' id='line_1_10' title="bbox 193 838 1762 902; baseline -0.001 -12"><span class='ocrx_word' id='word_1_75' title='bbox 193 838 292 865; x_wconf 46' lang='grc' dir='ltr'>ΘΗΜ</span> <span class='ocrx_word' id='word_1_76' title='bbox 312 838 395 865; x_wconf 62' lang='lat' dir='ltr'>elect.</span> <span class='ocrx_word' id='word_1_77' title='bbox 447 856 554 902; x_wconf 86' lang='lat' dir='ltr'>quod</span> <span class='ocrx_word' id='word_1_78' title='bbox 595 862 679 890; x_wconf 83' lang='lat' dir='ltr'>tota</span> <span class='ocrx_word' id='word_1_79' title='bbox 720 853 936 890; x_wconf 87' lang='lat' dir='ltr'>multitudo</span> <span class='ocrx_word' id='word_1_80' title='bbox 969 854 1336 902; x_wconf 81' lang='lat' dir='ltr'>predestinatorum</span> <span class='ocrx_word' id='word_1_81' title='bbox 1380 854 1418 890; x_wconf 91' lang='lat' dir='ltr'>in</span> <span class='ocrx_word' id='word_1_82' title='bbox 1451 852 1762 902; x_wconf 87' lang='lat' dir='ltr'>comparacione</span> 
     </span>
     <span class='ocr_line' id='line_1_11' title="bbox 447 911 1820 960; baseline -0.001 -12"><span class='ocrx_word' id='word_1_83' title='bbox 447 913 495 949; x_wconf 83' lang='lat' dir='ltr'>ad</span> <span class='ocrx_word' id='word_1_84' title='bbox 530 913 723 959; x_wconf 84' lang='lat' dir='ltr'>reprobos</span> <span class='ocrx_word' id='word_1_85' title='bbox 762 912 811 948; x_wconf 85' lang='lat' dir='ltr'>sit</span> <span class='ocrx_word' id='word_1_86' title='bbox 845 911 1000 960; x_wconf 85' lang='lat' dir='ltr'>pusilla.</span> <span class='ocrx_word' id='word_1_87' title='bbox 1042 914 1088 948; x_wconf 82' lang='lat' dir='ltr'>Et</span> <span class='ocrx_word' id='word_1_88' title='bbox 1123 912 1309 949; x_wconf 89' lang='lat' dir='ltr'>omnibus</span> <span class='ocrx_word' id='word_1_89' title='bbox 1348 911 1424 949; x_wconf 90' lang='lat' dir='ltr'>illis</span> <span class='ocrx_word' id='word_1_90' title='bbox 1458 911 1651 960; x_wconf 88' lang='lat' dir='ltr'>competit</span> <span class='ocrx_word' id='word_1_91' title='bbox 1689 912 1820 948; x_wconf 79' lang='lat' dir='ltr'>hecm</span> 
     </span>
     <span class='ocr_line' id='line_1_12' title="bbox 447 969 1762 1018; baseline -0.002 -12"><span class='ocrx_word' id='word_1_92' title='bbox 447 970 644 1006; x_wconf 88' lang='lat' dir='ltr'>doctrina.</span> <span class='ocrx_word' id='word_1_93' title='bbox 679 970 789 1006; x_wconf 85' lang='lat' dir='ltr'>Sicut</span> <span class='ocrx_word' id='word_1_94' title='bbox 823 969 927 1006; x_wconf 87' lang='lat' dir='ltr'>enirn</span> <span class='ocrx_word' id='word_1_95' title='bbox 963 970 1064 1006; x_wconf 89' lang='lat' dir='ltr'>inter</span> <span class='ocrx_word' id='word_1_96' title='bbox 1096 969 1261 1007; x_wconf 83' lang='lat' dir='ltr'>virtutes</span> <span class='ocrx_word' id='word_1_97' title='bbox 1295 970 1542 1018; x_wconf 80' lang='lat' dir='ltr'>theologicas</span> <span class='ocrx_word' id='word_1_98' title='bbox 1575 969 1672 1006; x_wconf 91' lang='lat' dir='ltr'>fides</span> <span class='ocrx_word' id='word_1_99' title='bbox 1705 977 1762 1005; x_wconf 89' lang='lat' dir='ltr'>est</span> 
     </span>
     <span class='ocr_line' id='line_1_13' title="bbox 447 1027 1761 1076; baseline -0.001 -12"><span class='ocrx_word' id='word_1_100' title='bbox 447 1028 591 1076; x_wconf 80' lang='lat' dir='ltr'>prima.</span> <span class='ocrx_word' id='word_1_101' title='bbox 631 1027 686 1064; x_wconf 87' lang='lat' dir='ltr'>sic</span> <span class='ocrx_word' id='word_1_102' title='bbox 731 1028 832 1065; x_wconf 90' lang='lat' dir='ltr'>inter</span> <span class='ocrx_word' id='word_1_103' title='bbox 870 1028 1035 1064; x_wconf 70' lang='lat' dir='ltr'>virtutes</span> <span class='ocrx_word' id='word_1_104' title='bbox 1086 1030 1257 1065; x_wconf 84' lang='lat' dir='ltr'>morales</span> <span class='ocrx_word' id='word_1_105' title='bbox 1302 1041 1342 1065; x_wconf 91' lang='lat' dir='ltr'>se</span> <span class='ocrx_word' id='word_1_106' title='bbox 1381 1029 1500 1065; x_wconf 85' lang='lat' dir='ltr'>habet</span> <span class='ocrx_word' id='word_1_107' title='bbox 1544 1027 1761 1067; x_wconf 81' lang='lat' dir='ltr'>humilitas.</span> 
     </span>
     <span class='ocr_line' id='line_1_14' title="bbox 448 1083 1762 1139; baseline -0.002 -17"><span class='ocrx_word' id='word_1_108' title='bbox 448 1099 537 1123; x_wconf 88' lang='lat' dir='ltr'>eum</span> <span class='ocrx_word' id='word_1_109' title='bbox 562 1086 749 1134; x_wconf 82' lang='lat' dir='ltr'>superbia</span> <span class='ocrx_word' id='word_1_110' title='bbox 764 1099 840 1135; x_wconf 91' lang='lat' dir='ltr'>que</span> <span class='ocrx_word' id='word_1_111' title='bbox 858 1086 931 1122; x_wconf 87' lang='lat' dir='ltr'>sibi</span> <span class='ocrx_word' id='word_1_112' title='bbox 954 1086 1172 1134; x_wconf 83' lang='lat' dir='ltr'>opponitur</span> <span class='ocrx_word' id='word_1_113' title='bbox 1201 1083 1205 1139; x_wconf 69' lang='grc'>1</span> <span class='ocrx_word' id='word_1_114' title='bbox 1234 1087 1282 1123; x_wconf 87' lang='lat' dir='ltr'>sit</span> <span class='ocrx_word' id='word_1_115' title='bbox 1298 1086 1472 1135; x_wconf 88' lang='lat' dir='ltr'>primum</span> <span class='ocrx_word' id='word_1_116' title='bbox 1493 1095 1529 1122; x_wconf 93' lang='lat' dir='ltr'>et</span> <span class='ocrx_word' id='word_1_117' title='bbox 1545 1085 1762 1122; x_wconf 79' lang='lat' dir='ltr'>maximum</span> 
     </span>
     <span class='ocr_line' id='line_1_15' title="bbox 447 1143 1762 1192; baseline -0.002 -12"><span class='ocrx_word' id='word_1_118' title='bbox 447 1144 656 1180; x_wconf 78' lang='lat' dir='ltr'>viciorum.</span> <span class='ocrx_word' id='word_1_119' title='bbox 692 1146 771 1181; x_wconf 89' lang='lat' dir='ltr'>Nec</span> <span class='ocrx_word' id='word_1_120' title='bbox 806 1145 924 1181; x_wconf 83' lang='lat' dir='ltr'>refert</span> <span class='ocrx_word' id='word_1_121' title='bbox 957 1144 1036 1180; x_wconf 76' lang='lat' dir='ltr'>sive</span> <span class='ocrx_word' id='word_1_122' title='bbox 1076 1157 1164 1192; x_wconf 78' lang='lat' dir='ltr'>spes</span> <span class='ocrx_word' id='word_1_123' title='bbox 1197 1145 1277 1181; x_wconf 77' lang='lat' dir='ltr'>sive</span> <span class='ocrx_word' id='word_1_124' title='bbox 1312 1144 1407 1180; x_wconf 92' lang='lat' dir='ltr'>fides</span> <span class='ocrx_word' id='word_1_125' title='bbox 1441 1153 1565 1192; x_wconf 86' lang='lat' dir='ltr'>ponat</span> <span class='ocrx_word' id='word_1_126' title='bbox 1598 1143 1762 1179; x_wconf 88' lang='lat' dir='ltr'>inicium</span> 
     </span>
     <span class='ocr_line' id='line_1_16' title="bbox 450 1201 1820 1251; baseline 0 -13"><span class='ocrx_word' id='word_1_127' title='bbox 450 1203 511 1239; x_wconf 82' lang='lat' dir='ltr'>hic</span> <span class='ocrx_word' id='word_1_128' title='bbox 535 1202 574 1238; x_wconf 93' lang='lat' dir='ltr'>in</span> <span class='ocrx_word' id='word_1_129' title='bbox 596 1201 670 1241; x_wconf 75' lang='lat' dir='ltr'>via.</span> <span class='ocrx_word' id='word_1_130' title='bbox 688 1203 781 1251; x_wconf 90' lang='lat' dir='ltr'>quia</span> <span class='ocrx_word' id='word_1_131' title='bbox 805 1202 905 1239; x_wconf 88' lang='lat' dir='ltr'>sicut</span> <span class='ocrx_word' id='word_1_132' title='bbox 921 1212 1002 1239; x_wconf 87' lang='lat' dir='ltr'>tam</span> <span class='ocrx_word' id='word_1_133' title='bbox 1019 1202 1183 1238; x_wconf 72' lang='lat' dir='ltr'>virtutes</span> <span class='ocrx_word' id='word_1_134' title='bbox 1199 1215 1318 1251; x_wconf 87' lang='lat' dir='ltr'>quam</span> <span class='ocrx_word' id='word_1_135' title='bbox 1336 1202 1437 1238; x_wconf 79' lang='lat' dir='ltr'>vicia</span> <span class='ocrx_word' id='word_1_136' title='bbox 1460 1210 1551 1238; x_wconf 86' lang='lat' dir='ltr'>sunt</span> <span class='ocrx_word' id='word_1_137' title='bbox 1574 1213 1763 1245; x_wconf 80' lang='lat' dir='ltr'>connexa,</span> <span class='ocrx_word' id='word_1_138' title='bbox 1785 1206 1820 1238; x_wconf 78' lang='lat'>15</span> 
     </span>
     <span class='ocr_line' id='line_1_17' title="bbox 448 1259 1763 1309; baseline -0.002 -13"><span class='ocrx_word' id='word_1_139' title='bbox 448 1261 503 1297; x_wconf 89' lang='lat' dir='ltr'>sic</span> <span class='ocrx_word' id='word_1_140' title='bbox 549 1260 587 1296; x_wconf 87' lang='lat' dir='ltr'>in</span> <span class='ocrx_word' id='word_1_141' title='bbox 634 1260 784 1297; x_wconf 85' lang='lat' dir='ltr'>circulo</span> <span class='ocrx_word' id='word_1_142' title='bbox 822 1260 1013 1296; x_wconf 72' lang='lat' dir='ltr'>virtutum</span> <span class='ocrx_word' id='word_1_143' title='bbox 1054 1260 1229 1309; x_wconf 85' lang='lat' dir='ltr'>quelibet</span> <span class='ocrx_word' id='word_1_144' title='bbox 1267 1260 1390 1296; x_wconf 68' lang='lat' dir='ltr'>virtus</span> <span class='ocrx_word' id='word_1_145' title='bbox 1430 1260 1548 1296; x_wconf 86' lang='lat' dir='ltr'>habet</span> <span class='ocrx_word' id='word_1_146' title='bbox 1587 1259 1763 1307; x_wconf 82' lang='lat' dir='ltr'>aliquam</span> 
     </span>
     <span class='ocr_line' id='line_1_18' title="bbox 450 1318 1086 1366; baseline -0.002 -11"><span class='ocrx_word' id='word_1_147' title='bbox 450 1318 653 1355; x_wconf 82' lang='lat' dir='ltr'>racionem</span> <span class='ocrx_word' id='word_1_148' title='bbox 689 1318 798 1354; x_wconf 87' lang='lat' dir='ltr'>inicii</span> <span class='ocrx_word' id='word_1_149' title='bbox 831 1328 950 1366; x_wconf 90' lang='lat' dir='ltr'>atque</span> <span class='ocrx_word' id='word_1_150' title='bbox 986 1318 1086 1354; x_wconf 88' lang='lat' dir='ltr'>finis.</span> 
     </span>
     <span class='ocr_line' id='line_1_19' title="bbox 507 1376 1763 1423; baseline -0.002 -11"><span class='ocrx_word' id='word_1_151' title='bbox 507 1378 679 1413; x_wconf 82' lang='lat' dir='ltr'>Causam</span> <span class='ocrx_word' id='word_1_152' title='bbox 715 1386 848 1412; x_wconf 86' lang='lat' dir='ltr'>autern</span> <span class='ocrx_word' id='word_1_153' title='bbox 885 1376 996 1412; x_wconf 90' lang='lat' dir='ltr'>istius</span> <span class='ocrx_word' id='word_1_154' title='bbox 1034 1376 1282 1413; x_wconf 88' lang='lat' dir='ltr'>confidencie</span> <span class='ocrx_word' id='word_1_155' title='bbox 1311 1389 1473 1413; x_wconf 78' lang='lat' dir='ltr'>excusso</span> <span class='ocrx_word' id='word_1_156' title='bbox 1502 1376 1647 1411; x_wconf 89' lang='lat' dir='ltr'>timore</span> <span class='ocrx_word' id='word_1_157' title='bbox 1676 1387 1763 1423; x_wconf 78' lang='lat' dir='ltr'>pre-</span> 
     </span>
     <span class='ocr_line' id='line_1_20' title="bbox 449 1433 1762 1483; baseline -0.002 -13"><span class='ocrx_word' id='word_1_158' title='bbox 449 1435 556 1470; x_wconf 86' lang='lat' dir='ltr'>dicto</span> <span class='ocrx_word' id='word_1_159' title='bbox 601 1433 777 1482; x_wconf 73' lang='lat' dir='ltr'>assignat</span> <span class='ocrx_word' id='word_1_160' title='bbox 817 1434 997 1471; x_wconf 83' lang='lat' dir='ltr'>Christus</span> <span class='ocrx_word' id='word_1_161' title='bbox 1041 1434 1079 1470; x_wconf 90' lang='lat' dir='ltr'>in</span> <span class='ocrx_word' id='word_1_162' title='bbox 1126 1435 1200 1470; x_wconf 89' lang='lat' dir='ltr'>hoc</span> <span class='ocrx_word' id='word_1_163' title='bbox 1251 1436 1357 1483; x_wconf 90' lang='lat' dir='ltr'>quod</span> <span class='ocrx_word' id='word_1_164' title='bbox 1405 1433 1635 1483; x_wconf 78' lang='lat' dir='ltr'>complacuit</span> <span class='ocrx_word' id='word_1_165' title='bbox 1680 1433 1762 1469; x_wconf 79' lang='lat' dir='ltr'>Deo</span> 
     </span>
     <span class='ocr_line' id='line_1_21' title="bbox 445 1491 1822 1542; baseline 0 -15"><span class='ocrx_word' id='word_1_166' title='bbox 445 1493 554 1542; x_wconf 78' lang='lat' dir='ltr'>patri</span> <span class='ocrx_word' id='word_1_167' title='bbox 591 1493 687 1528; x_wconf 79' lang='lat' dir='ltr'>dare</span> <span class='ocrx_word' id='word_1_168' title='bbox 725 1493 910 1542; x_wconf 81' lang='lat' dir='ltr'>apostolis</span> <span class='ocrx_word' id='word_1_169' title='bbox 949 1502 985 1529; x_wconf 91' lang='lat' dir='ltr'>et</span> <span class='ocrx_word' id='word_1_170' title='bbox 1025 1492 1112 1528; x_wconf 88' lang='lat' dir='ltr'>aliis</span> <span class='ocrx_word' id='word_1_171' title='bbox 1152 1492 1321 1529; x_wconf 86' lang='lat' dir='ltr'>fideliter</span> <span class='ocrx_word' id='word_1_172' title='bbox 1360 1492 1468 1540; x_wconf 85' lang='lat' dir='ltr'>ipsos</span> <span class='ocrx_word' id='word_1_173' title='bbox 1506 1491 1762 1539; x_wconf 89' lang='lat' dir='ltr'>sequentibus</span> <span class='ocrx_word' id='word_1_174' title='bbox 1780 1505 1822 1527; x_wconf 86' lang='lat'>20</span> 
     </span>
     <span class='ocr_line' id='line_1_22' title="bbox 451 1549 1762 1601; baseline 0 -16"><span class='ocrx_word' id='word_1_175' title='bbox 451 1563 613 1601; x_wconf 67' lang='lat' dir='ltr'>regnum</span> <span class='ocrx_word' id='word_1_176' title='bbox 640 1550 725 1586; x_wconf 77' lang='lat' dir='ltr'>Dei.</span> <span class='ocrx_word' id='word_1_177' title='bbox 760 1553 861 1587; x_wconf 80' lang='lat' dir='ltr'>Nam</span> <span class='ocrx_word' id='word_1_178' title='bbox 893 1550 1221 1598; x_wconf 78' lang='lat' dir='ltr'>incompossibile</span> <span class='ocrx_word' id='word_1_179' title='bbox 1252 1560 1308 1587; x_wconf 84' lang='lat' dir='ltr'>est</span> <span class='ocrx_word' id='word_1_180' title='bbox 1339 1564 1428 1587; x_wconf 91' lang='lat' dir='ltr'>cum</span> <span class='ocrx_word' id='word_1_181' title='bbox 1454 1550 1529 1586; x_wconf 89' lang='lat' dir='ltr'>isto</span> <span class='ocrx_word' id='word_1_182' title='bbox 1554 1549 1762 1597; x_wconf 76' lang='lat' dir='ltr'>proposito</span> 
     </span>
     <span class='ocr_line' id='line_1_23' title="bbox 449 1608 1765 1657; baseline -0.002 -13"><span class='ocrx_word' id='word_1_183' title='bbox 449 1610 556 1657; x_wconf 88' lang='lat' dir='ltr'>quod</span> <span class='ocrx_word' id='word_1_184' title='bbox 591 1608 714 1656; x_wconf 77' lang='lat' dir='ltr'>aliqui</span> <span class='ocrx_word' id='word_1_185' title='bbox 749 1621 886 1645; x_wconf 89' lang='lat' dir='ltr'>eorum</span> <span class='ocrx_word' id='word_1_186' title='bbox 923 1608 1094 1645; x_wconf 85' lang='lat' dir='ltr'>finaliter</span> <span class='ocrx_word' id='word_1_187' title='bbox 1126 1608 1165 1644; x_wconf 89' lang='lat' dir='ltr'>in</span> <span class='ocrx_word' id='word_1_188' title='bbox 1198 1608 1330 1645; x_wconf 88' lang='lat' dir='ltr'>medio</span> <span class='ocrx_word' id='word_1_189' title='bbox 1364 1610 1637 1646; x_wconf 81' lang='lat' dir='ltr'>destruantur:</span> <span class='ocrx_word' id='word_1_190' title='bbox 1672 1617 1765 1643; x_wconf 89' lang='lat' dir='ltr'>tunc</span> 
     </span>
     <span class='ocr_line' id='line_1_24' title="bbox 449 1666 1763 1714; baseline -0.002 -11"><span class='ocrx_word' id='word_1_191' title='bbox 449 1666 554 1703; x_wconf 86' lang='lat' dir='ltr'>enim</span> <span class='ocrx_word' id='word_1_192' title='bbox 591 1668 694 1702; x_wconf 81' lang='lat' dir='ltr'>Deus</span> <span class='ocrx_word' id='word_1_193' title='bbox 727 1679 809 1703; x_wconf 91' lang='lat' dir='ltr'>non</span> <span class='ocrx_word' id='word_1_194' title='bbox 847 1676 948 1703; x_wconf 80' lang='lat' dir='ltr'>esset</span> <span class='ocrx_word' id='word_1_195' title='bbox 981 1666 1251 1714; x_wconf 81' lang='lat' dir='ltr'>omnipotens,</span> <span class='ocrx_word' id='word_1_196' title='bbox 1287 1680 1376 1703; x_wconf 91' lang='lat' dir='ltr'>cum</span> <span class='ocrx_word' id='word_1_197' title='bbox 1411 1666 1607 1702; x_wconf 85' lang='lat' dir='ltr'>intentum</span> <span class='ocrx_word' id='word_1_198' title='bbox 1649 1678 1763 1701; x_wconf 84' lang='lat' dir='ltr'>suum</span> 
     </span>
     <span class='ocr_line' id='line_1_25' title="bbox 450 1723 1765 1772; baseline -0.001 -12"><span class='ocrx_word' id='word_1_199' title='bbox 450 1724 631 1761; x_wconf 80' lang='lat' dir='ltr'>frustrari</span> <span class='ocrx_word' id='word_1_200' title='bbox 665 1725 813 1772; x_wconf 79' lang='lat' dir='ltr'>poterit</span> <span class='ocrx_word' id='word_1_201' title='bbox 846 1734 883 1761; x_wconf 88' lang='lat' dir='ltr'>et</span> <span class='ocrx_word' id='word_1_202' title='bbox 915 1737 937 1761; x_wconf 85' lang='lat' dir='ltr'>a</span> <span class='ocrx_word' id='word_1_203' title='bbox 970 1726 1053 1761; x_wconf 90' lang='lat' dir='ltr'>Deo</span> <span class='ocrx_word' id='word_1_204' title='bbox 1093 1724 1200 1761; x_wconf 87' lang='lat' dir='ltr'>malo</span> <span class='ocrx_word' id='word_1_205' title='bbox 1241 1724 1412 1761; x_wconf 85' lang='lat' dir='ltr'>finaliter</span> <span class='ocrx_word' id='word_1_206' title='bbox 1444 1723 1643 1772; x_wconf 83' lang='lat' dir='ltr'>impediri.</span> <span class='ocrx_word' id='word_1_207' title='bbox 1684 1726 1765 1760; x_wconf 88' lang='lat' dir='ltr'>Nec</span> 
     </span>
     <span class='ocr_line' id='line_1_26' title="bbox 449 1781 1821 1831; baseline -0.001 -12"><span class='ocrx_word' id='word_1_208' title='bbox 449 1785 561 1819; x_wconf 88' lang='lat' dir='ltr'>obest</span> <span class='ocrx_word' id='word_1_209' title='bbox 615 1782 710 1830; x_wconf 91' lang='lat' dir='ltr'>quin</span> <span class='ocrx_word' id='word_1_210' title='bbox 751 1785 855 1819; x_wconf 89' lang='lat' dir='ltr'>Deus</span> <span class='ocrx_word' id='word_1_211' title='bbox 901 1783 1046 1819; x_wconf 87' lang='lat' dir='ltr'>revelet</span> <span class='ocrx_word' id='word_1_212' title='bbox 1091 1782 1395 1831; x_wconf 84' lang='lat' dir='ltr'>quibuscunque</span> <span class='ocrx_word' id='word_1_213' title='bbox 1445 1782 1518 1818; x_wconf 88' lang='lat' dir='ltr'>sibi</span> <span class='ocrx_word' id='word_1_214' title='bbox 1570 1781 1821 1830; x_wconf 87' lang='lat' dir='ltr'>placuerit25</span> 
     </span>
     <span class='ocr_line' id='line_1_27' title="bbox 178 1839 1764 1889; baseline 0 -14"><span class='ocrx_word' id='word_1_215' title='bbox 178 1847 416 1883; x_wconf 67' lang='lat' dir='ltr'>Everyt&#39;uitmul</span> <span class='ocrx_word' id='word_1_216' title='bbox 452 1840 808 1889; x_wconf 78' lang='lat' dir='ltr'>predestinacionis</span> <span class='ocrx_word' id='word_1_217' title='bbox 848 1841 1023 1889; x_wconf 75' lang='lat' dir='ltr'>graciam</span> <span class='ocrx_word' id='word_1_218' title='bbox 1066 1842 1188 1877; x_wconf 87' lang='lat' dir='ltr'>modo</span> <span class='ocrx_word' id='word_1_219' title='bbox 1228 1853 1313 1886; x_wconf 79' lang='lat' dir='ltr'>suo,</span> <span class='ocrx_word' id='word_1_220' title='bbox 1349 1853 1438 1877; x_wconf 88' lang='lat' dir='ltr'>cum</span> <span class='ocrx_word' id='word_1_221' title='bbox 1473 1840 1602 1876; x_wconf 88' lang='lat' dir='ltr'>omnis</span> <span class='ocrx_word' id='word_1_222' title='bbox 1637 1839 1764 1876; x_wconf 87' lang='lat' dir='ltr'>fidelis</span> 
     </span>
     <span class='ocr_line' id='line_1_28' title="bbox 162 1881 1762 1953; baseline -0.001 -18"><span class='ocrx_word' id='word_1_223' title='bbox 162 1881 428 1953; x_wconf 46' lang='lat' dir='ltr'>horggnfflsgntoffidis</span> <span class='ocrx_word' id='word_1_224' title='bbox 451 1900 566 1935; x_wconf 85' lang='lat' dir='ltr'>debet</span> <span class='ocrx_word' id='word_1_225' title='bbox 605 1911 766 1947; x_wconf 83' lang='lat' dir='ltr'>sperare</span> <span class='ocrx_word' id='word_1_226' title='bbox 806 1912 845 1936; x_wconf 88' lang='lat' dir='ltr'>se</span> <span class='ocrx_word' id='word_1_227' title='bbox 886 1912 969 1936; x_wconf 86' lang='lat' dir='ltr'>esse</span> <span class='ocrx_word' id='word_1_228' title='bbox 1007 1898 1323 1947; x_wconf 81' lang='lat' dir='ltr'>predestinatum</span> <span class='ocrx_word' id='word_1_229' title='bbox 1365 1908 1401 1935; x_wconf 89' lang='lat' dir='ltr'>et</span> <span class='ocrx_word' id='word_1_230' title='bbox 1443 1911 1606 1946; x_wconf 79' lang='lat' dir='ltr'>regnum</span> <span class='ocrx_word' id='word_1_231' title='bbox 1641 1897 1762 1934; x_wconf 89' lang='lat' dir='ltr'>beati-</span> 
     </span>
     <span class='ocr_line' id='line_1_29' title="bbox 190 1951 1768 2005; baseline -0.001 -12"><span class='ocrx_word' id='word_1_232' title='bbox 190 1951 403 1987; x_wconf 74' lang='lat' dir='ltr'>predestinatc.</span> <span class='ocrx_word' id='word_1_233' title='bbox 450 1956 598 1993; x_wconf 87' lang='lat' dir='ltr'>tudinis</span> <span class='ocrx_word' id='word_1_234' title='bbox 649 1956 893 1994; x_wconf 86' lang='lat' dir='ltr'>habiturum.</span> <span class='ocrx_word' id='word_1_235' title='bbox 951 1959 1026 1993; x_wconf 84' lang='lat' dir='ltr'>Sed</span> <span class='ocrx_word' id='word_1_236' title='bbox 1074 1957 1175 1993; x_wconf 88' lang='lat' dir='ltr'>sicut</span> <span class='ocrx_word' id='word_1_237' title='bbox 1219 1957 1255 1992; x_wconf 83' lang='lat' dir='ltr'>in</span> <span class='ocrx_word' id='word_1_238' title='bbox 1302 1957 1414 1993; x_wconf 81' lang='lat' dir='ltr'>domo</span> <span class='ocrx_word' id='word_1_239' title='bbox 1454 1956 1583 2005; x_wconf 76' lang='lat' dir='ltr'>patris</span> <span class='ocrx_word' id='word_1_240' title='bbox 1620 1956 1768 1992; x_wconf 72' lang='lat' dir='ltr'>(Ilm-isti</span> 
     </span>
     <span class='ocr_line' id='line_1_30' title="bbox 449 2013 1764 2062; baseline 0 -12"><span class='ocrx_word' id='word_1_241' title='bbox 449 2015 664 2051; x_wconf 78' lang='lat' dir='ltr'>mansiones</span> <span class='ocrx_word' id='word_1_242' title='bbox 696 2016 813 2052; x_wconf 82' lang='lat' dir='ltr'>multe</span> <span class='ocrx_word' id='word_1_243' title='bbox 842 2023 930 2051; x_wconf 79' lang='lat' dir='ltr'>sunt</span> <span class='ocrx_word' id='word_1_244' title='bbox 965 2016 1023 2062; x_wconf 76' lang='lat' dir='ltr'>&lt;ut</span> <span class='ocrx_word' id='word_1_245' title='bbox 1063 2014 1209 2052; x_wconf 89' lang='lat' dir='ltr'>dicitur</span> <span class='ocrx_word' id='word_1_246' title='bbox 1239 2014 1432 2051; x_wconf 72' lang='lat' dir='ltr'>‚lobannis</span> <span class='ocrx_word' id='word_1_247' title='bbox 1464 2016 1583 2055; x_wconf 79' lang='lat' dir='ltr'>X1V0,</span> <span class='ocrx_word' id='word_1_248' title='bbox 1619 2016 1674 2061; x_wconf 84' lang='lat'>2),</span> <span class='ocrx_word' id='word_1_249' title='bbox 1709 2013 1764 2050; x_wconf 90' lang='lat' dir='ltr'>sic</span> 
     </span>
     <span class='ocr_line' id='line_1_31' title="bbox 451 2071 1822 2110; baseline -0.001 -1"><span class='ocrx_word' id='word_1_250' title='bbox 451 2073 573 2110; x_wconf 85' lang='lat' dir='ltr'>multe</span> <span class='ocrx_word' id='word_1_251' title='bbox 606 2082 697 2109; x_wconf 86' lang='lat' dir='ltr'>sunt</span> <span class='ocrx_word' id='word_1_252' title='bbox 720 2072 779 2110; x_wconf 79' lang='lat' dir='ltr'>vie</span> <span class='ocrx_word' id='word_1_253' title='bbox 812 2075 861 2110; x_wconf 85' lang='lat' dir='ltr'>ad</span> <span class='ocrx_word' id='word_1_254' title='bbox 896 2074 1000 2110; x_wconf 86' lang='lat' dir='ltr'>bunc</span> <span class='ocrx_word' id='word_1_255' title='bbox 1030 2073 1245 2110; x_wconf 88' lang='lat' dir='ltr'>terminum</span> <span class='ocrx_word' id='word_1_256' title='bbox 1281 2071 1538 2109; x_wconf 85' lang='lat' dir='ltr'>beatitudinis</span> <span class='ocrx_word' id='word_1_257' title='bbox 1566 2071 1822 2108; x_wconf 82' lang='lat' dir='ltr'>veniendi.3o</span> 
     </span>
     <span class='ocr_line' id='line_1_32' title="bbox 449 2129 1764 2179; baseline -0.002 -12"><span class='ocrx_word' id='word_1_258' title='bbox 449 2132 525 2167; x_wconf 83' lang='lat' dir='ltr'>Sed</span> <span class='ocrx_word' id='word_1_259' title='bbox 557 2131 884 2179; x_wconf 82' lang='lat' dir='ltr'>compendiosior</span> <span class='ocrx_word' id='word_1_260' title='bbox 912 2131 974 2168; x_wconf 84' lang='lat' dir='ltr'>via</span> <span class='ocrx_word' id='word_1_261' title='bbox 1002 2144 1047 2168; x_wconf 87' lang='lat' dir='ltr'>ac</span> <span class='ocrx_word' id='word_1_262' title='bbox 1077 2131 1230 2168; x_wconf 85' lang='lat' dir='ltr'>reccior</span> <span class='ocrx_word' id='word_1_263' title='bbox 1259 2140 1315 2167; x_wconf 91' lang='lat' dir='ltr'>est</span> <span class='ocrx_word' id='word_1_264' title='bbox 1339 2130 1486 2167; x_wconf 87' lang='lat' dir='ltr'>directe</span> <span class='ocrx_word' id='word_1_265' title='bbox 1516 2130 1556 2166; x_wconf 90' lang='lat' dir='ltr'>in</span> <span class='ocrx_word' id='word_1_266' title='bbox 1587 2129 1764 2166; x_wconf 85' lang='lat' dir='ltr'>moribus</span> 
     </span>
     <span class='ocr_line' id='line_1_33' title="bbox 449 2188 1762 2237; baseline -0.002 -12"><span class='ocrx_word' id='word_1_267' title='bbox 449 2189 560 2237; x_wconf 87' lang='lat' dir='ltr'>sequi</span> <span class='ocrx_word' id='word_1_268' title='bbox 601 2188 818 2226; x_wconf 89' lang='lat' dir='ltr'>Christum.</span> <span class='ocrx_word' id='word_1_269' title='bbox 876 2191 923 2225; x_wconf 78' lang='lat' dir='ltr'>Et</span> <span class='ocrx_word' id='word_1_270' title='bbox 970 2190 1071 2226; x_wconf 84' lang='lat' dir='ltr'>hanc</span> <span class='ocrx_word' id='word_1_271' title='bbox 1115 2189 1219 2226; x_wconf 81' lang='lat' dir='ltr'>viam</span> <span class='ocrx_word' id='word_1_272' title='bbox 1265 2188 1437 2226; x_wconf 86' lang='lat' dir='ltr'>consulit</span> <span class='ocrx_word' id='word_1_273' title='bbox 1482 2197 1589 2225; x_wconf 82' lang='lat' dir='ltr'>extra</span> <span class='ocrx_word' id='word_1_274' title='bbox 1635 2188 1762 2236; x_wconf 85' lang='lat' dir='ltr'>ipsam</span> 
     </span>
     <span class='ocr_line' id='line_1_34' title="bbox 450 2245 1763 2295; baseline -0.002 -12"><span class='ocrx_word' id='word_1_275' title='bbox 450 2247 589 2295; x_wconf 77' lang='lat' dir='ltr'>positis</span> <span class='ocrx_word' id='word_1_276' title='bbox 628 2259 770 2295; x_wconf 85' lang='lat' dir='ltr'>capere</span> <span class='ocrx_word' id='word_1_277' title='bbox 811 2257 848 2284; x_wconf 89' lang='lat' dir='ltr'>et</span> <span class='ocrx_word' id='word_1_278' title='bbox 881 2247 1054 2284; x_wconf 86' lang='lat' dir='ltr'>finaliter</span> <span class='ocrx_word' id='word_1_279' title='bbox 1087 2247 1269 2284; x_wconf 87' lang='lat' dir='ltr'>retinere.</span> <span class='ocrx_word' id='word_1_280' title='bbox 1310 2249 1399 2283; x_wconf 93' lang='lat' dir='ltr'>Non</span> <span class='ocrx_word' id='word_1_281' title='bbox 1432 2245 1536 2283; x_wconf 89' lang='lat' dir='ltr'>enim</span> <span class='ocrx_word' id='word_1_282' title='bbox 1571 2245 1763 2294; x_wconf 86' lang='lat' dir='ltr'>competit</span> 
     </span>
     <span class='ocr_line' id='line_1_35' title="bbox 449 2303 1763 2353; baseline -0.001 -12"><span class='ocrx_word' id='word_1_283' title='bbox 449 2305 614 2353; x_wconf 75' lang='lat' dir='ltr'>singulis</span> <span class='ocrx_word' id='word_1_284' title='bbox 647 2304 752 2342; x_wconf 88' lang='lat' dir='ltr'>istud</span> <span class='ocrx_word' id='word_1_285' title='bbox 786 2305 1012 2349; x_wconf 87' lang='lat' dir='ltr'>consilium,</span> <span class='ocrx_word' id='word_1_286' title='bbox 1048 2319 1137 2342; x_wconf 88' lang='lat' dir='ltr'>cum</span> <span class='ocrx_word' id='word_1_287' title='bbox 1164 2305 1346 2342; x_wconf 90' lang='lat' dir='ltr'>fidelibus</span> <span class='ocrx_word' id='word_1_288' title='bbox 1379 2306 1428 2341; x_wconf 91' lang='lat' dir='ltr'>ab</span> <span class='ocrx_word' id='word_1_289' title='bbox 1462 2303 1624 2341; x_wconf 88' lang='lat' dir='ltr'>exordio</span> <span class='ocrx_word' id='word_1_290' title='bbox 1658 2303 1763 2340; x_wconf 90' lang='lat' dir='ltr'>istud</span> 
     </span>
     <span class='ocr_line' id='line_1_36' title="bbox 450 2361 1819 2412; baseline -0.001 -13"><span class='ocrx_word' id='word_1_291' title='bbox 450 2362 699 2400; x_wconf 85' lang='lat' dir='ltr'>servantibus</span> <span class='ocrx_word' id='word_1_292' title='bbox 744 2376 824 2400; x_wconf 92' lang='lat' dir='ltr'>non</span> <span class='ocrx_word' id='word_1_293' title='bbox 869 2372 990 2400; x_wconf 86' lang='lat' dir='ltr'>restat</span> <span class='ocrx_word' id='word_1_294' title='bbox 1037 2365 1143 2412; x_wconf 90' lang='lat' dir='ltr'>quod</span> <span class='ocrx_word' id='word_1_295' title='bbox 1187 2364 1405 2400; x_wconf 87' lang='lat' dir='ltr'>venderent</span> <span class='ocrx_word' id='word_1_296' title='bbox 1444 2371 1481 2399; x_wconf 91' lang='lat' dir='ltr'>et</span> <span class='ocrx_word' id='word_1_297' title='bbox 1519 2361 1819 2410; x_wconf 82' lang='lat' dir='ltr'>pauperibus35</span> 
     </span>
     <span class='ocr_line' id='line_1_37' title="bbox 450 2418 1761 2468; baseline -0.002 -11"><span class='ocrx_word' id='word_1_298' title='bbox 450 2430 674 2468; x_wconf 76' lang='lat' dir='ltr'>erogarent,</span> <span class='ocrx_word' id='word_1_299' title='bbox 716 2431 753 2458; x_wconf 89' lang='lat' dir='ltr'>et</span> <span class='ocrx_word' id='word_1_300' title='bbox 799 2422 854 2458; x_wconf 89' lang='lat' dir='ltr'>sic</span> <span class='ocrx_word' id='word_1_301' title='bbox 894 2422 1036 2458; x_wconf 87' lang='lat' dir='ltr'>fratres</span> <span class='ocrx_word' id='word_1_302' title='bbox 1081 2421 1172 2458; x_wconf 89' lang='lat' dir='ltr'>licet</span> <span class='ocrx_word' id='word_1_303' title='bbox 1212 2420 1425 2457; x_wconf 87' lang='lat' dir='ltr'>infideliter</span> <span class='ocrx_word' id='word_1_304' title='bbox 1462 2418 1660 2457; x_wconf 87' lang='lat' dir='ltr'>sentencie</span> <span class='ocrx_word' id='word_1_305' title='bbox 1699 2418 1761 2455; x_wconf 89' lang='lat' dir='ltr'>isti</span> 
     </span>
     <span class='ocr_line' id='line_1_38' title="bbox 451 2477 1761 2525; baseline -0.002 -10"><span class='ocrx_word' id='word_1_306' title='bbox 451 2479 731 2524; x_wconf 79' lang='lat' dir='ltr'>consenciunt3</span> <span class='ocrx_word' id='word_1_307' title='bbox 756 2493 846 2516; x_wconf 89' lang='lat' dir='ltr'>cum</span> <span class='ocrx_word' id='word_1_308' title='bbox 872 2479 977 2516; x_wconf 88' lang='lat' dir='ltr'>enirn</span> <span class='ocrx_word' id='word_1_309' title='bbox 1002 2488 1108 2516; x_wconf 87' lang='lat' dir='ltr'>secta</span> <span class='ocrx_word' id='word_1_310' title='bbox 1133 2492 1286 2525; x_wconf 90' lang='lat' dir='ltr'>eorum,</span> <span class='ocrx_word' id='word_1_311' title='bbox 1305 2491 1396 2516; x_wconf 84' lang='lat' dir='ltr'>cum</span> <span class='ocrx_word' id='word_1_312' title='bbox 1420 2477 1470 2515; x_wconf 90' lang='lat' dir='ltr'>sit</span> <span class='ocrx_word' id='word_1_313' title='bbox 1488 2489 1567 2514; x_wconf 86' lang='lat' dir='ltr'>una</span> <span class='ocrx_word' id='word_1_314' title='bbox 1591 2489 1761 2525; x_wconf 81' lang='lat' dir='ltr'>persona</span> 
     </span>
    </p>
   </div>
   <div class='ocr_carea' id='block_1_3' title="bbox 1783 1067 1860 1157">
    <p class='ocr_par' dir='ltr' id='par_1_3' title="bbox 1783 1067 1860 1157">
     <span class='ocr_line' id='line_1_39' title="bbox 1783 1067 1855 1099; baseline -0.028 0"><span class='ocrx_word' id='word_1_315' title='bbox 1783 1067 1855 1099; x_wconf 70' lang='lat'>[²01.</span> 
     </span>
     <span class='ocr_line' id='line_1_40' title="bbox 1786 1111 1860 1157; baseline 0 -13"><span class='ocrx_word' id='word_1_316' title='bbox 1786 1111 1860 1157; x_wconf 74' lang='lat' dir='ltr'>198h</span> 
     </span>
    </p>
   </div>
   <div class='ocr_carea' id='block_1_4' title="bbox 448 2598 1762 2872">
    <p class='ocr_par' dir='ltr' id='par_1_4' title="bbox 448 2598 1762 2872">
     <span class='ocr_line' id='line_1_41' title="bbox 519 2598 1760 2637; baseline -0.002 -9"><span class='ocrx_word' id='word_1_317' title='bbox 519 2608 542 2628; x_wconf 76' lang='lat'>2.</span> <span class='ocrx_word' id='word_1_318' title='bbox 565 2602 608 2629; x_wconf 73' lang='lat' dir='ltr'>A:</span> <span class='ocrx_word' id='word_1_319' title='bbox 630 2601 860 2637; x_wconf 73' lang='lat' dir='ltr'>desperacionis</span> <span class='ocrx_word' id='word_1_320' title='bbox 880 2617 913 2621; x_wconf 75' lang='lat'>—</span> <span class='ocrx_word' id='word_1_321' title='bbox 934 2601 1054 2629; x_wconf 85' lang='lat' dir='ltr'>filialem</span> <span class='ocrx_word' id='word_1_322' title='bbox 1076 2601 1170 2628; x_wconf 78' lang='lat' dir='ltr'>deest.</span> <span class='ocrx_word' id='word_1_323' title='bbox 1272 2598 1296 2628; x_wconf 85' lang='lat'>3.</span> <span class='ocrx_word' id='word_1_324' title='bbox 1319 2600 1357 2628; x_wconf 64' lang='lat'>13:</span> <span class='ocrx_word' id='word_1_325' title='bbox 1378 2604 1405 2627; x_wconf 82' lang='lat' dir='ltr'>et</span> <span class='ocrx_word' id='word_1_326' title='bbox 1425 2598 1601 2631; x_wconf 72' lang='lat' dir='ltr'>citacionis;</span> <span class='ocrx_word' id='word_1_327' title='bbox 1630 2599 1669 2626; x_wconf 87' lang='lat' dir='ltr'>ib.</span> <span class='ocrx_word' id='word_1_328' title='bbox 1686 2599 1760 2637; x_wconf 66' lang='lat' dir='ltr'>lssi:</span> 
     </span>
     <span class='ocr_line' id='line_1_42' title="bbox 450 2633 1762 2672; baseline -0.002 -9"><span class='ocrx_word' id='word_1_329' title='bbox 450 2636 586 2664; x_wconf 69' lang='lat' dir='ltr'>Fuerunt</span> <span class='ocrx_word' id='word_1_330' title='bbox 606 2635 748 2672; x_wconf 83' lang='lat' dir='ltr'>inquam:</span> <span class='ocrx_word' id='word_1_331' title='bbox 770 2637 810 2664; x_wconf 85' lang='lat' dir='ltr'>ib.</span> <span class='ocrx_word' id='word_1_332' title='bbox 829 2636 852 2664; x_wconf 82' lang='lat' dir='ltr'>E</span> <span class='ocrx_word' id='word_1_333' title='bbox 872 2636 902 2664; x_wconf 89' lang='lat' dir='ltr'>in</span> <span class='ocrx_word' id='word_1_334' title='bbox 924 2644 1037 2671; x_wconf 59' lang='lat' dir='ltr'>marg:</span> <span class='ocrx_word' id='word_1_335' title='bbox 1061 2635 1142 2663; x_wconf 80' lang='lat' dir='ltr'>Grex</span> <span class='ocrx_word' id='word_1_336' title='bbox 1164 2634 1294 2670; x_wconf 74' lang='lat' dir='ltr'>pusillus</span> <span class='ocrx_word' id='word_1_337' title='bbox 1314 2634 1456 2670; x_wconf 77' lang='lat' dir='ltr'>discipuli</span> <span class='ocrx_word' id='word_1_338' title='bbox 1479 2633 1605 2661; x_wconf 83' lang='lat' dir='ltr'>Christi.</span> <span class='ocrx_word' id='word_1_339' title='bbox 1675 2640 1701 2660; x_wconf 74' lang='lat' dir='ltr'>o.</span> <span class='ocrx_word' id='word_1_340' title='bbox 1719 2635 1762 2661; x_wconf 79' lang='lat' dir='ltr'>A:</span> 
     </span>
     <span class='ocr_line' id='line_1_43' title="bbox 450 2668 1760 2706; baseline -0.002 -8"><span class='ocrx_word' id='word_1_341' title='bbox 450 2670 603 2698; x_wconf 70' lang='lat' dir='ltr'>adversati</span> <span class='ocrx_word' id='word_1_342' title='bbox 625 2670 718 2698; x_wconf 81' lang='lat' dir='ltr'>deest.</span> <span class='ocrx_word' id='word_1_343' title='bbox 794 2680 834 2699; x_wconf 86' lang='grc' dir='ltr'>ιο,</span> <span class='ocrx_word' id='word_1_344' title='bbox 856 2671 924 2699; x_wconf 87' lang='lat' dir='ltr'>DE:</span> <span class='ocrx_word' id='word_1_345' title='bbox 947 2671 977 2698; x_wconf 83' lang='lat' dir='ltr'>fit</span> <span class='ocrx_word' id='word_1_346' title='bbox 999 2670 1118 2706; x_wconf 79' lang='lat' dir='ltr'>pusilla.</span> <span class='ocrx_word' id='word_1_347' title='bbox 1199 2678 1233 2704; x_wconf 84' lang='lat'>11,</span> <span class='ocrx_word' id='word_1_348' title='bbox 1256 2677 1294 2697; x_wconf 88' lang='lat'>12.</span> <span class='ocrx_word' id='word_1_349' title='bbox 1313 2670 1357 2697; x_wconf 79' lang='lat' dir='ltr'>A:</span> <span class='ocrx_word' id='word_1_350' title='bbox 1379 2669 1454 2696; x_wconf 82' lang='lat' dir='ltr'>fides</span> <span class='ocrx_word' id='word_1_351' title='bbox 1475 2668 1584 2703; x_wconf 79' lang='lat' dir='ltr'>prima.</span> <span class='ocrx_word' id='word_1_352' title='bbox 1659 2677 1700 2702; x_wconf 79' lang='lat'>¹4·</span> <span class='ocrx_word' id='word_1_353' title='bbox 1722 2668 1760 2696; x_wconf 84' lang='lat' dir='ltr'>E:</span> 
     </span>
     <span class='ocr_line' id='line_1_44' title="bbox 450 2703 1762 2740; baseline -0.002 -8"><span class='ocrx_word' id='word_1_354' title='bbox 450 2710 591 2740; x_wconf 72' lang='lat' dir='ltr'>ponatur.</span> <span class='ocrx_word' id='word_1_355' title='bbox 683 2705 720 2734; x_wconf 81' lang='lat'>15.</span> <span class='ocrx_word' id='word_1_356' title='bbox 741 2706 785 2733; x_wconf 84' lang='lat' dir='ltr'>A:</span> <span class='ocrx_word' id='word_1_357' title='bbox 807 2706 836 2733; x_wconf 86' lang='lat' dir='ltr'>in</span> <span class='ocrx_word' id='word_1_358' title='bbox 859 2705 914 2732; x_wconf 85' lang='lat' dir='ltr'>hac</span> <span class='ocrx_word' id='word_1_359' title='bbox 935 2705 1005 2732; x_wconf 79' lang='lat' dir='ltr'>vita.</span> <span class='ocrx_word' id='word_1_360' title='bbox 1097 2713 1104 2732; x_wconf 91' lang='grc' dir='ltr'>ι</span> <span class='ocrx_word' id='word_1_361' title='bbox 1133 2726 1138 2732; x_wconf 93' lang='grc'>.</span> <span class='ocrx_word' id='word_1_362' title='bbox 1160 2705 1204 2732; x_wconf 87' lang='grc' dir='ltr'>Α;</span> <span class='ocrx_word' id='word_1_363' title='bbox 1228 2703 1350 2739; x_wconf 83' lang='lat' dir='ltr'>placuit.</span> <span class='ocrx_word' id='word_1_364' title='bbox 1435 2710 1481 2731; x_wconf 83' lang='lat'>20.</span> <span class='ocrx_word' id='word_1_365' title='bbox 1502 2704 1546 2731; x_wconf 81' lang='lat' dir='ltr'>A:</span> <span class='ocrx_word' id='word_1_366' title='bbox 1569 2703 1646 2738; x_wconf 76' lang='lat' dir='ltr'>patri</span> <span class='ocrx_word' id='word_1_367' title='bbox 1667 2703 1762 2731; x_wconf 83' lang='lat' dir='ltr'>deest.</span> 
     </span>
     <span class='ocr_line' id='line_1_45' title="bbox 450 2713 1760 2776; baseline -0.002 -9"><span class='ocrx_word' id='word_1_368' title='bbox 450 2748 488 2767; x_wconf 80' lang='lat'>2¹.</span> <span class='ocrx_word' id='word_1_369' title='bbox 511 2740 554 2767; x_wconf 90' lang='lat' dir='ltr'>A:</span> <span class='ocrx_word' id='word_1_370' title='bbox 576 2739 606 2766; x_wconf 90' lang='lat' dir='ltr'>in</span> <span class='ocrx_word' id='word_1_371' title='bbox 627 2739 697 2767; x_wconf 74' lang='lat' dir='ltr'>isto.</span> <span class='ocrx_word' id='word_1_372' title='bbox 759 2747 802 2768; x_wconf 86' lang='lat'>22.</span> <span class='ocrx_word' id='word_1_373' title='bbox 827 2740 893 2768; x_wconf 86' lang='lat' dir='ltr'>DE:</span> <span class='ocrx_word' id='word_1_374' title='bbox 915 2739 1026 2774; x_wconf 80' lang='lat' dir='ltr'>aliquis</span> <span class='ocrx_word' id='word_1_375' title='bbox 1044 2755 1079 2759; x_wconf 97' lang='lat'><strong>—</strong></span> <span class='ocrx_word' id='word_1_376' title='bbox 1099 2713 1282 2766; x_wconf 52' lang='lat' dir='ltr'>festruatur.</span> <span class='ocrx_word' id='word_1_377' title='bbox 1347 2737 1390 2767; x_wconf 80' lang='lat'>23.</span> <span class='ocrx_word' id='word_1_378' title='bbox 1412 2738 1451 2766; x_wconf 82' lang='lat' dir='ltr'>E:</span> <span class='ocrx_word' id='word_1_379' title='bbox 1473 2738 1570 2776; x_wconf 50' lang='lat' dir='ltr'>foret„</span> <span class='ocrx_word' id='word_1_380' title='bbox 1628 2737 1672 2765; x_wconf 71' lang='lat'>28.</span> <span class='ocrx_word' id='word_1_381' title='bbox 1688 2739 1716 2765; x_wconf 90' lang='lat' dir='ltr'>A</span> <span class='ocrx_word' id='word_1_382' title='bbox 1732 2737 1760 2765; x_wconf 87' lang='lat' dir='ltr'>in</span> 
     </span>
     <span class='ocr_line' id='line_1_46' title="bbox 449 2772 1761 2835; baseline -0.002 -33"><span class='ocrx_word' id='word_1_383' title='bbox 449 2783 516 2802; x_wconf 83' lang='lat' dir='ltr'>mar</span> <span class='ocrx_word' id='word_1_384' title='bbox 540 2783 563 2813; x_wconf 68' lang='grc' dir='ltr'>,ς</span> <span class='ocrx_word' id='word_1_385' title='bbox 593 2773 674 2802; x_wconf 84' lang='lat' dir='ltr'>Nota</span> <span class='ocrx_word' id='word_1_386' title='bbox 701 2775 782 2810; x_wconf 89' lang='lat' dir='ltr'>quod</span> <span class='ocrx_word' id='word_1_387' title='bbox 811 2775 893 2802; x_wconf 84' lang='lat' dir='ltr'>Deus</span> <span class='ocrx_word' id='word_1_388' title='bbox 915 2779 1015 2815; x_wconf 78' lang='lat' dir='ltr'>potest</span> <span class='ocrx_word' id='word_1_389' title='bbox 1035 2773 1123 2801; x_wconf 84' lang='lat' dir='ltr'>alieni</span> <span class='ocrx_word' id='word_1_390' title='bbox 1149 2773 1285 2835; x_wconf 48' lang='lat' dir='ltr'>{graciam</span> <span class='ocrx_word' id='word_1_391' title='bbox 1314 2772 1590 2811; x_wconf 76' lang='lat' dir='ltr'>predestinacionis</span> <span class='ocrx_word' id='word_1_392' title='bbox 1619 2772 1761 2800; x_wconf 81' lang='lat' dir='ltr'>revelare.</span> 
     </span>
     <span class='ocr_line' id='line_1_47' title="bbox 449 2805 1760 2848; baseline -0.002 -11"><span class='ocrx_word' id='word_1_393' title='bbox 449 2809 492 2837; x_wconf 81' lang='lat'>32.</span> <span class='ocrx_word' id='word_1_394' title='bbox 524 2818 536 2838; x_wconf 66' lang='grc' dir='ltr'>ι</span> <span class='ocrx_word' id='word_1_395' title='bbox 556 2816 586 2836; x_wconf 80' lang='grc' dir='ltr'>ιη</span> <span class='ocrx_word' id='word_1_396' title='bbox 609 2817 722 2848; x_wconf 61' lang='lat' dir='ltr'>marg:</span> <span class='ocrx_word' id='word_1_397' title='bbox 745 2809 835 2836; x_wconf 80' lang='lat' dir='ltr'>Nota.</span> <span class='ocrx_word' id='word_1_398' title='bbox 898 2808 941 2837; x_wconf 77' lang='lat'>33.</span> <span class='ocrx_word' id='word_1_399' title='bbox 963 2809 1032 2836; x_wconf 72' lang='lat' dir='ltr'>DE:</span> <span class='ocrx_word' id='word_1_400' title='bbox 1053 2816 1146 2844; x_wconf 85' lang='lat' dir='ltr'>comp</span> <span class='ocrx_word' id='word_1_401' title='bbox 1161 2808 1230 2835; x_wconf 84' lang='lat' dir='ltr'>evit.</span> <span class='ocrx_word' id='word_1_402' title='bbox 1286 2806 1333 2842; x_wconf 83' lang='lat'>34.</span> <span class='ocrx_word' id='word_1_403' title='bbox 1355 2809 1398 2835; x_wconf 87' lang='lat' dir='ltr'>A:</span> <span class='ocrx_word' id='word_1_404' title='bbox 1421 2807 1598 2835; x_wconf 82' lang='lat' dir='ltr'>concilium.</span> <span class='ocrx_word' id='word_1_405' title='bbox 1654 2805 1698 2842; x_wconf 87' lang='lat'>37.</span> <span class='ocrx_word' id='word_1_406' title='bbox 1720 2806 1760 2834; x_wconf 88' lang='lat' dir='ltr'>E:</span> 
     </span>
     <span class='ocr_line' id='line_1_48' title="bbox 448 2850 636 2872; baseline -0.005 0"><span class='ocrx_word' id='word_1_407' title='bbox 448 2852 519 2872; x_wconf 92' lang='lat' dir='ltr'>cum</span> <span class='ocrx_word' id='word_1_408' title='bbox 539 2850 636 2872; x_wconf 83' lang='lat' dir='ltr'>omni.</span> 
     </span>
    </p>
   </div>
   <div class='ocr_carea' id='block_1_5' title="bbox 522 2901 980 2945">
    <p class='ocr_par' dir='ltr' id='par_1_5' title="bbox 522 2901 980 2945">
     <span class='ocr_line' id='line_1_49' title="bbox 522 2901 980 2945; baseline -0.002 -9"><span class='ocrx_word' id='word_1_409' title='bbox 522 2901 574 2936; x_wconf 83' lang='lat'>26.</span> <span class='ocrx_word' id='word_1_410' title='bbox 602 2903 653 2936; x_wconf 77' lang='lat' dir='ltr'>Cf.</span> <span class='ocrx_word' id='word_1_411' title='bbox 680 2903 794 2936; x_wconf 81' lang='lat' dir='ltr'>SEW.</span> <span class='ocrx_word' id='word_1_412' title='bbox 822 2903 877 2945; x_wconf 82' lang='grc' dir='ltr'><strong>ΙΙΙ,</strong></span> <span class='ocrx_word' id='word_1_413' title='bbox 901 2902 980 2945; x_wconf 79' lang='lat'>426.</span> 
     </span>
    </p>
   </div>
  </div>
 </body>
</html>
