1986 3380
221 335 356 364 smnio
379 325 475 383 xxm]
694 339 905 373 SECUNDA
933 340 1059 372 mas.
1748 349 1755 370 1
1776 349 1784 370 1
1802 336 1817 370 5

275 446 471 493 Triplicat
522 454 653 481 autem
708 446 889 482 Christus
940 447 1303 495 interrogacionem
1349 462 1371 485 a
1417 451 1533 485 Petro
1583 456 1700 497 lffeason
1723 459 1793 493 why

218 512 299 539 tam
333 513 375 539 ut
409 512 545 552 pascat
579 503 789 551 tripliciter
819 518 909 541 oves
935 505 1082 542 Christi
1107 519 1226 553 quam
1252 516 1294 542 ut
1319 519 1361 543 ex
1385 507 1533 555 triplici
1578 491 1794 554 (fillfflsttstsslssd

218 561 466 597 confessione
500 563 636 597 Petrus
671 570 810 598 contra
849 563 1110 610 negucionem
1146 564 1293 600 Christi
1332 564 1530 613 triplicem

218 628 429 655 mereatur.
465 621 552 655 Hoc
585 628 716 655 autem
752 621 923 668 supponi
959 623 1075 658 debet
1115 623 1334 658 secundum
1370 624 1530 659 beatum

184 677 453 724 5Gregorium
488 677 527 712 in
560 686 720 725 pastore
753 680 861 726 quod
894 688 1050 715 tantum
1085 681 1200 716 debet
1230 682 1444 728 precedere
1468 694 1531 718 ac-

217 734 372 771 cionem
408 743 444 771 et
476 734 662 771 virtutem
688 736 827 783 populi
850 735 929 772 vita
954 738 1121 784 presulis
1147 746 1340 786 quantum
1367 739 1486 775 distat
1510 752 1531 775 a

144 829 149 835 ,
215 805 332 840 grege
376 792 456 829 vita
501 793 687 840 pastoris
736 793 912 829 Primum
960 804 1093 831 autem
1141 805 1260 844 atque
1293 796 1529 844 precipuum
1587 803 1692 830 tumes
1713 804 1779 831 osa

123 828 200 909 1¹⁸⁴?ss
214 850 391 886 officium
410 850 580 898 pastoris
596 860 652 887 est
668 851 844 888 veritatis
861 852 950 888 fidei
969 854 1273 900 eraiigelizacio,
1291 852 1529 907 secundum}
1574 879 1592 898 1.
1616 844 1792 908 {iiii-ii‘c'iiiug,

144 893 179 917 's
215 916 272 943 est
305 908 343 943 in
373 908 584 945 sanctitate
607 908 684 945 vite
709 918 745 945 et
769 911 927 958 sequele
952 911 1099 947 Christi
1124 912 1369 960 exemplacio
1395 922 1430 949 et
1454 921 1530 949 ter-

160 976 199 997 10
215 965 319 1002 cium
345 974 402 1002 est
424 979 549 1015 usque
572 968 622 1002 ad
646 976 817 1004 mortem
842 967 880 1004 in
906 968 982 1004 fide
1007 978 1042 1005 et
1072 970 1260 1006 thesauro
1284 969 1431 1007 Christi
1455 984 1530 1019 que
1563 984 1588 1003 2.
1611 979 1750 1017 example
1770 981 1799 1006 οι

213 1032 303 1059 sunt
341 1023 505 1060 virtutes
540 1024 734 1069 defensio:
780 1039 871 1062 nam
908 1027 1101 1064 maiorem
1149 1029 1221 1064 hac
1267 1028 1528 1065 dileccionem
1654 1013 1714 1043 ¹¹¹⁰*

212 1094 330 1118 nemo
364 1082 482 1118 habet
515 1082 621 1119 iuxta
654 1083 929 1121 testimonium
954 1085 1155 1121 Veritatis.
1192 1085 1368 1122 Primum
1394 1095 1527 1123 autem
1570 1092 1748 1133 &coniuge
1769 1097 1798 1123 in

212 1141 411 1187 pastorale
445 1141 621 1176 officium
653 1143 760 1190 quod
791 1142 830 1178 in
854 1144 1007 1190 prelato
1033 1145 1148 1180 debet
1172 1156 1255 1180 esse
1277 1144 1527 1193 precipuum,
1563 1128 1737 1192 tieieffietffit
1758 1132 1807 1158 the

215 1198 332 1234 debet
366 1210 450 1235 esse
485 1211 680 1247 agnorum
716 1200 863 1236 Christi
898 1201 1204 1249 evangelizacio,
1245 1215 1327 1238 non
1361 1204 1527 1239 edorum

159 1255 373 1303 &dyaboli
409 1256 701 1293 confabulacio.
743 1260 790 1294 Et
830 1268 938 1306 patet
969 1268 1164 1307 quantum
1200 1260 1318 1297 hodie
1357 1260 1527 1297 deterio-

213 1322 322 1349 ratur
375 1314 546 1362 pastoris
599 1315 776 1351 officium
830 1326 911 1353 tam
967 1318 1259 1365 predicacionis
1311 1318 1528 1355 omissione

213 1385 333 1419 quam
359 1372 702 1409 confabulacionis
726 1375 1023 1412 commissione.
1048 1377 1178 1412 Habet
1204 1376 1308 1412 enim
1333 1377 1527 1413 hodierna

211 1430 489 1466 confabulacio
524 1431 649 1467 multa
683 1434 876 1478 membra,
911 1442 952 1469 ut
984 1446 1090 1470 nunc
1120 1434 1384 1471 mundialium
1409 1434 1527 1472 saluti

211 1486 560 1535 impertinencium
596 1488 858 1535 iocacionem‚
892 1504 996 1527 nunc
1021 1493 1069 1528 ad
1094 1491 1404 1529 retribucionem
1428 1501 1527 1529 tem-

153 1557 195 1578 20
211 1545 409 1592 poralium
434 1546 617 1582 fallacem
642 1547 921 1585 adulacionem
947 1558 983 1585 et
1005 1562 1110 1586 nunc
1135 1551 1183 1586 ad
1209 1552 1525 1599 extorquendum

210 1604 451 1651 temporalia
484 1606 590 1641 bona
625 1606 672 1641 de
705 1605 873 1643 subditis
898 1620 967 1655 per
991 1620 1177 1644 censuras
1201 1608 1362 1645 fallaces
1387 1609 1525 1658 populi

209 1662 646 1705 communicacionem3
693 1672 729 1699 et
774 1664 878 1700 istud
924 1665 1086 1702 indubie
1129 1678 1211 1702 non
1257 1676 1313 1703 est
1353 1667 1525 1715 pastoris

208 1721 276 1756 sed
308 1719 472 1757 tortoris
505 1720 697 1757 officium.

267 1779 453 1815 Secundo
487 1778 616 1827 querit
650 1779 830 1816 Christus
864 1779 894 1816 si
925 1783 1063 1817 Petrus
1092 1781 1223 1829 ipsum
1254 1781 1392 1830 diligat
1425 1781 1526 1819 sicut
1548 1790 1814 1831 Clnisflssecond

153 1837 193 1870 25
209 1835 354 1883 primo,
396 1845 433 1872 et
466 1838 604 1873 Petrus
646 1837 850 1874 humiliter
888 1838 1190 1888 responsionem
1229 1840 1357 1877 variat
1398 1840 1524 1877 eciam
1602 1831 1754 1862 quesnon.

209 1894 376 1930 Domine
408 1902 446 1930 tu
478 1895 552 1931 scis
584 1895 669 1944 quia
703 1909 790 1932 amo
823 1904 868 1933 te.
904 1899 1006 1933 Nam
1041 1899 1180 1934 Petrus
1219 1911 1375 1934 memor
1408 1898 1525 1947 fragi-

209 1951 332 1988 litatis
365 1953 527 2000 proprie
559 1966 641 1989 non
675 1955 838 2002 pretulit
868 1967 908 1991 se
932 1955 1072 1992 ceteris
1096 1956 1290 2004 apostolis
1313 1956 1353 1992 in
1377 1957 1524 1994 Christi

209 2009 430 2047 dileccione
463 2023 640 2047 asserens
674 2014 781 2060 quod
814 2014 902 2060 plus
936 2013 1022 2050 aliis
1056 2013 1186 2062 ipsum
1221 2013 1423 2061 dilexerat,
1457 2016 1525 2051 sed

209 2076 291 2104 tam
326 2068 575 2117 questionem
609 2070 642 2105 si
668 2078 722 2106 est
752 2084 872 2118 quam
903 2071 1154 2120 questionem
1179 2080 1318 2121 quanta
1342 2080 1397 2109 est
1420 2072 1526 2109 Petri

152 2126 194 2158 30
210 2125 378 2163 dileceio
409 2126 544 2175 posuit
576 2127 615 2163 in
649 2128 796 2165 Christi
836 2129 985 2166 iudicio
1031 2130 1098 2178 qui
1142 2139 1296 2167 secreta
1340 2131 1524 2167 cordium

208 2183 398 2231 intuetur,
444 2197 674 2233 supponens
718 2195 853 2223 tamen
893 2196 929 2224 et
969 2188 1181 2236 implicans
1220 2201 1333 2225 suam
1376 2188 1524 2226 Christi

208 2242 486 2288 dileccionem,
528 2256 617 2280 cum
659 2244 795 2281 infert:
847 2246 901 2281 th
934 2246 1008 2282 scis
1039 2246 1205 2282 Domine
1238 2247 1323 2295 quia
1357 2259 1443 2283 amo
1476 2254 1522 2284 te.

207 2300 285 2336 Sed
329 2300 423 2349 quia
470 2301 642 2349 pastoris
688 2302 855 2339 dileccio
898 2316 980 2340 non
1024 2305 1154 2340 solum
1199 2305 1315 2341 debet
1360 2317 1443 2341 esse
1484 2305 1524 2341 in

207 2357 487 2406 predicacione
529 2360 738 2408 capacium
784 2363 851 2397 sed
903 2361 1062 2398 rudium
1107 2362 1148 2398 in
1192 2363 1387 2411 exemplo,
1432 2363 1523 2399 ideo

150 2416 189 2450 35
208 2415 388 2465 adiungit
421 2426 463 2453 ut
495 2417 605 2466 prius
644 2420 752 2467 quod
785 2420 925 2456 Petrus
959 2428 1139 2469 pasceret
1176 2433 1301 2471 agnos
1338 2433 1439 2458 suos.
1480 2423 1523 2457 In

276 2559 295 2578 1.
317 2550 340 2578 E
362 2551 390 2578 in
414 2559 527 2587 marg:
550 2552 693 2580 Christus
714 2553 838 2580 Petrum
860 2553 1028 2589 interrogat
1049 2558 1102 2581 ter.
1218 2554 1241 2582 5.
1264 2554 1333 2582 DE:
1355 2555 1520 2588 Pastorali;

205 2584 245 2611 ib.
268 2585 336 2612 DE:
360 2587 549 2621 pretendere.
665 2586 692 2614 S.
715 2587 783 2614 DE:
806 2588 953 2623 evangelii
975 2588 1217 2624 evangelizaci0;
1247 2589 1287 2616 ib.
1309 2589 1333 2616 E
1353 2589 1382 2616 in
1405 2598 1519 2625 marg:

207 2619 351 2647 Officium
372 2621 507 2656 pastoris
528 2622 728 2657 precipuum;
751 2631 771 2655 1,
793 2631 818 2654 2,
840 2622 865 2650 3.
927 2631 956 2659 9.
978 2623 1046 2650 DE:
1069 2628 1097 2650 et
1117 2624 1210 2651 deest.
1268 2632 1302 2651 11.
1324 2624 1365 2651 D:
1387 2624 1520 2652 virtutis.

206 2653 244 2688 13,
267 2663 308 2688 14.
330 2656 374 2682 A:
398 2656 480 2690 quod
502 2661 547 2683 est
566 2655 597 2683 iu
620 2657 736 2692 prelato
759 2657 941 2693 precipuum
962 2657 1051 2685 debet
1071 2667 1232 2694 agnorum.
1307 2658 1345 2686 13.
1360 2659 1432 2686 AE:
1455 2668 1521 2694 pre-

205 2689 331 2724 cipuum
353 2689 441 2717 debet
462 2699 529 2717 esse
550 2690 644 2718 deest.
729 2691 770 2719 16.
791 2693 835 2719 A:
858 2693 993 2727 pastoris
1014 2693 1108 2720 deest.
1184 2701 1222 2729 17.
1244 2694 1288 2721 A:
1310 2694 1520 2732 fabulacione3

204 2723 246 2750 ib.
267 2723 336 2751 DE:
359 2725 455 2752 eciam
477 2726 710 2753 commissione.
784 2734 830 2754 20.
852 2729 896 2754 A:
918 2727 1051 2755 fallaces.
1125 2735 1172 2762 20,
1194 2736 1232 2755 21.
1255 2728 1467 2756 adulacionem
1487 2744 1521 2747 —-

205 2762 265 2784 tem
292 2759 387 2786 oralia
416 2759 508 2787 deest.
634 2768 674 2788 21.
706 2761 728 2788 E
758 2761 788 2788 in
818 2770 932 2796 marg:
964 2761 1238 2790 Confabulacionis
1268 2763 1406 2790 membra
1437 2768 1518 2790 uota.

204 2799 251 2826 24.
270 2766 342 2820 ΗΒΕΑ
364 2802 433 2821 eum
455 2794 570 2830 diligat.
690 2796 734 2823 28.
756 2797 800 2823 A:
822 2796 924 2832 ipsum
946 2797 1040 2824 deest.
1156 2796 1195 2826 31.
1216 2797 1259 2825 D:
1282 2798 1520 2833 supposiciones

205 2831 323 2861 tamem
345 2827 385 2855 ib.
406 2829 450 2856 A:
474 2837 567 2857 unam
589 2829 714 2858 Christi.
761 2839 763 2841 ’
788 2829 835 2859 32.·
853 2831 921 2858 DE:
943 2831 1034 2866 dum;
1055 2832 1096 2859 ib.
1118 2832 1252 2860 Domine
1272 2831 1365 2859 deest.

278 2911 307 2943 5.
336 2911 387 2943 Cf.
414 2912 466 2944 De
492 2911 620 2945 Officio
649 2914 831 2953 Pastorali‚
865 2924 943 2957 pag.
971 2915 1024 2948 32.
1174 2925 1205 2958 9.
1233 2915 1287 2948 Cf.
1314 2916 1366 2947 De
1390 2914 1517 2948 Officio

205 2957 389 2997 pastorali,
415 2969 492 3000 pag.
523 2958 576 2990 31.

1336 3019 1387 3050 831⁴
