1986 3380
194 304 332 333 SERMO
353 292 420 351 lx]
660 303 872 336 SECUNDA
901 302 1027 334 PARS.

188 413 333 449 dicitur
373 412 460 461 quis
500 424 582 448 esse
621 410 843 458 episcopus,
887 410 955 445 sed
990 407 1233 444 Nullatensis
1273 406 1499 454 episcopus,

1739 292 1787 328 65

1534 413 1563 440 It·
1580 422 1594 440 a
1618 414 1727 449 bishop
1748 414 1773 440 is

1519 453 1569 474 not
1587 449 1734 475 endowed
1756 449 1790 475 lle

188 471 261 507 nisi
286 470 467 507 habuerit
491 470 710 505 secundum
735 469 906 504 formam
932 478 1132 503 cesaream
1158 464 1315 513 copiam
1348 473 1502 511 tempo-
1518 483 1542 509 is
1563 483 1655 510 caut-d
1680 484 1790 518 bishop

187 528 331 565 ralium
372 528 634 565 adiacentem.
680 528 727 562 Et
767 526 822 562 sic
855 525 885 561 si
919 537 1024 573 papa
1058 522 1263 559 renunciet
1297 520 1501 557 dotacioni

188 599 345 622 cesaree
369 585 567 622 diceretur
596 597 617 621 a
646 583 890 620 secularibus
914 580 1169 618 Nullatensis.
1205 582 1343 616 Petrus
1366 587 1497 615 autem

155 647 171 679 5
188 644 254 693 qui
280 644 351 679 fuit
374 656 476 691 papa
508 642 661 679 cunctis
685 641 833 678 dotatis
856 639 1108 689 prestancior
1132 638 1228 674 dicit
1250 640 1336 673 Act.
1355 639 1439 679 1110,
1458 638 1500 673 6:

187 703 402 752 Argentum
435 709 470 737 et
501 713 639 736 aurum
673 712 744 735 non
778 706 833 735 est
866 698 970 741 milli,
1010 706 1047 734 et
1086 705 1301 744 propterea
1340 694 1412 730 fuit
1445 694 1502 730 in-

188 759 305 795 dubie
345 758 583 807 disposicior
622 758 671 793 ad
712 757 907 793 miracula
952 755 1194 792 faciendum.
1242 755 1290 789 Et
1329 751 1384 788 sic
1423 764 1504 788 non

187 816 443 865 appreciatur
482 815 601 852 hodie
641 815 765 851 virtus
803 815 863 850 vel
901 813 1073 849 sciencia
1112 810 1304 859 evangelii
1345 811 1412 846 sed
1446 809 1503 845 in-

187 874 347 911 stitucio
389 875 564 910 humana
603 882 639 909 et
679 871 910 920 acceptacio
950 870 1103 907 seducti
1144 868 1295 917 populi,
1337 876 1374 904 et
1413 867 1503 904 ideo

134 945 173 966 10
189 942 245 969 est
268 931 483 968 verisimile
513 932 620 980 quod
649 930 768 967 nimis
799 929 913 965 multi
944 938 1034 965 sunt
1064 928 1192 964 solum
1223 925 1504 963 nominetenus

188 990 353 1027 ecclesie
393 989 577 1026 ministri.
619 988 683 1024 Sic
723 996 856 1025 autern
899 994 1131 1035 retorquent
1171 985 1300 1021 claves
1340 983 1504 1020 ecclesie

189 1050 236 1085 ad
267 1056 507 1096 potestatem
542 1046 832 1083 infundabilem
867 1054 986 1093 atque
1019 1042 1298 1081 absconditam
1323 1041 1504 1078 domina-

187 1106 265 1143 tive
299 1105 511 1153 colligendi
542 1104 775 1153 pecuniamg
810 1116 903 1140 narn
938 1104 987 1139 ad
1020 1101 1282 1150 aperiendum
1317 1099 1505 1135 subiectis

186 1164 290 1201 viam
338 1165 388 1200 ad
426 1163 599 1212 patriam
646 1175 718 1199 nec
757 1163 807 1198 ad
849 1160 1041 1197 noticiam
1090 1158 1283 1206 evangelii
1324 1166 1504 1194 asserunt

134 1223 171 1256 15
189 1235 271 1258 esse
311 1223 483 1267 clavem;
521 1221 611 1257 ideo
651 1228 810 1268 oportet
849 1220 957 1268 quod
995 1226 1137 1255 vocata
1169 1215 1337 1253 ecclesia
1371 1224 1504 1252 currat

187 1280 292 1316 viam
328 1279 572 1316 contrariam
606 1278 663 1314 illi
697 1291 775 1326 qua
808 1278 1028 1314 secundum
1063 1277 1190 1323 legem
1225 1273 1387 1310 Domini
1421 1286 1505 1309 am-

189 1338 351 1374 bulavit.
390 1339 438 1373 Et
477 1337 533 1373 sic
565 1336 722 1373 videtur
754 1337 862 1384 quod
901 1343 1043 1371 vocata
1082 1332 1250 1370 ecclesia
1291 1331 1505 1367 infideliter

189 1409 278 1432 cum
317 1395 573 1445 genet-acione
609 1395 788 1430 adultera
826 1394 939 1443 signa
980 1392 1114 1441 querit.
1155 1391 1269 1427 Unde
1310 1389 1501 1426 indicium

189 1453 396 1501 probabile
421 1454 537 1488 debet
566 1451 654 1500 capi
680 1451 862 1488 fidelibus
886 1464 965 1487 non
994 1463 1015 1486 a
1044 1450 1157 1497 signo
1184 1448 1254 1485 tali
1283 1446 1503 1495 sophistico

132 1523 172 1545 20
187 1512 254 1547 sed
288 1513 336 1547 ab
369 1523 502 1558 opere,
538 1523 628 1546 cum
658 1509 815 1545 Veritas
848 1508 956 1544 iubet
991 1507 1179 1556 operibus
1214 1507 1389 1542 credere.

246 1571 326 1605 Nec
356 1581 400 1605 ex
431 1568 506 1604 isto
536 1567 716 1616 sequitur
745 1568 853 1615 quod
880 1579 923 1602 ex
947 1565 1130 1602 carencia
1155 1572 1500 1601 sacramentorum

187 1628 247 1663 vel
297 1626 651 1663 sacramentalium
710 1624 877 1661 ecclesia
928 1625 1168 1667 destruatur,
1221 1621 1315 1670 quia
1367 1621 1503 1657 credat

188 1685 314 1721 fidelis
348 1684 387 1720 in
410 1686 538 1720 Deum
573 1693 610 1720 et
643 1684 825 1719 observet
858 1683 984 1730 legem
1019 1680 1225 1729 evangelii,
1261 1689 1297 1715 et
1322 1678 1503 1716 Christus

188 1752 245 1779 est
270 1755 387 1791 papa,
420 1741 596 1790 pontifex
620 1750 657 1778 et
682 1741 860 1789 prelatus
884 1739 1085 1776 sufficiens
1109 1739 1192 1776 sine
1216 1737 1336 1785 signis
1358 1736 1504 1773 talibus

132 1805 169 1836 25
187 1800 495 1849 superinductis,
539 1812 658 1848 quem
692 1799 866 1847 perfecte
901 1798 1038 1834 fideles
1072 1798 1217 1833 debent
1250 1796 1411 1832 credere
1445 1807 1505 1830 sa-

187 1860 370 1895 lutarem.
412 1859 504 1895 Ideo
544 1857 584 1894 in
616 1859 701 1906 lege
732 1856 855 1894 veteri
886 1864 1053 1892 vocatur
1085 1855 1217 1904 sepius
1250 1850 1506 1901 singulariter

186 1917 370 1953 salutare.
394 1919 476 1953 Nec
500 1925 557 1952 est
579 1917 803 1964 putandum
829 1915 936 1963 quod
960 1914 1135 1962 prelatus
1158 1913 1219 1949 vel
1234 1910 1505 1948 Antichristus

188 1975 417 2011 huiusmodi
451 1974 543 2011 licet
579 1973 686 2010 fideli
722 1986 803 2010 non
837 1971 1023 2020 proficiat
1066 1980 1222 2008 tantum
1266 1969 1418 2006 officiat
1456 1981 1505 2004 ne

189 2032 372 2070 Christus
406 2033 602 2069 famulum
638 2044 754 2068 suurn
791 2030 916 2073 iuvet;
952 2031 1057 2066 unde
1093 2042 1173 2066 non
1209 2029 1325 2064 debet
1361 2026 1505 2064 ascribi

132 2090 264 2127 30illis
296 2103 444 2127 nomen
483 2090 574 2127 talis
607 2089 796 2126 adiutorii
830 2090 897 2125 sed
930 2087 1184 2136 singulariter
1217 2085 1383 2122 domino
1415 2087 1505 2121 Jesu

189 2148 361 2185 Christo.
401 2150 516 2186 Unde
547 2148 705 2185 videtur
737 2148 844 2196 quod
886 2159 929 2183 ex
964 2146 1176 2182 dotacione
1220 2156 1380 2181 cesarea
1414 2155 1504 2179 cum

188 2215 247 2243 tot
288 2215 324 2243 et
362 2207 508 2243 talibus
547 2205 740 2242 ministris
779 2204 946 2241 ecclesia
984 2203 1256 2252 irregulariter
1295 2209 1505 2245 oneratur3

189 2278 279 2301 narn
329 2264 503 2301 medium
551 2262 877 2312 compendiosius
933 2271 969 2298 et
1014 2274 1084 2310 per
1126 2274 1167 2298 se
1210 2259 1410 2297 sufficiens
1455 2259 1505 2295 ad

189 2322 477 2359 beatitudinem
512 2322 799 2371 acquirendam
834 2321 1059 2357 excluderet
1091 2317 1393 2356 racionabiliter
1426 2329 1506 2352 me-

132 2385 172 2416 35
190 2380 298 2416 dium
334 2380 548 2427 difficilius,
582 2378 867 2416 infundabilius
901 2387 938 2415 et
972 2377 1151 2414 diffusius
1175 2377 1309 2426 quoad
1334 2376 1503 2412 eundem

189 2438 308 2475 finem
326 2438 516 2487 precipue
539 2447 621 2475 tam
646 2437 839 2474 inutiliter
862 2436 1198 2482 nanciscendum3
1223 2444 1260 2472 et
1283 2434 1339 2471 sic
1361 2433 1504 2478 forma,

190 2618 195 2623 .
259 2591 283 2611 2.
305 2585 349 2611 A:
372 2585 543 2611 secundum
566 2583 667 2618 deest;
698 2583 738 2610 ib.
760 2582 784 2610 Ε
804 2582 833 2610 in
856 2590 971 2617 marga
994 2581 1085 2610 Nota.
1223 2590 1253 2615 4.
1275 2579 1344 2608 DE:
1367 2580 1502 2611 dicetur:

189 2619 230 2646 lb.
245 2620 288 2646 A:
312 2620 419 2646 Petrus
439 2624 551 2646 tamen.
626 2627 651 2653 7.
673 2619 717 2646 A:
740 2618 940 2651 miraculum:
962 2618 1002 2645 ib.
1019 2617 1043 2644 F.
1062 2617 1091 2644 in
1114 2624 1228 2651 marg:
1250 2615 1340 2643 Nota.
1415 2615 1441 2641 8.
1458 2615 1502 2641 A:

189 2654 422 2689 appreciantu1-;
453 2654 492 2681 ib.
515 2654 558 2681 A:
581 2653 707 2680 homine
727 2653 825 2680 virtus
847 2652 891 2679 vel
915 2653 1062 2680 sanctitas
1083 2651 1290 2686 evangelicus.
1407 2658 1436 2685 9.
1458 2650 1502 2676 A:

190 2689 342 2724 accepcio.
435 2697 476 2723 14.
497 2688 566 2715 DE:
588 2696 643 2715 nec
663 2687 820 2715 noticiam.
915 2688 953 2714 18.
976 2688 999 2715 E
1021 2687 1049 2714 iu
1073 2694 1188 2721 marg:
1210 2686 1341 2720 Signum
1365 2684 1426 2711 veri
1449 2683 1504 2710 mi-

191 2723 278 2750 nistri
300 2723 436 2751 ecclesie.
521 2731 560 2750 21.
582 2724 611 2750 A
630 2723 660 2750 in
682 2731 796 2758 marg:
819 2722 910 2749 Nota.
1002 2721 1044 2749 23.
1067 2721 1135 2748 DE:
1158 2722 1313 2748 observat.
1399 2719 1441 2746 25.
1464 2718 1502 2744 12:

192 2758 350 2792 superius:
372 2759 412 2785 ib.
428 2759 472 2785 A:
494 2766 584 2819 finem
609 2766 662 2793 per
682 2766 722 2784 se.
805 2757 852 2784 26.
868 2758 912 2784 A:
935 2757 1026 2784 veteri
1049 2757 1143 2783 deest.
1227 2763 1270 2789 27.
1293 2754 1316 2781 E
1336 2754 1366 2781 in
1389 2762 1503 2787 marg:

193 2791 282 2819 Nota.
355 2793 400 2820 28.
423 2792 489 2820 Cod
518 2803 541 2820 ,ς
587 2792 645 2819 uod
666 2796 796 2819 tantum.
875 2799 922 2822 20-
945 2793 988 2818 A:
1011 2800 1100 2818 suum
1123 2791 1218 2818 deest.
1298 2788 1341 2816 35.
1364 2788 1402 2815 E:
1427 2788 1505 2815 difli-

192 2826 280 2853 cilius
300 2827 551 2863 dispendiosius3
589 2830 615 2853 ):
638 2826 794 2854 difficilius
814 2825 926 2862 quoa'd.

267 2932 293 2953 1.
322 2921 374 2954 Cf.
402 2922 450 2953 De
478 2922 645 2962 Ecclesia,
672 2932 750 2964 pag.
781 2920 857 2953 583.

1546 518 1579 543 (η’
1597 518 1759 545 Nowhere.

1529 1569 1651 1597 Reform
1674 1569 1776 1596 would

1540 1609 1591 1631 not
1613 1605 1699 1631 make
1720 1604 1768 1631 the

1530 1639 1652 1665 Chul-ch
1676 1639 1778 1674 perisli

1552 1674 1599 1700 sor
1620 1678 1701 1700 want
1721 1674 1755 1700 of

1554 1712 1751 1735 saci-amenis.
