1986 3380
223 275 357 305 SERMO
373 264 524 322 xlsviu]
694 278 907 311 SECUNDA
935 276 1060 308 PARS.
1744 269 1814 306 351

222 384 522 421 racionabiliter
560 385 818 421 nominanda.
860 383 1014 421 Sufficit
1053 383 1157 418 eniin
1198 382 1345 419 Christi
1386 383 1534 419 vicario

222 445 329 490 quod
369 444 512 479 habeat
552 443 647 479 istas
686 445 783 479 duas
822 444 890 478 sed
929 455 1009 478 non
1048 442 1179 477 obstat
1214 441 1321 488 quod
1355 440 1427 476 iste
1461 443 1534 477 due

222 502 351 537 claves
382 502 554 537 luss3eant
586 502 729 537 rntdtas
760 509 892 548 partes
923 509 959 536 et
989 500 1095 547 qtu3d
1127 498 1246 534 clavis
1276 498 1315 533 in
1338 498 1535 546 scriptura

221 559 443 606 accipiatur
494 559 696 607 equivoce,
748 571 820 594 nec
873 567 929 594 est
975 570 1118 605 magna
1164 556 1380 592 difficultas
1430 559 1534 604 apud

188 621 349 652 §rectos
388 616 537 663 logicos
578 618 624 652 de
663 616 830 652 istarum
870 615 1041 652 clavium
1080 614 1288 663 quiditate,
1329 627 1418 650 cum
1460 614 1536 649 sint

220 674 431 722 qualitates
464 675 787 722 supernaturales
823 675 913 710 date
953 673 1104 709 homini
1138 674 1188 709 ad
1220 673 1534 720 prodessendum

220 732 384 768 ecclesie
418 744 463 768 ac
497 732 623 768 eciam
657 732 730 767 sibi
764 731 851 779 ipsi.

278 793 357 826 Nec
381 790 513 826 valent
547 789 726 826 obiectus
760 802 859 837 quos
892 789 1162 825 Antichristus
1195 788 1362 836 replicat
1396 797 1535 824 contra
1593 793 1787 833 objections-1

219 847 337 884 istud.
383 848 524 895 Arguit
564 848 689 884 enim:
737 847 776 884 Si
816 847 888 883 iste
929 847 1058 884 claves
1100 846 1178 882 sint
1218 846 1402 889 sciencie,
1445 859 1535 882 cum
1563 828 1811 892 χῖὲᾚῖἀάἓξξζξὶζῗ

165 920 203 941 10
219 906 413 953 contingit
449 905 651 942 hominem
697 905 934 941 naturaliter
965 905 1045 941 sive
1078 904 1438 952 supernaturaliter
1472 917 1535 940 ac-
1590 899 1637 925 ΗΝ
1660 896 1799 933 papacvf

218 963 375 1011 quirere
397 964 518 1000 talen]
542 963 772 1009 scienciam,
798 962 992 1011 contingit
1016 963 1148 1010 ipsum
1173 963 1381 1010 acquirere
1403 962 1536 998 taliter

217 1021 312 1058 istas
347 1021 476 1058 claves
510 1031 546 1058 et
576 1034 647 1070 per
671 1034 918 1070 consequens
943 1030 1135 1069 pereunte
1158 1021 1243 1068 lege
1268 1020 1535 1057 institucionis

217 1079 373 1128 papalis
405 1080 655 1128 contingeret
678 1088 1036 1128 quantumcunque
1070 1077 1295 1127 simplicem
1331 1088 1367 1115 et
1400 1078 1535 1126 incog-

215 1138 345 1174 nitum
379 1151 462 1174 esse
495 1151 656 1186 papam.

163 1200 199 1232 15
275 1198 385 1238 Item,
421 1209 509 1232 cum
545 1205 621 1233 stat
661 1195 833 1232 sciencia
873 1209 963 1232 cum
1003 1203 1169 1243 peccato
1208 1204 1245 1231 et
1285 1194 1533 1240 infidelitate,

215 1254 395 1302 sequitur
428 1256 535 1303 quod
569 1254 763 1302 contingit
796 1253 942 1291 laicum
976 1262 1012 1289 et
1036 1253 1238 1290 infidelem
1272 1266 1355 1289 esse
1387 1265 1533 1301 papam

216 1325 320 1360 papa
351 1313 477 1349 electo
508 1313 718 1360 ignorante
748 1312 864 1349 istam
894 1311 1108 1348 scienciam
1134 1320 1170 1348 et
1193 1324 1262 1360 per
1288 1324 1534 1359 consequens

215 1383 296 1407 non
348 1371 518 1407 habente
569 1370 799 1407 huiusmodi
847 1379 1087 1418 potestatem
1133 1378 1169 1406 et
1214 1369 1361 1418 periret
1405 1369 1534 1405 omnis

217 1428 555 1465 iurisdiccionalis
588 1438 766 1477 potestas
801 1428 919 1465 hodie
953 1428 1194 1476 sompniata.

160 1501 202 1522 20
275 1489 385 1532 Item,
421 1500 510 1523 cum
545 1487 740 1535 contingit
773 1499 912 1523 omnes
944 1487 1043 1523 tales
1076 1485 1268 1522 sciencias
1303 1498 1386 1522 esse
1425 1497 1534 1522 com-

217 1544 439 1581 municatas
480 1545 613 1581 multis
652 1544 882 1593 suppositis,
922 1544 1078 1581 videtur
1118 1545 1223 1592 quod
1263 1556 1402 1580 ornnes
1435 1544 1533 1580 tales

215 1611 432 1650 potestates
456 1612 622 1651 possunt
653 1599 655 1654 Ι
688 1602 946 1651 multiplicari
971 1602 1010 1638 in
1032 1602 1166 1638 multis
1185 1601 1402 1650 suppositis
1423 1610 1459 1638 et
1477 1601 1532 1638 sic

214 1673 331 1708 pape,
359 1661 420 1697 vel
450 1661 566 1697 aliter
594 1661 684 1697 talis
714 1661 887 1697 sciencia
910 1674 990 1697 non
1013 1660 1160 1697 sufficit
1183 1662 1232 1696 ad
1255 1669 1449 1708 papatum
1472 1661 1533 1697 vel

214 1718 330 1755 aliter
359 1718 480 1756 clavis
509 1719 719 1767 potestatis
744 1719 975 1755 huiusmodi
1000 1732 1079 1755 non
1103 1719 1283 1767 sequitur
1306 1719 1356 1755 ad
1380 1719 1531 1755 clavem

158 1781 197 1814 25
213 1776 397 1823 sciencie,
428 1777 530 1814 sicut
559 1777 692 1826 passio
722 1779 772 1814 ad
801 1776 1038 1821 subiectum,
1071 1785 1106 1813 et
1136 1776 1192 1813 sic
1222 1776 1370 1825 periret
1401 1777 1531 1824 legum

214 1835 483 1872 humanarum
502 1835 706 1872 institucio
726 1837 774 1872 de
797 1844 948 1884 papatu
972 1844 1009 1872 et
1033 1834 1115 1872 eius
1139 1835 1280 1871 ordine
1303 1834 1531 1883 utrobique.

273 1894 350 1930 Sed
401 1895 683 1942 respondendo
734 1895 784 1930 ad
835 1893 939 1930 istud
999 1901 1159 1942 oportet
1211 1905 1438 1941 supponere
1491 1905 1533 1929 ex
1628 1897 1738 1934 Reply:

215 1951 488 2000 metaphysica
519 1961 556 1988 et
584 1951 715 2000 logica
738 1953 846 2000 quod
870 1952 989 1988 clavis
1020 1951 1094 1988 ista
1117 1950 1288 1988 sciencie
1311 1950 1361 1987 sit
1382 1950 1533 1987 noticia

214 2009 469 2057 particularis
515 2019 552 2046 et
590 2009 770 2058 practica
810 2023 830 2046 a
865 2012 948 2046 Deo
988 2009 1243 2058 singulariter
1276 2011 1438 2055 donata,
1478 2008 1533 2045 ita

157 2071 198 2104 30
214 2068 322 2115 quod
346 2067 466 2105 clavis
499 2067 669 2105 sciencie
700 2067 750 2104 sit
773 2068 876 2104 hanc
909 2080 1123 2117 personam
1157 2067 1335 2116 regimen
1369 2066 1533 2104 ecclesie

212 2127 434 2162 secundum
467 2128 595 2163 Deum
627 2126 667 2162 in
699 2125 892 2174 singulari
926 2138 1176 2174 cognossere.

271 2185 320 2219 Et
342 2192 453 2232 patet
482 2185 615 2233 quoad
645 2184 821 2232 primum
845 2186 953 2233 quod
983 2184 1148 2221 concedi
1172 2184 1289 2220 debet
1311 2182 1530 2221 conclusio.
1566 2197 1635 2226 God
1655 2197 1740 2234 gives
1760 2199 1810 2227 the

213 2241 253 2276 Si
294 2242 399 2278 enim
446 2242 534 2290 quis
574 2250 775 2279 mereatur
819 2251 861 2278 ut
907 2243 1052 2279 habeat
1102 2242 1197 2279 istas
1244 2243 1386 2288 claves,
1427 2244 1532 2278 Deus
1564 2234 1808 2297 vlssffisffetgtossg

211 2311 292 2335 non
336 2302 520 2338 obstante
566 2300 766 2337 eleccione
811 2301 987 2337 humana
1024 2299 1175 2337 tribuat
1218 2299 1306 2337 illas
1339 2299 1426 2346 sibi,
1459 2312 1532 2336 nec
1599 2311 1653 2331 use
1672 2305 1766 2332 them.

155 2362 194 2396 35
211 2358 388 2395 humana
433 2358 580 2395 eleccio
626 2358 862 2407 regulariter
901 2361 1030 2395 Deum
1075 2357 1289 2395 necessitat
1333 2366 1376 2394 ut
1419 2357 1529 2395 illam

211 2415 425 2453 scienciam
471 2417 596 2454 electo
641 2418 689 2453 ab
734 2416 896 2454 homine
938 2416 1101 2463 tribuat,
1149 2425 1185 2453 et
1229 2425 1324 2453 tunc
1368 2415 1531 2452 indubie

210 2486 293 2511 non
331 2476 451 2512 habet
491 2476 639 2512 electus
678 2476 727 2511 ab
760 2474 923 2512 homine
956 2474 1052 2512 istas
1086 2474 1227 2512 claves.
1274 2477 1362 2511 Duo
1395 2482 1531 2511 tamen

211 2541 302 2569 sunt
347 2545 391 2570 ex
434 2533 579 2582 quibus
624 2532 849 2571 ostenditur
892 2533 982 2570 talis
1029 2532 1179 2570 noticia
1223 2533 1309 2570 dari
1356 2531 1530 2578 homini;

126 1585 198 1616 Fol.

121 1631 202 1664 223⁸

278 2674 308 2700 4.
322 2667 368 2695 A:
390 2674 452 2694 non
472 2671 526 2694 est.
599 2667 623 2695 5.
639 2667 663 2695 E
677 2667 708 2695 in
724 2675 841 2703 marg:
864 2666 973 2695 Claves
994 2670 1065 2695 sunt
1084 2667 1247 2703 qualitates
1268 2665 1528 2703 supernaturales.

211 2709 251 2729 10.
271 2702 316 2741 A:
338 2702 401 2729 sive
421 2702 695 2737 supernaturaliter
715 2703 816 2736 deest;
845 2702 886 2730 ib.
908 2702 933 2730 E
952 2702 982 2730 in
1004 2710 1119 2738 marg.:
1141 2702 1299 2730 Obieccio.
1420 2701 1458 2729 13.
1479 2702 1526 2729 A:

210 2740 397 2771 contingere.
421 2771 426 2775 1
479 2737 587 2770 14-15,
601 2737 650 2776 ·D:
672 2746 738 2765 esse
760 2745 871 2773 papam
891 2752 926 2757 —-
944 2737 1098 2777 infidelem
1120 2737 1214 2764 deest.
1254 2771 1258 2776 ⁸
1304 2745 1342 2772 17.
1364 2737 1407 2764 D:
1429 2741 1457 2763 et
1476 2744 1531 2772 per

209 2775 390 2832 ppdtestatem
419 2780 439 2798 1.
467 2779 509 2810 rnt
536 2771 686 2811 additum.
727 2806 731 2811 ⁵
768 2780 809 2807 19.
831 2772 900 2800 DE:
930 2780 988 2808 que
1017 2772 1109 2799 hodie
1136 2775 1342 2810 sompniatur.
1424 2779 1463 2799 21.
1485 2771 1528 2798 D:

208 2810 324 2879 {fif}
342 2810 527 2879 ρῖξῖἓξξὲῗίἶὲῗ
553 2815 572 2834 ¹·
594 2815 638 2868 {¹¹1
659 2806 1016 2877 ffidlstilcmr'espondericib
1027 2806 1305 2877 ;²³{i2.DEE{n³1‘n?r¹g.
1317 2815 1404 2869 5135:
1418 2806 1527 2879 ⁴335&

209 2874 314 2902 ClaV1s
336 2883 476 2903 sciencoe.
532 2873 578 2904 30.
598 2850 669 2904 1313:
691 2884 819 2912 regnum
841 2876 977 2904 ecclesie.
1040 2875 1084 2904 33.
1104 2877 1149 2904 A:
1172 2876 1196 2904 si
1218 2880 1328 2904 autem.
1411 2882 1438 2904 o.
1458 2875 1527 2904 DE:

208 2910 303 2937 electo
324 2909 418 2937 deest.
491 2908 536 2947 37.
556 2910 626 2939 DE:
648 2915 676 2939 et
695 2915 806 2938 tamen.
