1986 3380
212 262 347 291 SERMO
369 249 470 307 xvi]
682 262 893 294 sECUNDA
924 261 1046 293 PARS.

213 371 454 409 celeritatem
488 369 647 407 termini
688 377 724 406 et
763 370 977 405 adventum
1012 367 1082 403 Dei
1124 366 1259 402 iudicii
1299 366 1523 403 difficultat.

1740 266 1813 300 119

1580 375 1647 402 The
1667 376 1774 403 earlier

1551 408 1655 437 saints
1677 411 1727 438 did
1751 416 1802 438 not

213 429 347 467 Sancti
385 429 547 478 quidem
586 427 652 476 qui
691 436 780 475 post
820 439 962 474 puram
998 424 1232 473 religionem
1268 424 1415 460 Christi
1447 424 1524 460 sin-
1540 444 1644 472 intend
1665 450 1696 472 to
1716 445 1812 473 found

211 487 400 536 gulariter
439 485 662 523 militarunt
700 498 781 522 non
819 484 1079 520 intendebant
1120 481 1362 519 constituere
1401 495 1525 518 novos

212 545 370 582 ordines
392 547 461 581 sed
483 543 694 592 antiquum
727 543 767 579 in
799 552 980 590 tempore
1003 541 1281 589 apostolorum
1305 541 1524 577 secundum

180 605 375 640 §modum
410 602 567 639 vivendi
612 601 812 650 disparem
855 609 891 636 et
924 599 1133 648 proprium
1168 598 1263 646 ipsis
1296 611 1341 634 ac
1386 597 1524 634 utilem

212 661 396 706 militare,
441 670 483 697 ut
521 668 631 708 patet
663 660 711 695 de
744 658 890 695 sanctis
924 658 990 706 qui
1024 657 1192 706 professi
1224 656 1384 692 fuerunt
1417 657 1525 704 quod

211 721 310 756 ordo
335 719 627 756 monachorum
657 726 694 754 et
726 729 796 765 per
828 717 934 752 idem
968 717 1069 752 ordo
1103 715 1359 751 sacerdotum
1394 723 1430 750 et
1463 726 1525 750 so-

211 778 365 814 ciorum
397 775 607 825 Augustini
645 775 723 812 sint
762 774 868 811 idem
908 775 1008 810 ordo
1042 781 1272 810 sanctorum
1305 772 1524 808 Jerusalem

210 836 343 883 quoad
376 835 500 871 laicos
534 842 570 870 et
603 834 703 870 ordo
737 831 883 869 Christi
918 831 1208 879 discipulorum
1243 830 1310 878 qui
1339 829 1462 878 viguit
1486 829 1525 865 in

155 909 193 930 10
211 893 376 930 ecclesia
405 891 620 941 primitiva.
655 893 753 927 Istos
786 899 919 927 autem
955 890 1096 925 modos
1129 888 1285 925 vivendi
1320 897 1526 924 extraneos

210 953 469 988 decreverunt
507 950 609 986 sicut
641 948 821 997 oportuit
851 961 958 984 nunc
991 947 1110 984 licere
1134 946 1336 983 dimittere
1359 955 1396 983 et
1418 958 1526 982 nunc

209 1008 436 1057 reaccipere
459 1009 679 1045 secundum
705 1008 813 1056 quod
837 1005 992 1054 expedit
1022 1007 1071 1042 ad
1094 1005 1279 1050 virtutes3
1310 1013 1346 1041 et
1370 1012 1526 1041 servata

207 1067 282 1103 ista
314 1066 451 1115 regula
482 1065 562 1102 sive
594 1064 786 1113 religione
818 1065 879 1101 vel
911 1063 1163 1111 obligacione
1201 1062 1362 1099 insolita
1402 1070 1525 1098 staret

207 1137 305 1173 pure
338 1124 478 1173 religio
512 1123 729 1161 christiana
752 1131 789 1159 et
821 1130 1057 1171 aptarentur
1080 1120 1323 1158 discrasiatis
1347 1119 1525 1156 remedia

155 1189 190 1220 15
207 1184 427 1220 secundum
473 1194 549 1231 que
593 1182 723 1219 forent
767 1182 818 1218 ad
851 1180 1085 1228 religionem
1119 1179 1341 1228 primevam
1376 1177 1524 1216 Christi

211 1241 367 1278 facilius
399 1239 631 1277 reducendi.

266 1301 314 1335 Et
347 1299 464 1336 istam
499 1299 619 1335 credo
652 1297 772 1334 fuisse
811 1296 1058 1333 sentenciam
1103 1295 1284 1332 omnium
1330 1293 1523 1342 religiosi-

209 1358 422 1394 archarum
457 1356 524 1405 qui
557 1356 596 1392 in
631 1355 856 1392 millenario
890 1354 1036 1391 Christi
1070 1353 1168 1390 ritus
1209 1354 1296 1402 plus
1341 1351 1523 1389 insolitos

209 1416 471 1452 adduxerunt.
507 1416 549 1450 In
583 1413 809 1450 millenario
843 1422 976 1449 autem
1006 1411 1205 1448 mendacii
1239 1410 1522 1448 constitutores

153 1485 405 1510 2on0V0rum
439 1471 626 1509 ordinum
673 1484 716 1508 ex
760 1470 947 1519 ampliori
993 1469 1226 1518 ignorancia
1274 1478 1311 1505 et
1355 1476 1523 1517 peccato

209 1531 381 1579 amplius
406 1538 651 1575 erraverunt,
680 1539 723 1565 ut
754 1538 862 1577 patet
886 1530 933 1564 de
957 1528 1098 1564 ordine
1117 1527 1318 1564 Dominici
1344 1536 1380 1563 et
1403 1528 1524 1562 Fran-

209 1589 303 1626 cisci
336 1602 426 1626 cum
460 1588 547 1625 aliis
582 1587 817 1624 ficcionibus
850 1586 1016 1623 adiectis
1050 1587 1097 1622 de
1129 1584 1310 1633 possibili
1343 1583 1521 1620 infinitis.

268 1647 354 1683 Istis
387 1656 521 1684 autem
555 1645 759 1694 premissis
796 1645 953 1681 videtur
1001 1645 1109 1692 quod
1154 1642 1330 1691 religiosi
1376 1641 1523 1679 novelli

208 1706 380 1754 amplius
426 1713 676 1749 erraverunt;
730 1704 780 1740 ad
833 1711 1115 1751 argumentum
1161 1700 1393 1750 oppositum
1440 1699 1522 1736 eius

153 1768 192 1801 25
208 1763 377 1812 pallians
407 1763 552 1800 dicitur
575 1763 683 1811 quod
716 1762 858 1798 falsum
893 1760 1123 1805 assumitur,
1157 1772 1247 1796 cum
1281 1759 1422 1795 fratres
1456 1757 1523 1806 qui

1575 487 1641 506 new
1662 480 1780 515 orders,

1567 514 1617 541 but
1638 518 1668 541 to
1690 515 1793 542 follow

1558 548 1690 576 Christ's
1710 549 1801 576 order

1553 584 1649 610 under
1668 584 1718 611 the
1739 592 1806 611 new

1564 618 1738 645 conditions
1760 619 1795 646 of

1587 653 1664 680 their
1684 653 1766 681 time.

1595 1359 1662 1387 The
1682 1359 1757 1386 later

1572 1393 1681 1421 orders
1702 1402 1782 1421 were

1582 1428 1716 1456 founded
1738 1429 1768 1456 in

1628 1471 1726 1491 error.

208 1823 425 1858 abhorrent
463 1829 698 1870 perpetuam
738 1819 1031 1868 possessionem
1070 1819 1130 1855 vel
1169 1818 1297 1866 ipsam
1337 1824 1521 1862 renuunt,
1537 1822 1603 1850 The
1618 1823 1722 1851 Friars
1738 1824 1812 1851 have

1538 1858 1587 1885 the
1605 1859 1695 1886 faults
1714 1859 1748 1886 of
1763 1859 1812 1886 the

209 1880 302 1928 quia
346 1893 427 1916 non
471 1879 676 1916 sufficiunt
720 1878 847 1927 ipsam
899 1876 1094 1925 attingere
1137 1877 1198 1913 vel
1242 1888 1285 1912 ex
1331 1874 1523 1911 instinctu
1563 1894 1794 1928 possessionem

119 1967 180 1999 Fol
208 1938 368 1986 dyaboli
391 1937 598 1975 stabiliunt
621 1936 661 1973 in
684 1935 975 1985 temporalibus
997 1934 1212 1971 mobilibus
1228 1933 1521 1982 possessionem

116 1991 193 2054 1075
208 2005 457 2045 perpetuam,
474 1997 578 2032 ultra
594 1996 669 2032 hoc
693 1995 800 2044 quod
815 1994 994 2030 fecerunt
1017 1992 1189 2042 apostoli
1212 1993 1272 2029 vel
1287 1986 1521 2044 possessio-J

137 2053 192 2091 '30
208 2054 291 2091 nati
348 2067 417 2103 pre
477 2053 718 2090 verecundia
782 2060 1019 2101 potuerunt;
1084 2060 1121 2088 et
1185 2063 1275 2087 curn
1335 2049 1523 2086 simulata

207 2112 398 2149 sanctitas
450 2112 499 2149 sit
553 2112 695 2160 duplex
749 2109 951 2159 iniquitas,
1006 2118 1115 2158 patet
1167 2110 1275 2158 quod
1328 2107 1522 2156 postremi

208 2170 381 2218 religiosi
427 2183 469 2207 ex
515 2170 671 2207 cautela
715 2168 875 2217 dyaboli
920 2167 1139 2204 introducti
1173 2168 1277 2203 ultra
1310 2166 1522 2214 religiones

207 2228 305 2265 alias
339 2230 386 2265 de
418 2228 568 2265 vicioso
593 2228 725 2264 medio
749 2227 992 2264 defecerunt.
1027 2228 1128 2262 Nam
1153 2226 1299 2274 gradus
1328 2224 1522 2273 ypocrisis

207 2287 279 2323 fuit
313 2299 403 2323 cum
437 2286 561 2323 tercio
595 2287 721 2334 gradu
760 2283 1004 2322 deviacionis
1043 2284 1210 2320 ecclesie
1248 2282 1521 2329 introductus3

150 2351 190 2385 35
207 2345 348 2382 fratres
386 2345 506 2393 igitur
544 2344 734 2380 simulant
773 2342 1144 2392 expropriacionem
1181 2350 1218 2378 et
1241 2341 1523 2378 innaturaliter

207 2415 254 2440 ac
286 2402 495 2452 illegaliter
527 2404 739 2439 observant
772 2401 812 2437 in
844 2401 923 2437 suis
953 2400 1244 2449 temporalibus
1268 2407 1521 2436 monstruose

207 2473 377 2510 persone
428 2459 808 2510 appropriacionem
861 2458 1033 2496 maxime
1085 2458 1376 2495 detestandam.
1428 2458 1521 2494 Ideo

277 2627 296 2646 1.
318 2619 362 2647 A:
383 2618 439 2647 Dei
459 2617 582 2652 iudicii3
612 2618 652 2645 ib.
673 2617 742 2645 DE:
764 2616 962 2650 difficultant;
992 2616 1033 2644 ib.
1055 2616 1079 2644 E
1098 2616 1128 2644 in
1150 2624 1264 2655 marg.:
1286 2615 1422 2643 Ecclesia
1443 2615 1521 2643 diffi-

206 2654 338 2681 enitatur
359 2662 413 2689 per
432 2662 530 2681 novos
550 2653 685 2681 ordines.
758 2651 785 2680 8.
808 2652 875 2679 DE:
898 2651 994 2679 sancti
1015 2650 1199 2687 Augustini:
1220 2651 1261 2678 1b.
1277 2652 1322 2679 A:
1343 2650 1401 2678 fuit
1421 2650 1520 2683 idem;

207 2688 247 2715 ib.
269 2689 296 2716 A
323 2688 352 2716 in
379 2696 492 2724 marg:
523 2687 605 2715 Nota
631 2687 667 2715 de
692 2686 817 2719 ordine;
848 2686 872 2714 E
897 2686 927 2714 in
956 2694 1069 2722 marg.:
1100 2685 1144 2713 De
1164 2685 1273 2713 ordine
1292 2685 1519 2721 religiosorum.

208 2731 249 2750 ιο.
271 2723 338 2750 DE:
360 2723 558 2750 extrinsecos.
656 2731 697 2756 14.
718 2723 762 2749 A:
784 2721 895 2749 media.
994 2729 1032 2756 ¹7·
1053 2720 1166 2754 fuisse;
1197 2720 1237 2748 ib.
1259 2720 1328 2749 DE:
1351 2719 1519 2748 sinistram.

209 2758 246 2784 18.
268 2759 312 2785 A:
335 2758 411 2785 ritus
432 2757 518 2785 ritus.
596 2765 636 2785 21.
657 2757 726 2785 DE:
748 2761 776 2784 et
795 2756 890 2784 deest.
963 2754 1007 2783 23.
1028 2755 1052 2783 E
1073 2755 1103 2783 in
1125 2763 1238 2790 marg:
1260 2756 1320 2783 Pro
1340 2759 1520 2790 argumento

207 2792 236 2819 in
264 2792 461 2828 oppositum;
489 2793 519 2831 ᾼ
544 2792 575 2820 in
603 2800 716 2828 marg.:
746 2792 985 2830 Argumentum.
1015 2790 1099 2819 Nota
1124 2794 1230 2817 contra
1257 2798 1366 2818 omnes
1395 2789 1520 2816 ordines

208 2827 345 2854 novellos
365 2831 393 2854 et
414 2826 586 2862 speclaliter
605 2831 712 2854 contra
733 2826 858 2853 ordines
879 2825 1138 2853 mendicancium.
1248 2832 1295 2858 24.
1316 2826 1360 2852 A:
1383 2828 1410 2851 et
1431 2831 1519 2858 argu-

207 2866 355 2888 mentum.
427 2861 471 2894 25,
487 2862 534 2888 26.
549 2861 618 2889 DE:
639 2861 710 2896 quia
731 2861 907 2888 abhorrent.
980 2861 1027 2888 26.
1048 2859 1117 2887 DE:
1138 2860 1200 2888 iam
1221 2859 1332 2895 ipsam.
1406 2857 1451 2885 30.
1473 2859 1517 2885 A:

208 2896 350 2930 similata.
413 2894 457 2923 35.
477 2896 547 2923 DE:
569 2904 652 2932 ergo.
716 2894 762 2923 36.
783 2896 827 2923 A:
849 2895 1051 2931 temporibus.
1114 2893 1158 2930 37.
1179 2894 1248 2923 DE:
1269 2893 1403 2921 maxime
1423 2893 1517 2920 deest.

1550 1928 1608 1955 and
1632 1928 1799 1966 hypocrisy

1608 1963 1739 1991 besides.
