1986 3380
210 314 284 359 342

256 552 279 580 5.
302 553 420 581 Broken

229 587 321 615 down
343 588 454 624 clergv.

269 1193 297 1218 0.
320 1192 416 1221 Sham

271 1227 415 1262 cripples.

227 2416 252 2445 7.
274 2408 456 2437 Pardoners.

780 323 1005 355 JOHANNIS
1026 322 1209 355 wchF
1229 323 1484 356 sERMONUM
1518 311 1670 369 [senno
1687 322 1807 350 nvn.

497 430 618 477 quod,
653 441 779 478 usque
812 428 1064 477 pervenerint
1098 430 1147 465 ad
1181 428 1353 477 patriam
1389 442 1501 466 suam
1536 431 1575 467 in
1609 443 1686 479 qua
1719 441 1809 468 sunt

496 487 591 523 satis
626 487 779 525 divites.
815 487 869 523 sic
906 486 1144 523 mendicent.

553 544 747 591 Quintum
788 556 911 591 genus
950 544 1176 581 validorum
1217 545 1540 582 mendicancium
1584 556 1640 583 est
1677 548 1809 584 multi-

494 604 592 639 tudo
625 602 913 640 discolancium
940 602 1177 639 clericorum
1203 602 1271 651 qui
1306 603 1457 651 lingunt
1482 617 1521 640 se
1554 605 1809 642 laudabiliter

494 660 650 697 stetisse
691 661 730 697 in
769 660 910 696 studiis
949 661 1010 696 vel
1049 660 1136 697 aliis
1170 661 1510 709 occupacionibus
1551 662 1842 700 edilicatoriis5

495 728 531 755 et
569 718 805 756 necessariis
847 717 1012 755 ecclesie
1053 719 1121 754 sed
1166 728 1332 767 propter
1375 718 1553 767 inopiam
1600 721 1808 765 defecisse3

494 777 641 814 talibus
692 776 908 825 (inquiunt)
955 785 1011 812 est
1058 776 1415 813 elemosinancium
1462 777 1686 815 subvenire.
1732 780 1809 816 Sed

495 844 647 872 certum
682 843 739 871 est
763 836 870 883 quod
894 834 1103 882 supposita
1126 834 1366 871 narracione
1399 848 1538 871 eorum
1573 849 1692 884 quam
1718 849 1810 885 sepe

497 893 580 929 fieri
620 892 815 941 contingit
854 892 1102 929 mendaciter
1139 905 1219 929 non
1259 894 1438 939 docetur,
1480 895 1547 929 sed
1588 906 1681 942 sepe
1719 908 1810 943 pro-

497 951 683 987 babiliter
722 950 949 999 suspicatur
988 951 1182 998 prodesse
1221 951 1387 987 ecclesie
1431 964 1512 988 non
1551 964 1634 989 esse
1673 961 1732 989 tot
1772 961 1869 990 etio

496 1009 594 1045 tales
628 1009 808 1054 cler-iem,
841 1010 909 1044 sed
943 1021 987 1045 ex
1021 1008 1153 1045 divina
1182 1004 1187 1060 Ι
1216 1008 1474 1057 providencia
1507 1009 1596 1046 illos
1629 1010 1810 1047 sufficere
1826 1005 1909 1066 {²0¹2

496 1067 626 1114 regnis
659 1076 695 1103 et
729 1067 881 1115 populo
916 1067 982 1115 qui
1015 1076 1183 1114 possunt
1217 1079 1238 1103 a
1261 1067 1342 1103 suis
1374 1067 1607 1115 parentibus
1631 1068 1809 1105 relevari.
1829 1061 1891 1082 ²²²

495 1126 612 1161 Tales
645 1137 738 1172 ergo
772 1125 912 1161 discoli
946 1133 1035 1160 sunt
1068 1125 1255 1172 suspecti.

554 1185 716 1219 Sextum
756 1195 878 1230 genus
918 1182 1241 1219 mendicancium
1283 1182 1507 1218 validorum
1543 1192 1600 1220 est
1633 1184 1811 1221 trutanni

497 1241 563 1289 qui
597 1254 637 1278 se
670 1241 861 1277 simulant
901 1241 1143 1289 impotentes
1183 1249 1219 1276 et
1252 1249 1387 1277 tamen
1419 1242 1615 1278 subducta
1647 1241 1866 1280 simula-15

497 1299 610 1336 cione
643 1299 741 1335 falsa
765 1299 894 1335 forent
927 1298 1022 1335 satis
1044 1298 1165 1335 validi
1199 1300 1248 1335 ad
1272 1298 1345 1334 sibi
1369 1299 1593 1336 necessaria
1616 1300 1811 1337 laboricio

496 1357 800 1406 acquirendum.
837 1359 951 1393 Unde
984 1358 1205 1393 secundum
1238 1357 1360 1393 talem
1395 1366 1520 1393 artem
1563 1357 1693 1394 sciunt
1724 1358 1810 1407 qui-

496 1417 588 1452 dam
621 1428 662 1451 se
694 1415 884 1451 simulare
918 1415 1100 1451 infirmos
1134 1414 1319 1451 horridos
1353 1416 1572 1451 secundum
1608 1416 1750 1452 herbas
1773 1425 1812 1453 et

497 1473 765 1510 medicamina
803 1482 1100 1510 trutannorum.
1142 1474 1243 1509 Cum
1282 1472 1417 1521 itaque
1457 1473 1496 1509 in
1535 1473 1620 1510 istis
1660 1483 1696 1510 et
1735 1474 1810 1510 sibi

497 1531 694 1568 similibus
717 1532 904 1568 laborant
929 1540 989 1568 tot
1011 1530 1372 1579 sophisticaciones
1407 1531 1567 1578 dyaboli
1601 1541 1638 1568 et
1670 1544 1810 1569 secun·
1827 1549 1868 1570 20

497 1591 591 1625 dum
626 1589 825 1638 principia
859 1589 949 1625 fidei
988 1588 1289 1637 preeligendum
1329 1598 1387 1625 est
1426 1591 1574 1625 bonum
1616 1590 1808 1631 securius,

495 1647 651 1684 videtur
685 1649 794 1696 quod
826 1647 958 1684 omnis
998 1648 1133 1693 homo,
1176 1659 1265 1683 cum
1306 1648 1424 1683 habet
1461 1656 1616 1684 tantum
1652 1648 1807 1684 finitum

497 1707 544 1742 de
591 1705 883 1754 temporalibus
929 1705 1254 1750 ministrandum,
1308 1717 1390 1741 non
1442 1706 1558 1741 debet
1611 1705 1809 1754 impertiri

496 1763 656 1810 talibus,
696 1773 911 1813 antequam
960 1762 1094 1812 egenis
1134 1764 1182 1799 de
1220 1762 1364 1812 quibus
1402 1763 1520 1799 fuerit
1559 1775 1722 1800 securus
1760 1764 1810 1800 sit

496 1822 674 1870 plenarie
708 1822 993 1867 ministratum,
1028 1829 1065 1858 et
1096 1820 1265 1858 forsitan
1298 1822 1626 1869 supersederetur
1660 1834 1681 1858 a
1712 1822 1810 1858 rele-
1828 1828 1867 1861 25

495 1880 653 1917 vamine
685 1879 826 1917 talium
860 1879 1120 1916 discolorum.
1154 1881 1255 1928 Sepe
1288 1879 1449 1928 quidem
1485 1879 1679 1927 contingit
1702 1881 1809 1928 quod

497 1938 633 1974 fideles
673 1938 880 1986 operarios
919 1938 1020 1974 foret
1059 1937 1288 1974 meritorius
1327 1950 1447 1985 quam
1493 1938 1591 1974 tales
1636 1937 1810 1975 discolos

495 1996 684 2042 relevare,
708 2005 746 2032 et
776 1996 880 2032 istud
913 1995 1157 2044 principium
1190 1996 1382 2032 relevaret
1415 1997 1548 2044 quoad
1581 1997 1810 2044 corporales

496 2055 745 2102 elemosynas
777 2063 907 2090 totum
942 2055 1150 2090 mundum.
1186 2055 1400 2099 Quomodo
1424 2055 1581 2102 (queso)
1617 2053 1811 2090 tribueret
1895 2094 1898 2098 ⁴

497 2112 603 2149 dives
636 2112 758 2148 seculi
791 2121 850 2148 tot
871 2111 1112 2160 temporalia
1145 2111 1333 2148 fratribus
1357 2120 1393 2148 et
1425 2111 1512 2148 aliis
1546 2111 1810 2149 mendicanti·
1825 2118 1868 2152 30

497 2172 568 2206 bus
591 2170 893 2206 infundabiliter
915 2169 1167 2215 introductis,
1193 2171 1354 2218 quando
1377 2177 1468 2206 sunt
1491 2178 1549 2206 tot
1572 2169 1810 2207 incarcerati

497 2228 644 2265 Christi
676 2230 895 2265 secundum
929 2228 1153 2265 naturalem
1193 2227 1479 2276 impotenciam
1522 2236 1677 2264 tantum
1711 2237 1810 2264 tem-

497 2286 626 2334 porali
659 2286 880 2323 elemosina
911 2285 1157 2333 indigentes?
1190 2285 1266 2334 Ipsi
1291 2285 1395 2322 enim
1421 2298 1504 2322 non
1527 2294 1809 2322 consumerent

497 2344 736 2381 elemosinas
752 2344 918 2381 ecclesie
933 2353 1015 2381 tam
1033 2352 1284 2380 monstruose
1302 2353 1338 2380 et
1349 2343 1807 2392 contrarielegiChristi.

555 2401 780 2450 Septimum
814 2415 937 2451 genus
969 2401 1193 2438 validorum
1229 2401 1551 2438 mendicancium
1591 2410 1682 2438 sunt
1715 2414 1809 2450 que·
1825 2410 1864 2444 35

496 2468 623 2496 stores
663 2460 731 2509 qui
772 2469 814 2496 ut
849 2459 1122 2496 mendicantes
1156 2459 1275 2507 primi
1316 2459 1470 2507 fingunt
1503 2471 1543 2496 se
1577 2459 1809 2496 benefacere

496 2519 649 2566 populo
682 2531 799 2566 quem
835 2520 1042 2554 seducunt.
1085 2517 1232 2554 Dicunt
1265 2517 1368 2554 enim
1404 2519 1511 2566 quod
1544 2517 1690 2554 virtute
1723 2518 1808 2554 bul-

498 2577 627 2613 larum
674 2576 879 2624 papalium
926 2577 1097 2612 reddunt
1138 2575 1281 2624 cuique
1322 2574 1513 2612 tribuenti
1553 2576 1715 2612 obolum
1750 2574 1808 2611 in-

496 2633 767 2670 numerabiles
813 2646 938 2670 annos
983 2633 1236 2681 indulgencie
1280 2632 1319 2669 in
1364 2632 1598 2681 purgatorio
1651 2641 1688 2669 et
1734 2645 1808 2681 pro

497 2704 619 2740 parvo
654 2701 937 2728 momentaneo
976 2691 1189 2739 temporali
1230 2690 1430 2727 infinitum
1466 2691 1554 2739 plus
1588 2690 1866 2743 retribuere40

569 2799 588 2818 ι.
611 2790 781 2830 Dqunod
804 2790 897 2818 deest.
965 2789 990 2818 3.
1011 2791 1066 2818 Ali
1089 2790 1117 2817 in
1140 2798 1206 2817 mar
1230 2799 1253 2817 .:
1276 2788 1307 2823 5;
1338 2789 1377 2816 ib.
1399 2789 1443 2817 A:
1465 2793 1510 2816 est
1530 2789 1623 2817 deest.
1688 2797 1714 2825 7.
1737 2789 1806 2817 DE:

496 2825 757 2853 elemosinarium.
848 2832 885 2852 12.
908 2825 975 2852 DE:
998 2825 1150 2852 sublevari
1172 2833 1208 2851 ve
1241 2824 1365 2859 relegari
1388 2824 1440 2858 (Et
1462 2823 1610 2859 relevari).
1703 2823 1739 2852 13.
1761 2825 1803 2851 A:

496 2868 568 2895 crgo
589 2859 690 2894 det-sn
719 2860 759 2887 ib.
781 2860 820 2887 E:
842 2864 912 2887 sunt
933 2859 1028 2887 deest.
1102 2868 1110 2887 1
1138 2881 1143 2886 .
1165 2859 1247 2887 ADE
1269 2858 1297 2886 in
1321 2867 1434 2894 marg:
1457 2859 1485 2886 (ἰ.
1547 2866 1615 2895 ⁷20»
1637 2866 1674 2886 21.
1695 2859 1740 2886 A:
1762 2866 1807 2886 se-

496 2894 630 2922 cundum
654 2894 820 2930 presencia.
902 2902 948 2928 24.
971 2894 1011 2922 D:
1033 2899 1094 2926 est:
1114 2868 1156 2922 ᾗς
1177 2894 1233 2921 erit
1254 2901 1390 2921 securus.
1470 2892 1514 2920 28.
1536 2892 1604 2920 nli:
1625 2898 1653 2920 ct
1672 2893 1753 2929 istud
1772 2908 1807 2932 7—

498 2930 641 2956 rclevaret
662 2929 755 2956 deest.
846 2927 884 2956 31.
909 2929 948 2956 Ι);
972 2929 1095 2956 mercati
1118 2928 1251 2956 correxit
1271 2928 1299 2955 in
1322 2928 1513 2956 incarcerati.
1603 2926 1644 2956 35.
1666 2927 1750 2955 ΑΗΕ
1771 2935 1799 2955 ιιι

499 2972 612 2999 marga
634 2964 825 2999 Septimum
846 2963 870 2991 E
890 2964 919 2991 in
942 2972 1056 2999 marg:
1078 2962 1283 2999 Indulgencie.
1357 2970 1407 2996 40.
1430 2962 1453 2989 E
1474 2962 1502 2990 in
1525 2970 1638 2998 marga
1659 2962 1750 2990 Nota.
