1986 3380
239 282 374 311 SERMO
397 269 520 326 tvm]
710 284 925 317 secuNoA
951 283 1077 315 PARS.

240 391 365 427 cionis
399 391 528 428 divine
571 391 707 428 omnia
750 391 951 427 contraria
991 390 1067 425 illis
1107 390 1326 438 reliquerit,
1369 390 1475 426 vadit
1516 401 1551 426 et

239 449 373 486 vendit
407 449 542 486 onmia
576 462 652 498 que
686 450 804 486 habet
838 458 875 485 et
908 448 1003 485 emit
1037 461 1138 485 eam.

298 509 338 543 In
372 509 546 544 secunda
587 508 781 555 parabola
820 507 963 543 similat
1002 519 1165 557 regnum
1200 506 1370 542 celorum
1412 506 1555 541 lwmini'

240 566 484 615 negociatori
514 566 688 614 querenti
719 567 836 601 bonas
868 565 1133 615 nzargarz‘tas5
1155 564 1305 600 inventa
1329 571 1453 599 autem
1480 577 1551 599 ima

206 623 413 671 §preciosa
439 624 659 673 margarita
693 624 783 659 abiit
815 631 850 659 et
884 623 1053 659 vendidit
1085 623 1210 658 omnia
1249 633 1318 670 que
1357 621 1487 656 habuit
1520 628 1554 657 et

239 682 328 716 emit
366 693 461 717 eam.
507 683 627 717 Istum
673 689 807 717 autem
853 689 1004 717 textum
1038 689 1240 729 exponunt
1284 687 1467 727 apostate
1507 680 1553 715 de

240 738 492 775 successione
525 738 702 784 ecclesie,
737 738 792 775 sic
826 740 934 786 quod
966 747 1057 786 post
1090 738 1273 787 quintum
1298 746 1444 774 statum
1472 737 1553 773 eius

241 804 432 845 ceperunt
465 796 641 844 religiosi
665 796 906 844 contemptis
932 796 1071 832 mundi
1096 795 1249 833 diviciis
1274 804 1310 832 et
1333 795 1553 831 honoribus

242 863 278 891 et
323 854 475 891 deliciis
522 854 729 891 intendere
774 853 958 902 religioni
1004 853 1331 902 comtemplative
1377 865 1453 902 que
1497 862 1553 889 est

187 927 225 949 10
240 912 464 961 preciosior
496 912 638 959 activa,
674 921 711 949 et
743 912 845 949 sicut
879 912 1098 960 margarita
1122 911 1321 949 invenitur
1344 911 1384 947 in
1409 911 1553 948 cocleis

241 970 376 1016 maris,
411 970 467 1007 sic
501 970 609 1007 dicta
642 970 782 1019 religio
816 970 1006 1007 fundatur
1039 970 1079 1007 in
1112 972 1281 1006 humore
1323 969 1554 1006 devocionis

241 1037 278 1065 et
310 1028 547 1066 tollerancia
572 1028 863 1066 tribulacionis.
889 1029 1108 1076 Margarita
1132 1028 1236 1065 enim
1262 1037 1319 1064 est
1354 1027 1555 1064 medicina

241 1087 429 1124 cordialis
477 1088 535 1134 (ut
581 1096 692 1135 patet
736 1086 1063 1135 philosophicis).
1110 1089 1273 1123 Invento
1327 1099 1420 1135 ergo
1473 1098 1554 1122 uno

240 1154 345 1182 statu
390 1145 446 1181 sic
490 1145 647 1182 vivendi
693 1146 740 1182 de
793 1144 942 1190 multis,
995 1146 1113 1181 debet
1158 1146 1281 1181 homo
1327 1144 1556 1181 renunciare

188 1209 224 1241 15
240 1204 414 1240 omnibus
445 1215 514 1252 que
540 1204 716 1253 possidet
740 1203 908 1240 civiliter
933 1204 992 1251 (ut
1016 1204 1183 1240 docetur
1207 1204 1312 1239 Luce
1335 1204 1457 1248 XIVO,
1486 1202 1551 1250 33)

241 1270 278 1298 et
323 1274 562 1310 comparare
608 1274 695 1299 eam
741 1263 893 1310 absque
938 1270 1118 1310 argento,
1167 1270 1209 1297 ut
1257 1260 1403 1298 dicitur
1443 1260 1555 1307 (Isaie

242 1322 341 1366 LV0,
390 1323 442 1367 1):
499 1320 639 1367 Venite,
690 1321 800 1356 emite
852 1320 993 1369 absque
1043 1327 1209 1370 argento
1262 1329 1336 1356 etc.
1390 1320 1553 1356 Certum

241 1378 402 1426 quidem
438 1387 495 1414 est
529 1379 635 1427 quod
669 1377 873 1414 sentencia
917 1377 991 1414 ista
1026 1377 1200 1414 heretica
1243 1390 1353 1414 more
1394 1376 1554 1425 dyaboli

243 1436 434 1472 miscetur
467 1449 556 1472 cum
590 1436 790 1473 catholiea
822 1436 1001 1473 veritate.
1036 1436 1218 1473 Christus
1252 1436 1357 1472 enirn
1397 1435 1437 1472 in
1470 1448 1555 1471 om-

184 1510 225 1532 20
242 1494 358 1530 nibus
392 1494 476 1531 istis
509 1495 715 1542 parabolis
748 1495 908 1530 locutus
933 1503 989 1531 est
1014 1495 1061 1530 de
1094 1503 1200 1531 statu
1234 1493 1400 1531 ecclesie
1435 1506 1553 1542 quem

239 1552 365 1589 voluit
398 1561 593 1601 perpetuo
626 1565 875 1601 permanere,
909 1562 950 1588 ut
983 1552 1055 1588 fuit
1079 1553 1126 1589 de
1149 1561 1254 1589 statu
1277 1552 1555 1601 apostolorum

242 1619 279 1647 et
313 1610 485 1647 aliorum
520 1619 752 1647 sanctorum
787 1619 878 1647 ante
912 1610 1169 1647 dotacionem
1216 1610 1395 1647 ecclesie.
1441 1609 1555 1646 Absit

242 1668 403 1717 quidem
439 1670 546 1717 quod
582 1669 764 1706 Christus
808 1668 935 1705 voluit
983 1678 1132 1705 statum
1176 1668 1367 1706 secularis
1401 1666 1555 1705 brachii

241 1739 450 1764 remanere
483 1726 793 1775 permanencius
826 1740 946 1776 quam
981 1736 1130 1764 statum
1165 1727 1260 1764 cleri
1294 1727 1361 1776 qui
1395 1735 1453 1763 est
1485 1738 1556 1763 sua

185 1790 224 1824 25
241 1784 454 1834 specialior
494 1786 673 1832 ecclesia,
714 1797 832 1834 quem
877 1794 1025 1822 statum
1072 1785 1155 1833 ipse
1194 1784 1233 1821 in
1272 1797 1446 1834 persona
1486 1797 1557 1821 sua

242 1843 397 1892 accepit
430 1852 467 1880 et
500 1843 728 1892 specialiter
761 1843 896 1880 docuit
930 1856 976 1880 ac
1010 1843 1092 1880 eius
1128 1843 1304 1880 cariores
1338 1842 1556 1891 discipulos

243 1903 405 1950 quando
439 1901 606 1939 ecclesia
650 1902 738 1950 plus
772 1901 894 1939 crevit
940 1901 1209 1951 approbacius
1250 1901 1449 1938 enutrivit.
1485 1903 1556 1937 Re-

242 1959 410 2008 ligiones
454 1968 589 1996 autem
633 1959 729 1997 istas
773 1973 796 1997 a
827 1960 959 2009 prima
1003 1972 1130 2009 usque
1169 1961 1218 1996 ad
1258 1960 1442 1996 ultimam
1476 1971 1557 1995 non

244 2020 410 2055 docetur
443 2017 604 2054 racione
626 2019 688 2055 vel
709 2017 909 2067 scriptura
932 2018 1136 2055 Christum
1161 2017 1442 2064 auctorizasse‚
1466 2017 1558 2054 licet

187 2081 228 2115 30
243 2076 284 2112 in
316 2076 412 2125 ipsis
446 2085 558 2113 erant
591 2077 715 2113 multe
760 2089 930 2125 persone
975 2089 1074 2126 quas
1107 2076 1289 2113 Christus
1329 2075 1558 2125 specialiter

245 2135 418 2183 elegerat
462 2143 627 2183 propter
671 2143 853 2172 sanctam
897 2134 1020 2171 vitam
1067 2147 1205 2172 earum
1251 2143 1288 2171 et
1331 2135 1554 2183 profectum

245 2192 411 2229 ecclesie
444 2206 544 2241 quos
577 2206 657 2229 non
691 2194 892 2230 habebant
926 2194 973 2229 de
1006 2192 1091 2229 istis
1114 2192 1374 2241 religionibus
1407 2194 1476 2229 sed
1510 2193 1558 2228 de

244 2250 437 2299 religione
460 2260 498 2288 et
531 2251 667 2299 regula
692 2250 923 2288 christiana.
957 2250 1103 2287 Mirum
1128 2251 1291 2300 quidem
1324 2251 1426 2288 foret
1450 2251 1558 2300 quod

245 2309 426 2346 Christus
471 2309 695 2346 intenderet
738 2309 836 2346 istos
880 2308 1042 2345 ordines
1090 2317 1127 2346 et
1169 2322 1250 2346 non
1282 2310 1425 2346 fratres
1458 2321 1558 2358 quos

189 2371 228 2405 35
244 2380 443 2416 nusquam
490 2367 717 2404 intenderat
759 2367 837 2405 nisi
882 2368 984 2404 forte
1031 2366 1072 2403 in
1125 2366 1329 2416 evangelio
1374 2366 1558 2416 Apostoli

245 2427 346 2471 (Act.
380 2427 484 2471 XX0‚
517 2429 603 2473 29):
639 2426 730 2477 Ego
762 2426 840 2462 scio
873 2426 1050 2475 quoniam
1074 2425 1271 2462 intrabunt
1297 2433 1388 2475 post
1420 2426 1559 2462 disces-

244 2484 386 2520 sionem
423 2497 546 2520 meam
582 2484 664 2533 lupi
697 2496 858 2534 rapaces
892 2484 927 2520 in
964 2496 1031 2520 vos
1071 2497 1143 2520 non
1178 2491 1387 2534 parcentes
1425 2484 1559 2535 gregi,

246 2549 280 2578 et
319 2554 370 2579 ex
408 2542 513 2578 vobis
551 2542 644 2591 ipsis
682 2549 899 2593 exsurgent
937 2542 1014 2578 viri
1049 2542 1243 2591 loquentes
1275 2555 1481 2592 perversa,
1520 2549 1560 2577 ut

316 2673 335 2692 1.
357 2664 426 2692 DE:
448 2665 522 2693 relin
548 2665 657 2693 uerint.
790 2664 815 2693 3.
835 2666 881 2693 A:
903 2665 1075 2693 simulatur.
1202 2666 1230 2692 6.
1251 2665 1320 2692 DE:
1342 2670 1443 2693 autem
1463 2664 1558 2693 deest.

245 2698 273 2727 8.
294 2699 320 2727 Ε
338 2699 369 2727 in
390 2708 504 2736 marg:
556 2699 694 2728 entencia
714 2700 856 2728 heretica.
1000 2708 1028 2736 9.
1050 2700 1094 2728 D:
1116 2700 1295 2735 religinoni3
1324 2699 1364 2727 E:
1386 2700 1558 2736 religinoni.

247 2742 287 2761 10.
310 2734 378 2762 DE:
399 2735 529 2770 precior.
586 2744 626 2771 17.
646 2736 691 2763 A:
711 2735 781 2763 LV⁰
795 2735 896 2769 deest3
922 2734 964 2762 ib.
979 2736 1023 2763 A:
1045 2735 1083 2762 Et
1102 2740 1229 2762 certum.
1287 2742 1329 2770 19.
1350 2735 1375 2762 E
1393 2735 1424 2762 in
1445 2743 1558 2770 marg:

245 2768 344 2796 Valde
365 2769 449 2797 bene.
470 2769 561 2797 Nota.
670 2777 714 2797 22.
735 2770 803 2797 DE:
826 2775 853 2797 et
872 2785 907 2789 —
926 2774 1104 2798 sanctorum
1126 2770 1219 2798 deest.
1329 2778 1377 2804 24.
1399 2769 1467 2798 DE:
1490 2779 1558 2806 que.

246 2811 293 2838 29,
314 2803 361 2832 30.
381 2805 426 2832 A:
448 2803 607 2832 Christum
627 2820 662 2824 —-
703 2813 813 2832 essone
833 2805 928 2832 deest.
1007 2803 1046 2832 31.
1068 2806 1112 2833 A:
1133 2805 1273 2841 eligerat;
1293 2804 1333 2832 ib.
1350 2804 1418 2832 DE:
1440 2813 1558 2832 eorum.

247 2837 293 2873 34.
313 2839 358 2867 A:
380 2843 408 2866 et
427 2839 514 2866 istos.
587 2839 634 2868 36.
656 2839 681 2866 D
697 2839 727 2867 Ἢ
749 2839 813 2867 scio
833 2839 926 2876 quod.

323 2911 351 2943 3.
379 2911 499 2943 Matth.
525 2912 618 2952 XIII,
643 2912 700 2952 45,
725 2910 780 2953 46.

1587 514 1709 540 l‘arablc
1731 514 1763 540 os
1782 514 1829 540 tlte

1587 549 1666 582 pens!
1690 549 1723 586 (μ’
1740 554 1824 583 grezu

1662 592 1754 617 price.

1663 802 1749 829 Fulsc

1581 837 1775 872 explanation
1797 839 1831 865 01·

1586 876 1607 898 1t
1628 880 1660 898 as
1682 873 1830 907 ret'crring

1569 910 1598 933 to
1615 907 1663 933 the
1678 907 1843 943 Religious.

1582 1382 1660 1410 This
1681 1383 1706 1410 is
1727 1391 1784 1409 one
1805 1385 1835 1410 ot

1571 1418 1620 1445 the
1641 1417 1749 1445 devil's
1769 1419 1844 1445 halt-

1651 1454 1762 1480 truths.
