1986 3380
198 289 275 324 328

261 420 284 438 2.
308 412 398 438 liubit

228 447 389 481 belonging
411 452 440 473 to

219 482 294 517 high
318 481 445 508 station:

235 701 260 729 3.
282 701 375 740 Habit
395 702 428 728 οῖ’

219 741 445 771 corporationS.

247 1630 342 1658 Great
361 1630 420 1657 and

200 1666 297 1701 costly
319 1664 473 1700 buildings

210 1705 263 1728 not
283 1699 461 1727 sanctioncd

248 1735 286 1772 by
306 1735 421 1767 Christ,

787 298 1008 331 JOHANNJs
1031 298 1211 329 wchlf
1232 298 1486 330 SERMONUM
1529 285 1679 343 [SERMO
1703 297 1792 325 XLV-

544 407 749 441 Secundus
809 406 955 451 gradus>
1014 405 1236 453 periculose
1295 406 1593 441 consuetudinis
1647 416 1704 442 est
1757 407 1792 443 in

485 463 758 511 superioribus
800 473 838 498 ut
884 464 1067 510 prelatis:
1119 463 1190 510 ipsi
1238 463 1340 498 enim
1389 465 1533 500 liabent
1588 465 1700 511 plura
1745 467 1792 501 ad

486 522 790 562 roboracionem
827 535 894 556 sue
928 521 1090 569 antique
1125 521 1425 557 consuetudinis
1449 521 1670 561 inductiva:
1706 523 1794 559 ideo

484 579 679 627 antiquati
715 588 893 615 statuunt
927 592 1038 615 suam
1075 579 1401 615 sonsuetudinem
1437 589 1642 628 tamquam
1669 581 1792 628 legem

485 646 522 673 et
555 637 610 674 sic
644 637 681 673 in
717 650 850 674 errore
884 636 984 673 iacet
1021 636 1148 674 maius
1182 636 1417 684 periculum.
1812 639 1828 672 5

541 695 706 732 Tercius
739 696 885 742 gradus
927 705 961 730 et
1002 694 1364 743 periculosissimus
1404 695 1704 732 consuetudinis
1738 709 1795 732 er-

485 766 605 789 ronee
630 762 686 789 est
710 753 958 789 consuetudo
984 754 1074 790 licta
1098 765 1266 800 persone
1300 766 1342 789 ex
1366 753 1547 801 pluribus
1571 763 1794 802 aggregate.

486 811 550 847 Sic
595 811 698 847 enim
747 820 829 847 tota
875 820 981 847 secta
1027 811 1133 848 elicit
1178 812 1507 848 consuetudinem
1550 825 1625 860 que
1670 813 1794 848 errori

485 870 685 905 substrata
721 878 776 905 est
810 881 856 905 eo
890 869 1154 916 periculosior
1179 882 1257 916 quo
1282 882 1323 905 ex
1349 869 1529 917 pluribus
1559 870 1795 908 fautoribus.

486 939 529 963 ex
574 927 715 963 maiori
762 926 1001 974 antiquitate
1046 937 1082 963 et
1128 926 1511 964 inconvincibilitate
1556 927 1701 964 erroris
1741 938 1796 965 est
1818 939 1855 960 10

485 985 772 1033 insuperacior.
806 986 864 1020 Ad
900 985 1214 1022 convincendum
1251 998 1344 1031 ergo
1378 998 1552 1022 errorem
1588 996 1797 1023 consuetu-

487 1043 588 1079 dinis
622 1043 711 1079 talis
735 1052 840 1080 secte
873 1053 1031 1091 oportet
1065 1045 1113 1080 ad
1137 1043 1339 1079 Christum
1365 1044 1429 1092 qui
1465 1048 1521 1080 est
1556 1044 1794 1092 principium

487 1101 786 1138 consuetudinis
824 1101 1000 1138 virtuose
1041 1114 1199 1138 currere
1239 1110 1275 1138 et
1314 1101 1554 1150 iuxtaposita
1595 1115 1665 1138 sua
1705 1115 1797 1139 con-

487 1159 696 1195 suetudine
728 1159 970 1196 contrariam
998 1160 1241 1196 confundere
1266 1168 1301 1196 et
1327 1169 1514 1208 percepta
1539 1159 1797 1197 induracione

488 1230 700 1266 personam
736 1226 991 1265 aggregatam
1022 1217 1250 1254 huiusmodi
1286 1219 1343 1254 vel
1368 1219 1506 1254 saltem
1543 1218 1624 1254 cius
1648 1220 1854 1266 organa15

488 1275 695 1323 dissipare.

546 1333 662 1370 Circa
702 1335 777 1370 hoc
817 1333 1064 1381 evangelium
1109 1333 1314 1370 dubitatur
1354 1336 1401 1370 de
1441 1336 1561 1371 modo
1595 1343 1798 1372 construc-

488 1391 613 1429 cionis
662 1391 916 1428 basilicarum
967 1400 1047 1428 tam
1093 1392 1258 1428 fratrum
1301 1405 1420 1440 quam
1461 1392 1641 1429 omnium
1688 1393 1798 1430 cleri-

488 1462 641 1488 corum.
687 1452 734 1486 Et
773 1449 929 1487 videtur
973 1462 1015 1486 ex
1061 1449 1259 1498 principio
1301 1450 1415 1486 liuius
1461 1450 1651 1498 evangelii
1691 1452 1797 1500 quod

489 1507 669 1544 Christus
694 1510 882 1556 reprobat
916 1507 1022 1556 ipsas
1046 1517 1127 1545 tam
1162 1521 1283 1556 opere
1316 1521 1434 1557 quam
1470 1522 1673 1549 sermone:
1708 1522 1795 1546 cum
1816 1521 1857 1543 20

489 1565 594 1603 enim
633 1579 711 1603 non
759 1575 850 1602 sunt
889 1578 960 1614 per
1003 1578 1042 1602 se
1080 1566 1269 1617 virtuose,
1308 1566 1401 1615 quia
1440 1567 1651 1604 existencia
1691 1576 1798 1604 extra

489 1623 681 1670 animam,
723 1624 879 1661 videtur
919 1626 1025 1672 quod
1071 1637 1151 1661 non
1195 1625 1354 1673 sapiunt
1400 1625 1585 1661 virtutem
1631 1625 1705 1661 nisi
1751 1626 1798 1662 de

489 1691 640 1731 quanto
675 1682 869 1719 l‘acilitant
903 1684 950 1718 ad
987 1682 1192 1727 virtutem;
1227 1683 1257 1719 si
1293 1692 1423 1719 autem
1449 1684 1496 1719 ad
1533 1683 1640 1719 illam
1677 1683 1798 1719 facili-

489 1749 587 1787 tant‚
622 1741 697 1777 hoc
730 1749 787 1777 est
821 1749 985 1789 propter
1019 1741 1267 1777 honestatem
1303 1741 1377 1778 loci
1412 1741 1451 1777 in
1475 1754 1553 1789 quo
1578 1740 1799 1778 incolentes

490 1811 606 1835 orare
652 1798 839 1835 devocius
884 1799 1151 1843 delectantur;
1205 1800 1272 1835 sed
1318 1812 1393 1847 que
1439 1799 1547 1835 racio
1593 1800 1642 1835 ad
1688 1799 1856 1845 illud‚25

492 1870 581 1894 cum
615 1857 727 1893 locus
760 1856 932 1893 carceris
965 1856 1037 1892 fuit
1060 1870 1082 1893 a
1105 1857 1250 1893 Christi
1278 1857 1518 1905 martyribus
1543 1857 1800 1894 oracionibus

492 1914 771 1952 devocioribus
794 1915 1030 1952 decoratus?
1054 1914 1233 1962 Baptista
1256 1915 1326 1951 fuit
1349 1915 1386 1951 in
1413 1916 1575 1952 heremo
1600 1917 1648 1952 ad
1674 1915 1799 1952 maio-

491 1985 576 2009 rem
605 1972 906 2022 contemplandi
935 1972 1209 2009 celsitudinem
1240 1974 1426 2019 elevatus,
1456 1986 1591 2021 ymmo
1620 1973 1801 2010 Christus

493 2039 529 2067 et
562 2039 695 2079 patres
734 2040 815 2068 tarn
857 2030 952 2078 legis
991 2043 1091 2067 nove
1132 2043 1250 2079 quam
1291 2031 1433 2068 veteris
1472 2033 1543 2068 sub
1584 2031 1674 2068 divo
1707 2031 1801 2068 effu-

493 2090 636 2125 derunt
682 2089 869 2126 devocius
914 2101 1051 2137 preces
1100 2101 1203 2125 suas.
1254 2090 1426 2135 Quando
1472 2089 1576 2126 enim
1622 2089 1861 2126 Christus30

492 2146 742 2195 pernoctavit
765 2147 803 2183 in
828 2146 1029 2193 oracione,
1063 2159 1142 2183 non
1166 2147 1237 2183 fuit
1261 2147 1436 2184 inclusus
1460 2147 1497 2183 in
1531 2148 1697 2195 templo,
1730 2160 1803 2184 nec

493 2205 720 2254 patriarche
753 2213 913 2242 orantes
946 2205 1132 2242 devocius
1165 2205 1458 2242 constituerunt
1498 2205 1571 2242 sibi
1606 2205 1802 2251 basilicas,

493 2264 561 2300 sed
601 2263 769 2300 scientes
802 2265 928 2300 Deum
964 2263 1111 2311 ubique
1151 2275 1233 2300 esse
1267 2262 1477 2312 tripliciter
1510 2272 1698 2312 aptarunt
1731 2263 1803 2301 sibi

494 2322 583 2358 loca
624 2321 664 2358 in
702 2321 846 2370 quibus
885 2333 996 2358 mens
1036 2334 1174 2358 eorum
1214 2321 1303 2370 plus
1343 2321 1613 2358 mundialibus
1646 2321 1695 2358 sit
1729 2321 1805 2358 dis-

495 2387 635 2417 tracta.
666 2379 927 2416 Basilicarum
953 2388 1086 2416 autem
1110 2379 1361 2416 construccio
1385 2379 1537 2416 inducit
1558 2379 1803 2428 oppositum,
1821 2382 1860 2416 35

495 2437 695 2475 consumit
739 2450 829 2474 cum
868 2437 992 2474 nimia
1032 2436 1302 2474 sollicitudine
1342 2438 1446 2474 bona
1481 2437 1645 2474 ecclesie
1677 2446 1714 2474 et
1748 2437 1805 2474 in-

496 2495 604 2532 ducit
649 2507 803 2532 errores
849 2495 1110 2544 multiplices3
1149 2504 1313 2544 propter
1353 2503 1578 2532 caracteres
1617 2504 1653 2532 et
1693 2495 1804 2544 signa

496 2554 654 2591 inventa
678 2552 909 2590 humanitus
937 2553 1047 2590 locus
1072 2553 1300 2590 huiusmodi
1325 2553 1426 2590 foret
1453 2562 1626 2599 sanctus,
1660 2562 1698 2590 et
1720 2562 1805 2590 toto

496 2611 642 2649 rimato
687 2611 849 2648 basilice
893 2611 991 2649 tales
1043 2612 1203 2660 sapiunt
1248 2611 1394 2648 fastum
1442 2620 1478 2648 et
1530 2620 1714 2661 questum
1760 2624 1805 2649 ac

567 2766 587 2785 ι.
609 2757 633 2785 Ε
652 2758 681 2785 in
705 2766 817 2793 marg:
839 2765 864 2785 2.
896 2757 1098 2785 Consuetudo
1118 2756 1281 2784 laudabilis
1301 2756 1390 2784 debet
1411 2756 1560 2784 roborari.
1651 2764 1676 2784 2.
1700 2757 1740 2784 b:
1762 2756 1806 2784 in-

497 2792 677 2822 ferioribus:
699 2792 739 2820 E:
760 2792 901 2821 correxit.
985 2792 1013 2819 (ὶ.
1036 2792 1059 2819 Ε
1080 2791 1108 2819 in
1131 2799 1244 2826 marg:
1265 2790 1289 2818 3.
1373 2800 1401 2826 9.
1425 2790 1491 2818 DE:
1514 2795 1558 2818 est
1578 2796 1614 2818 et.
1699 2799 1738 2818 io.
1761 2792 1804 2819 A:

497 2832 525 2856 et
545 2836 589 2854 ex.
659 2835 691 2855 ιι.
709 2828 751 2855 A:
774 2827 979 2863 insuperacio.
1047 2835 1080 2856 ιι,
1098 2833 1135 2854 12.
1151 2827 1196 2854 A:
1217 2826 1332 2854 erroris
1352 2825 1616 2853 consuetudinem.
1683 2825 1720 2854 13.
1737 2825 1805 2854 DE.-

499 2862 646 2889 virtualis.
722 2871 763 2896 14·
786 2862 853 2889 DE:
876 2866 1029 2897 precepta.
1106 2859 1214 2896 17.A13
1235 2860 1263 2887 in
1287 2869 1398 2895 marga
1422 2860 1572 2891 Dubium:
1594 2860 1618 2888 1)
1641 2860 1668 2887 in
1692 2868 1804 2895 marga

499 2896 699 2924 Basilicarum
721 2896 902 2924 exstruccio.
993 2904 1038 2930 24.
1062 2896 1104 2923 A:
1127 2895 1182 2923 loci
1205 2895 1296 2922 enim.
1389 2894 1428 2922 35.
1451 2895 1494 2923 D:
1516 2895 1648 2930 induci13
1670 2895 1807 2930 sequitui·

499 2933 622 2965 lacuum
645 2932 682 2959 123:
706 2931 820 2959 inducit
845 2931 872 2958 in
896 2931 993 2967 spolia
1014 2935 1050 2958 cl.
1126 2928 1168 2965 37.
1192 2929 1258 2956 lili:
1281 2929 1362 2964 quod
1386 2933 1520 2965 propter.

1972 3328 1986 3380 ὲᾼ
1979 3273 1986 3303 ι-.
