1986 3380
260 290 397 319 SERMO
421 278 516 337 mn]
739 293 953 327 SECUNDA
981 292 1104 324 PARS.
1788 284 1864 333 307

262 401 393 448 ipsum
428 399 468 436 in
501 399 576 437 ista
599 400 675 437 vite
698 399 966 437 strictitudine
1000 399 1291 435 consecuntur?
1327 400 1474 434 Revera
1498 413 1577 435 non

264 459 393 495 solum
420 458 742 495 conversacionis
767 457 967 495 contrarie
992 456 1116 493 libido
1141 458 1208 492 sed
1234 456 1359 492 eciam
1395 457 1577 493 carencia

264 517 414 552 fructus
468 516 689 563 Raptistam
752 515 1033 565 consequentis
1090 515 1226 563 patule
1281 514 1575 550 contradicunt.

264 576 355 610 ldeo
396 573 575 610 Christus
621 583 657 610 et
698 574 876 622 Baptista
921 587 1011 610 cum
1053 573 1133 609 suis
1177 572 1383 620 discipulis
1431 573 1579 608 iudices

230 632 390 668 §nostri
426 640 552 667 erunt.
589 632 811 681 Utrobique
845 632 1007 680 quidem
1040 630 1248 668 ordinacio
1274 640 1310 667 ct
1334 630 1579 677 exemplacio

265 689 412 726 Christi
446 689 689 725 subvertitur
722 699 758 726 et
798 690 898 726 sicut
932 690 1073 726 fratres
1107 699 1143 726 et
1177 688 1465 737 possessionati
1501 702 1578 724 non

265 755 486 795 sequuntur
525 747 746 795 Baptistam
788 747 827 783 in
873 748 980 783 cultu
1021 747 1169 784 heremi
1212 756 1247 783 et
1294 746 1577 795 temporalium

266 804 473 853 parcitate,
514 805 569 841 sic
608 805 752 853 prelati
793 814 830 842 et
862 805 1090 853 specialiter
1129 805 1248 853 primi
1291 804 1462 854 pastoris
1503 804 1579 840 dis—

265 862 386 911 cipuli
420 864 681 900 adversantur
713 863 787 899 sibi
820 863 859 899 in
901 876 994 899 cure
1028 864 1240 911 pastoralis
1280 863 1511 900 desei-cione
1545 871 1581 898 ct

211 933 249 954 10
265 921 586 958 conversacionis
621 921 767 958 Christi
807 921 1034 958 reliccione.
1090 922 1248 958 Modius
1282 921 1387 958 enim
1422 920 1489 970 qui
1524 930 1580 956 est

265 979 397 1016 anime
431 992 569 1015 eorum
606 979 808 1028 capacitas
849 988 905 1016 est
949 981 1172 1025 subversus,
1214 980 1307 1028 quia
1339 980 1399 1016 vel
1433 993 1454 1016 a
1488 992 1580 1015 con—

264 1037 513 1074 sideracione
547 1038 682 1074 celesti
715 1051 873 1079 vacans,
908 1037 963 1074 sic
987 1039 1094 1087 quod
1119 1038 1310 1086 quicquid
1344 1038 1383 1073 in
1416 1036 1580 1074 oreficio

173 1120 247 1152 pol·
264 1108 335 1132 suo
369 1096 567 1144 superiori
601 1096 776 1144 ponitur,
811 1096 947 1132 statim
971 1098 1020 1133 ad
1054 1097 1221 1132 fundum
1246 1096 1392 1132 labitur
1420 1105 1456 1132 et
1479 1104 1580 1132 tam-

167 1165 248 1210 227⁰
264 1166 385 1202 quam
424 1153 600 1202 positum
643 1154 682 1190 in
722 1167 847 1191 vacuo
880 1167 960 1191 non
993 1154 1140 1191 residet
1171 1155 1231 1191 vel
1265 1163 1446 1202 gustatur
1475 1152 1478 1207 l
1508 1153 1582 1189 nisi

211 1212 365 1248 15f0rte
397 1221 600 1248 terrenum
629 1213 747 1249 fuerit
774 1214 835 1249 vel
866 1214 1134 1259 mundanum3
1169 1221 1236 1249 aut
1275 1212 1390 1249 aliter
1422 1213 1582 1248 subver-

264 1269 362 1306 titur
405 1270 478 1307 iste
525 1270 695 1317 modius,
741 1271 796 1307 sic
841 1273 948 1320 quod
993 1271 1060 1307 ubi
1114 1271 1316 1319 capacitas
1369 1272 1582 1319 dvaphana

265 1328 483 1376 erigeretur
515 1341 650 1366 versus
683 1329 865 1377 superius
899 1338 935 1366 et
969 1329 1112 1366 fundus
1146 1338 1268 1366 staret
1300 1329 1464 1365 inferius
1497 1342 1580 1365 sus-

264 1395 423 1423 tentans
470 1387 664 1427 modium,
716 1387 840 1424 nostri
895 1387 1026 1424 clerici
1079 1388 1226 1424 habent
1272 1388 1447 1424 cautelas
1491 1399 1581 1423 suas

266 1453 385 1493 atque
438 1445 700 1493 prudenciam
747 1446 853 1482 circa
897 1446 1137 1494 temporalia.
1182 1458 1258 1495 que
1306 1455 1395 1482 sunt
1447 1458 1582 1482 versus

209 1513 251 1536 20
267 1502 462 1551 superius.
488 1503 536 1540 Et
560 1503 590 1539 si
615 1504 791 1552 aliquam
816 1503 1030 1540 scintillam
1055 1504 1154 1540 lucis
1179 1504 1333 1541 celestis
1358 1503 1581 1549 habuerint,

266 1573 336 1609 per
370 1561 630 1598 affeccionem
671 1563 721 1598 ad
754 1562 994 1610 temporalia
1033 1575 1103 1599 sua
1142 1562 1386 1611 opprimitur
1419 1571 1456 1598 et
1488 1561 1583 1598 boni

265 1618 484 1668 spiritualis
507 1620 766 1668 splendencia
789 1621 1027 1657 occultatur.
1063 1623 1109 1656 Et
1133 1621 1208 1657 ista
1231 1620 1434 1658 subversio
1460 1619 1583 1656 modii

266 1678 514 1726 prelatorum
570 1678 780 1714 confundit
825 1678 1048 1715 ecclesiam.
1103 1678 1285 1715 Christus
1337 1679 1441 1715 enim
1489 1678 1583 1714 dicit

266 1737 373 1785 quod
418 1736 482 1772 lux
526 1737 775 1784 prelatorum
821 1738 937 1774 debet
976 1738 1109 1773 lucere
1153 1750 1287 1774 versus
1326 1737 1508 1786 superius
1547 1745 1584 1773 et
1824 1752 1840 1770 ,τ

209 1795 248 1828 25
265 1806 347 1831 non
379 1802 588 1843 tamquam
622 1795 768 1843 pingue
802 1794 969 1831 fluidum
1002 1796 1230 1843 dependens
1254 1808 1388 1832 versus
1420 1795 1583 1832 inferius

266 1864 306 1888 se
338 1851 470 1901 ipsum
505 1852 752 1901 extinguere:
786 1866 881 1890 nam
905 1853 1037 1902 primo
1073 1854 1193 1890 modo
1226 1853 1444 1901 glorificari
1468 1854 1584 1889 debet

266 1918 380 1958 pater
413 1911 569 1948 celestis
603 1923 646 1948 ex
673 1913 912 1948 ascendente
934 1911 1128 1958 lucenda,
1162 1913 1231 1949 sed
1263 1913 1439 1949 secundo
1464 1912 1584 1948 modo

267 1980 338 2016 per
370 1969 695 2006 tenebracionem
730 1969 979 2018 magnificari
1012 1971 1218 2018 dyabolus.

326 2027 467 2073 Nolite,
500 2027 629 2076 inquit
657 2027 850 2074 Christus,
880 2036 1023 2077 putare
1045 2029 1146 2077 quod
1170 2029 1255 2065 veni
1284 2030 1435 2065 solvere
1459 2028 1583 2079 legem
1642 2071 1646 2075 ἱ
1671 2035 1804 2075 Christ's

211 2085 253 2117 30
268 2084 501 2136 Mosaycanvz
546 2093 613 2122 aut
652 2086 880 2136 prophetas,
923 2087 992 2123 sed
1028 2086 1168 2135 pocius
1207 2086 1295 2124 veni
1335 2096 1417 2123 tam
1456 2087 1584 2134 legem
1634 2071 1845 2133 ¹[¹¹t¹1¹,¹‡¹¹1²{1¹}}.‚⁰¹

268 2143 490 2180 Mosaicam
524 2156 644 2193 quam
677 2144 897 2193 scripturas
935 2144 1193 2193 propheticas
1226 2145 1453 2194 adimplere.
1509 2147 1586 2181 Lex

268 2200 431 2250 quidem
454 2202 632 2239 Mosaica
656 2204 790 2251 quoad
821 2202 1092 2240 moralitatem
1126 2216 1237 2240 suam
1272 2216 1343 2251 per
1366 2202 1585 2240 Dominum

269 2260 497 2296 declaratur
544 2269 582 2297 et
626 2261 761 2309 quoad
805 2273 876 2297 sua
920 2261 1063 2309 legalia
1108 2274 1153 2298 ac
1198 2261 1404 2298 iudicialia
1449 2261 1584 2309 figuris

269 2318 516 2355 cessantibus
570 2318 777 2356 moraliter
831 2319 1077 2367 explanatur.
1133 2321 1181 2355 Et
1232 2319 1285 2356 ita
1339 2319 1442 2355 sicut
1495 2331 1586 2356 aere

213 2376 254 2410 35
270 2385 462 2413 evacuato
496 2390 518 2413 a
552 2376 689 2414 modio
728 2386 766 2413 et
805 2377 1056 2414 subintrante
1095 2377 1227 2414 fructu
1266 2377 1472 2414 salutifero
1505 2390 1586 2414 non

269 2433 446 2471 inanitur
478 2435 638 2472 modius
670 2436 739 2472 sed
772 2435 912 2484 pocius
945 2435 1202 2484 adimpletur,
1242 2436 1298 2472 ita
1331 2444 1388 2472 est
1422 2437 1469 2472 de
1502 2436 1586 2484 lege

270 2492 449 2530 Mosaica
494 2493 774 2540 senciendum3
829 2503 865 2530 et
913 2507 1004 2530 cum
1049 2506 1188 2531 omnes
1240 2495 1437 2543 prophete
1489 2494 1586 2542 legis

268 2550 412 2588 veteris
444 2553 661 2589 adventum
694 2551 842 2589 Christi
866 2564 911 2589 ac
941 2552 1023 2588 eius
1047 2565 1168 2601 opera
1199 2552 1443 2599 cecinerunt,
1476 2560 1586 2601 patet

270 2610 379 2657 quod
412 2609 672 2659 adimplendo
704 2611 825 2647 verba
859 2623 998 2647 eorum
1031 2624 1111 2647 non
1144 2611 1261 2648 solvit
1283 2624 1396 2648 suam
1430 2619 1587 2647 senten-

340 2752 365 2782 3.
386 2755 455 2783 DE:
476 2761 709 2792 consequenter.
772 2756 799 2784 6.
822 2756 890 2785 DE:
913 2761 945 2784 ut
965 2757 1053 2785 sicut.
1116 2757 1142 2785 8.
1164 2757 1233 2785 DE:
1255 2762 1283 2785 et
1304 2757 1397 2785 deest.
1459 2765 1501 2784 10.
1518 2757 1541 2785 E
1555 2757 1586 2785 in

272 2797 386 2828 marg:
408 2790 542 2819 Modius.
600 2800 642 2828 19.
657 2793 703 2819 A:
725 2796 798 2819 sunt
818 2792 900 2825 eius:
920 2792 960 2819 E:
983 2797 1053 2820 sunt
1073 2792 1129 2820 bis.
1186 2800 1232 2820 20.
1253 2792 1323 2820 DE:
1345 2791 1465 2820 celestis
1486 2791 1585 2826 deest;

271 2825 311 2852 lb.
332 2825 358 2852 E
377 2824 407 2852 in
429 2833 542 2865 marga
565 2825 646 2854 Cleri
666 2826 844 2862 prudencia.
901 2834 942 2855 21.
956 2827 1026 2855 DE:
1047 2827 1280 2863 opprimuntur.
1336 2835 1379 2855 22.
1395 2827 1465 2854 DE:
1486 2831 1514 2854 et
1534 2827 1585 2855 ita.

271 2859 318 2886 26.
340 2859 410 2888 DE:
431 2860 566 2896 gloriari.
645 2868 689 2897 27.
710 2861 780 2890 DE:
802 2861 986 2890 accendente
1005 2863 1139 2890 lucerna.
1222 2862 1267 2890 28.
1289 2861 1358 2890 DE:
1380 2861 1585 2898 magnificare.

270 2901 319 2926 20.
334 2895 379 2922 A:
401 2903 462 2922 non
483 2895 562 2923 veni.
618 2894 658 2924 31.
678 2896 702 2924 E
722 2896 753 2924 in
774 2904 888 2932 marga
908 2896 1054 2933 Mosayca
1073 2897 1121 2924 lex
1141 2904 1195 2932 per
1213 2897 1383 2924 Dominum
1405 2896 1586 2925 declaratur.

271 2927 314 2957 33.
335 2929 403 2957 DE:
426 2934 516 2965 atque
534 2930 659 2958 iudicia.
