1986 3380
231 295 366 323 sERMO
389 284 455 341 HL}
698 299 915 332 SECUNDA
944 299 1068 330 PARS.
1786 307 1827 342 ¹7

229 405 277 440 ad
312 404 382 440 Dei
423 404 778 441 honorilicenciam
819 405 1103 442 declarandam
1144 415 1258 441 vocat
1299 419 1388 441 cum
1429 407 1540 443 disci·

223 463 358 510 pulum
388 475 495 511 quem
527 463 711 512 diligebat
732 463 864 503 lesus:
901 464 1077 500 secundo
1106 464 1155 498 ad
1188 463 1291 499 Petri
1323 464 1539 501 stulticiam

228 519 530 568 deprimendam
570 530 684 557 vocat
725 533 814 557 eum
855 520 967 557 illum
1002 520 1242 568 discipulum
1276 522 1339 569 qui
1371 524 1539 558 recubuit

227 577 262 612 in
301 590 390 614 cena
428 591 545 627 super
578 586 712 627 pectus
745 578 919 615 Domini.
961 581 1007 614 Et
1041 578 1135 614 dixit
1171 580 1219 615 ad
1254 579 1538 616 excitacioncm

193 635 349 671 5l³etri2
384 636 560 681 Domine,
594 637 676 684 quis
713 645 767 672 est
806 637 870 686 qui
905 638 1033 673 tradet
1073 639 1138 672 te?
1176 636 1286 672 Sicut
1320 637 1424 673 enim
1458 647 1538 674 tam

227 694 363 729 Petrus
408 706 529 742 quam
576 693 648 730 iste
696 694 915 742 discipulus
955 693 1194 731 desideravit
1234 703 1328 730 tunc
1369 694 1539 732 inaniter

223 750 415 787 noticiam
449 751 682 796 Scariothis‚
717 752 772 789 sic
807 754 946 789 Petrus
980 753 1017 788 in
1052 751 1262 800 proposito
1297 752 1538 790 desideravit

222 808 413 845 noticiam
453 809 727 847 ordinacionis
761 810 921 847 Domini
956 812 1003 846 dc
1034 811 1228 847 johanne.
1269 811 1395 846 Multa
1434 811 1537 847 enim
1556 820 1576 847 11
1597 821 1621 848 is
1642 823 1705 860 xvc-n
1726 823 1772 849 ιὐι·
1793 832 1827 850 ιι,

223 867 378 915 expedit
424 867 644 904 viatoribus
690 868 888 917 ignorare,
931 878 971 904 ut
1010 868 1111 904 sicut
1147 870 1284 904 Petrus
1325 868 1455 917 potuit
1496 856 1826 926 cx‹,¹,‘·'.1¹{3„'5'liii1.¹ig¹i.

167 939 207 961 ιο
222 924 346 972 priori
380 925 529 962 noticia
553 925 774 963 Scariothis
808 926 1063 975 culpabiliter
1096 926 1293 963 insiluisse
1326 926 1367 963 in
1391 927 1535 976 ipsum,
1680 924 1682 927 ¹

221 981 275 1019 sic
320 983 450 1031 potuit
496 997 538 1020 ex
578 983 652 1021 ista
698 986 873 1022 secunda
912 984 1063 1021 noticia
1105 984 1289 1021 habuisse
1328 986 1378 1021 ad
1411 987 1537 1022 Evan-

218 1040 399 1089 gelistam
437 1042 756 1090 despeccionem,
796 1042 1210 1080 remurmuracionem
1240 1043 1301 1079 vel
1330 1053 1536 1093 contemp-

218 1108 316 1136 tum.
358 1101 471 1136 Unde
504 1101 553 1137 ad
588 1100 909 1138 declaracionem
942 1103 1155 1138 verborum
1194 1099 1357 1137 Domini
1391 1101 1429 1138 in
1464 1103 1536 1139 hac

218 1167 331 1205 parte
370 1167 507 1195 narrat
540 1158 793 1207 Evangelista
826 1160 1033 1208 quomodo
1067 1172 1199 1196 sermo
1233 1159 1305 1196 iste
1346 1172 1536 1197 erroneus

166 1219 201 1251 15
218 1215 308 1252 exiit
354 1215 456 1252 inter
500 1216 642 1253 fratres
687 1219 795 1266 quod
835 1217 1089 1266 Evangelista
1135 1230 1217 1254 non
1261 1219 1377 1254 debet
1419 1218 1534 1255 mori.

219 1275 305 1310 Hoc
343 1282 479 1310 tamen
516 1287 597 1311 non
635 1284 741 1312 recte
781 1275 938 1324 capitur
977 1288 1020 1312 ex
1058 1275 1188 1312 verbis
1223 1275 1397 1322 Domini,
1444 1289 1534 1313 cum

217 1344 288 1367 non
323 1332 422 1368 dixit
453 1332 488 1368 ei
507 1333 618 1369 lesus
649 1334 751 1382 quod
782 1334 887 1370 nullo
919 1342 1092 1383 tempore
1125 1334 1304 1381 moritur,
1336 1335 1404 1370 sed
1435 1335 1535 1371 dixit

216 1389 268 1424 ei:
308 1390 370 1425 Sic
404 1391 488 1425 volo
526 1403 609 1427 eum
645 1404 801 1428 manere
840 1393 958 1428 donec
998 1392 1160 1439 veniam,
1193 1393 1284 1441 quid
1315 1393 1367 1428 ad
1399 1394 1464 1429 te?
1497 1402 1533 1430 et

216 1459 306 1482 cum
340 1448 415 1484 hoc
448 1457 525 1484 stat
559 1451 667 1498 quod
700 1462 772 1486 suo
806 1459 988 1498 tempore
1024 1450 1232 1498 moriatur,
1265 1459 1308 1486 ut
1342 1460 1452 1499 patet
1485 1452 1533 1487 de

160 1516 200 1538 20
215 1517 331 1541 sensu
365 1515 558 1553 expos1to.

270 1562 413 1599 Tercio
436 1563 713 1612 principaliter
736 1574 850 1602 notat
875 1566 1125 1613 evangelium
1147 1565 1360 1614 tripliciter
1384 1579 1533 1604 nomen
1573 1575 1798 1616 Trustwqrthi-

213 1620 541 1659 confirmacionis
574 1634 643 1659 sue
676 1623 897 1660 sentencie:
932 1624 1022 1670 Hic,
1057 1623 1199 1672 inquit,
1233 1632 1288 1660 est
1322 1625 1533 1674 discipulus
1592 1613 1781 1674 ”effjcfssssd‘f'c

211 1679 276 1714 ille
304 1679 369 1727 qui
396 1680 652 1717 testimoninm
675 1682 854 1730 perhibet
884 1682 930 1718 de
962 1682 1034 1718 hiis
1066 1690 1101 1718 et
1132 1682 1289 1731 scripsit
1321 1683 1399 1719 liec.
1441 1683 1531 1719 Fuit

212 1735 316 1772 enim
348 1737 602 1786 Evangelista
632 1740 831 1788 propheta
861 1739 1020 1788 sapiens
1053 1749 1090 1776 et
1119 1739 1264 1787 scriba,
1295 1753 1368 1777 nec
1398 1741 1530 1789 potuit

155 1795 194 1828 25
211 1807 302 1831 eum
336 1797 442 1832 Deus
475 1795 530 1833 sic
565 1796 743 1845 elegisse,
785 1797 966 1834 dilexisse
1005 1807 1042 1835 et
1080 1798 1238 1845 iuvisse,
1279 1798 1354 1835 nisi
1388 1798 1429 1835 in
1462 1799 1531 1836 illo

210 1852 442 1891 testimonia
488 1854 699 1892 hominum
742 1855 974 1902 valuissent,
1015 1869 1106 1893 cum
1145 1869 1227 1894 non
1266 1857 1398 1905 potuit
1438 1870 1529 1894 cum

210 1910 295 1948 istis
340 1911 504 1960 paribus
548 1913 668 1950 fuisse
715 1914 756 1950 in
799 1914 876 1951 isto
921 1914 1155 1952 testimonio
1194 1914 1306 1952 testis
1346 1917 1528 1962 mendax,

211 1981 302 2005 cum
325 1971 430 2007 Deus
460 1971 618 2009 locutus
649 1981 707 2009 est
736 1971 777 2009 in
805 1972 875 2009 illo
906 1982 947 2010 ut
978 1973 1055 2010 fide
1079 1973 1293 2010 credimus.
1328 1975 1376 2010 Et
1402 1976 1530 2011 Evan-

209 2027 350 2075 gelista
390 2029 541 2066 habens
579 2039 662 2067 tam
694 2030 973 2068 testimonium
1013 2031 1205 2068 credibile
1237 2044 1306 2069 seu
1339 2032 1527 2069 sensibile

152 2085 194 2118 30
209 2098 331 2134 quam
370 2086 608 2136 impressam
647 2088 841 2126 noticiam
881 2089 1160 2138 propheticam
1201 2089 1297 2127 dicit
1336 2092 1529 2128 audacter

210 2157 283 2192 pro
316 2157 357 2181 se
390 2154 427 2182 et
460 2159 534 2195 pro
566 2146 654 2183 aliis
688 2147 892 2184 fidelibus:
928 2148 979 2183 Et
1010 2148 1152 2184 scimus
1185 2149 1271 2197 quia
1305 2161 1438 2185 verum
1472 2157 1527 2186 est

209 2203 465 2240 testimonium
505 2205 595 2241 eius.
642 2204 683 2242 Si
722 2205 827 2242 enim
868 2207 1089 2242 secundum
1128 2207 1257 2255 legem
1291 2207 1363 2244 Dei
1410 2208 1526 2244 debet

208 2261 410 2309 acceptari
441 2262 718 2300 testimonium
749 2265 921 2300 duorum
945 2265 1006 2301 vel
1033 2264 1156 2300 trium
1186 2264 1394 2302 hominum
1424 2274 1525 2302 tam—

207 2331 327 2367 quam
361 2332 512 2367 verum,
546 2330 698 2370 quanto
733 2322 858 2370 magis
899 2322 939 2359 in
977 2331 1091 2359 tanto
1124 2323 1378 2371 Evangelista
1416 2323 1526 2360 testi-

150 2377 189 2411 35
208 2377 387 2413 monium
410 2378 646 2416 Trinitatis?
678 2382 727 2417 Et
756 2382 863 2429 quod
891 2380 1050 2418 trinitas
1078 2380 1134 2418 sic
1164 2382 1354 2430 loquatur
1375 2381 1416 2418 in
1439 2381 1525 2431 ipso

206 2435 397 2473 debemus
426 2449 470 2473 ex
501 2437 578 2474 fide
607 2450 751 2487 capere
780 2438 864 2476 sine
896 2439 1165 2476 fluctuacione
1186 2440 1247 2477 vel
1270 2449 1525 2489 argumenta-

276 2615 349 2645 1—3.
371 2618 416 2645 A:
436 2618 656 2646 declarandum
678 2640 685 2646 .
702 2639 708 2645 .
726 2640 755 2647 ..
777 2619 1027 2656 deprimendum.
1109 2628 1129 2648 ι.
1151 2621 1195 2648 Α;
1217 2629 1287 2648 eum
1309 2620 1412 2655 deest;
1433 2621 1472 2648 ib.
1495 2622 1522 2649 A

205 2651 234 2679 in
257 2660 323 2679 mar
347 2662 370 2680 .:
394 2661 413 2680 1.
502 2657 542 2681 ¹2.
563 2653 591 2681 A
611 2653 640 2681 in
664 2662 779 2689 marga
800 2662 826 2682 2.
928 2664 957 2695 4.
979 2656 1022 2683 A:
1046 2660 1152 2691 pectus
1171 2655 1246 2683 eius.
1352 2655 1380 2683 6.
1401 2657 1444 2683 A:
1467 2656 1522 2684 istc

204 2686 288 2714 Evan
313 2688 397 2715 cista
419 2687 603 2716 desiderant.
721 2697 747 2724 7.
770 2689 838 2717 DE:
860 2690 1012 2718 Scarioth.
1133 2699 1173 2718 io.
1195 2690 1219 2718 E
1239 2690 1268 2718 in
1291 2699 1404 2725 marg.:
1427 2691 1520 2719 Multa

204 2729 280 2756 expe
306 2722 327 2749 it
348 2723 518 2750 viatoribus
538 2723 544 2750 i
571 2731 689 2751 norare.
795 2723 899 2752 13—15.
921 2726 965 2753 A:
987 2725 1016 2752 in
1040 2725 1095 2752 hac
1115 2725 1187 2753 exiit
1208 2725 1287 2753 inter
1308 2726 1416 2753 frati-es
1436 2726 1519 2761 quod

205 2755 399 2793 Evangelista
419 2766 536 2793 quomo
561 2766 580 2785 ο
601 2758 656 2786 isle
678 2767 780 2786 sermo
800 2768 948 2787 erroneus
968 2759 1039 2787 exiit
1060 2760 1147 2787 inter.
1265 2769 1303 2788 21.
1326 2762 1369 2788 A:
1392 2761 1518 2788 tercium

205 2798 334 2825 nornen;
355 2792 395 2819 ib.
412 2794 440 2820 A
460 2793 489 2820 in
512 2800 626 2828 marg:
649 2793 690 2826 C;
712 2793 736 2820 l)
752 2794 782 2821 in
805 2803 917 2829 marg.:
939 2794 1048 2822 Tereia
1071 2803 1152 2831 parS.
1226 2803 1273 2826 ει,
1289 2795 1332 2823 25.
1355 2797 1398 2823 A:
1422 2796 1520 2831 potuit

206 2825 287 2853 Deus
307 2826 420 2862 ipsum.
477 2827 520 2855 25.
537 2829 580 2855 A:
602 2828 746 2856 dilexisse
768 2829 926 2856 mei-uisse.
985 2830 1028 2863 25,
1044 2835 1090 2857 20.
1107 2831 1150 2857 A:
1174 2829 1231 2857 nisi
1254 2831 1336 2858 mille
1358 2831 1518 2858 hominnm

204 2860 379 2888 testimonia
402 2862 549 2899 valuisset?
565 2863 724 2903 quoniam.
798 2871 845 2900 ²9·
862 2865 906 2892 A:
928 2864 1074 2892 credibile
1095 2874 1145 2891 scii
1168 2865 1262 2892 deest.
1336 2864 1382 2893 30.
1400 2865 1442 2892 1›:
1465 2866 1520 2892 im-

205 2895 401 2934 pretnissam.
473 2896 512 2924 31.
535 2897 602 2925 nh:
625 2902 651 2925 ct
672 2898 757 2932 aliis;
788 2898 827 2926 ib.
850 2899 894 2926 A:
916 2899 998 2934 quod
1021 2899 1147 2926 scimus.
1221 2899 1259 2930 31,
1281 2899 1324 2927 32.
1348 2901 1391 2927 A:
1414 2908 1518 2927 verum

205 2930 432 2963 test1m0nium3
453 2931 518 2959 cius
539 2931 631 2960 deest.
705 2932 749 2961 32.
773 2933 840 2961 mi:
865 2934 916 2961 bei
939 2933 1032 2961 deest.

1362 2995 1378 3017 2
