1986 3380
172 909 208 930 10

170 1188 206 1220 15

131 1863 211 1894 208⁸

168 2060 210 2092 30

172 2353 211 2387 35

226 262 362 291 SERMO
378 253 502 310 xxix]
700 264 909 296 SECUNDA
939 265 1063 295 PARs.

225 374 355 422 patria
385 373 566 420 diligunt,
598 372 690 421 quia
714 373 840 407 bonus
865 371 903 406 in
930 384 971 407 se
995 372 1095 419 ipso>
1119 385 1200 408 non
1224 372 1316 419 quia
1339 372 1388 406 sit
1412 374 1538 408 bonus

225 432 320 479 ipsis
352 432 411 467 vel
451 430 564 467 alteri
604 438 803 474 creature3
845 429 1078 465 conceditur
1110 439 1246 466 tamen
1280 431 1387 478 quod
1420 443 1538 465 nemo

225 491 386 526 deberet
412 491 537 524 Deum
563 488 727 536 diligere
756 487 830 523 nisi
854 487 971 523 fuerit
995 487 1067 523 sibi
1094 490 1233 532 bonus,
1266 501 1354 524 cum
1382 496 1539 524 contra—

225 547 447 584 diccionem
480 546 628 583 claudit
652 545 858 582 hominem
888 546 948 582 vel
978 555 1203 582 creaturam
1234 545 1411 594 aliquam
1443 558 1538 585 θεεθ,

225 606 299 641 nisi
334 608 438 641 Deus
476 604 594 640 fuerit
633 603 705 639 sibi
746 605 886 648 bonus,
921 603 1013 651 quia
1052 603 1082 639 si
1123 603 1274 652 aliquid
1307 603 1356 640 sit
1389 600 1539 639 bo'num

225 673 282 700 est
316 663 445 711 ipsum
480 675 576 708 esse,
607 670 643 698 et
677 662 775 697 illud
809 663 959 697 bonum
993 663 1053 698 vel
1086 671 1142 698 θεῖ
1166 664 1271 698 Deus
1304 663 1364 698 vel
1397 675 1418 698 a
1442 664 1540 705 Deo,

226 735 315 758 cum
351 724 454 757 Deus
492 721 540 757 sit
578 720 751 768 primum
792 721 962 756 bonum:
1002 719 1132 756 omnis
1167 733 1259 768 ergo
1294 729 1476 757 creatura
1509 720 1540 756 si

227 789 297 828 est,
332 788 388 816 est
419 780 523 815 bona
557 791 578 815 a
612 780 695 814 Deo
729 786 765 814 et
798 790 868 825 per
902 790 1148 827 consequens
1185 781 1288 815 Deus
1323 787 1380 815 est
1412 779 1540 814 bonus

225 838 318 883 sibi3
368 840 472 873 Deus
524 845 659 873 tamen
704 837 822 872 habet
874 835 1076 873 racionem
1127 836 1303 885 priorem
1349 835 1540 872 bonitatis

224 897 443 932 secundum
489 908 609 943 quam
655 903 712 930 est
756 895 885 929 bonus
930 893 1168 942 simpliciter
1213 903 1249 931 et
1293 894 1419 931 eciam
1466 893 1540 930 sibi

224 953 312 1002 ipsi.
366 954 458 989 Ideo
504 954 730 989 concedunt
773 951 892 999 logici
937 954 1046 1000 quod
1088 955 1192 989 Deus
1238 961 1295 989 est
1340 952 1539 988 infinitum

225 1011 366 1048 melior
399 1024 520 1059 quam
556 1020 613 1048 est
648 1010 757 1046 mihi.

282 1071 467 1107 Secundo
513 1069 720 1105 dubitatur
765 1070 971 1117 quomodo
1016 1069 1100 1116 ipse
1145 1068 1312 1116 diligens
1358 1068 1540 1116 proximo

224 1137 313 1176 post
348 1130 476 1164 Deum
524 1127 701 1175 diligitur
740 1140 761 1163 a
801 1139 841 1163 se
881 1127 989 1175 ipso;
1030 1136 1067 1163 et
1104 1127 1261 1163 videtur
1300 1129 1407 1175 quod
1447 1140 1540 1169 non,

224 1186 316 1234 quia
341 1186 550 1222 cuiuslibet
574 1185 747 1221 hominis
770 1185 937 1221 dileccio
963 1186 1078 1222 debet
1100 1198 1121 1221 a
1143 1185 1362 1221 dileccione
1380 1185 1541 1221 Domini

224 1244 460 1292 exemplari3
503 1246 606 1280 Deus
640 1252 774 1280 autem
808 1243 938 1291 diligit
979 1256 1039 1279 res
1080 1243 1328 1291 regulariter,
1370 1252 1411 1279 ut
1452 1252 1542 1279 sunt

224 1305 345 1344 bone:
392 1315 480 1338 cum
528 1315 621 1349 ergo
667 1303 788 1338 homo
833 1314 913 1337 non
959 1301 1007 1337 sit
1055 1301 1231 1349 optimus
1271 1310 1360 1349 post
1400 1304 1541 1346 Deum,

222 1361 378 1397 videtur
412 1362 519 1408 quod
553 1360 635 1408 ipse
676 1373 755 1396 non
795 1361 911 1396 debet
951 1369 1040 1407 post
1075 1362 1201 1396 Deum
1244 1360 1375 1407 primo
1417 1359 1540 1407 diligi.

225 1419 300 1464 Qui
328 1431 420 1465 ergo
450 1418 504 1453 sic
536 1418 733 1454 deformat
758 1419 1003 1454 voluntatem
1034 1431 1147 1454 suam
1171 1418 1367 1454 voluntati
1397 1417 1541 1459 divine,

224 1477 382 1513 videtur
415 1489 582 1524 peccare
616 1477 788 1524 graviter
822 1489 932 1512 more
967 1476 1151 1512 Luciferi.

282 1537 393 1579 Item,
418 1534 574 1570 videtur
603 1536 709 1582 quod
740 1534 903 1582 spiritus
927 1534 1101 1570 hominis
1132 1548 1212 1570 non
1237 1534 1349 1581 ponit
1373 1533 1541 1570 tercium

223 1594 391 1641 gradum
436 1592 598 1638 amoris,
640 1605 728 1628 cum
770 1592 900 1628 omnis
940 1593 1061 1627 homo
1108 1593 1157 1627 sit
1195 1592 1357 1639 spiritus
1395 1593 1543 1628 vadens

225 1661 261 1687 et
294 1664 374 1687 non
408 1650 579 1697 rediens,
620 1660 656 1686 et
690 1664 760 1698 per
794 1663 1055 1698 consequens,
1097 1650 1228 1686 omnis
1262 1651 1384 1686 homo
1426 1650 1543 1686 debet

224 1718 381 1746 tantum
407 1708 570 1756 diligere
593 1708 778 1757 spiritum
802 1721 918 1745 suum
942 1717 984 1744 ut
999 1720 1039 1744 se
1062 1707 1207 1756 ipsum,
1225 1708 1318 1756 quia
1342 1708 1447 1744 idem
1472 1716 1542 1744 est.

282 1769 394 1813 Item,
418 1766 576 1803 videtur
605 1769 713 1815 quod
744 1768 865 1803 homo
896 1768 1013 1803 debet
1041 1778 1082 1803 se
1111 1766 1242 1814 ipsum
1267 1766 1355 1814 plus
1380 1765 1543 1814 diligere

202 1827 296 1862 ·sub
326 1824 488 1861 racione
518 1838 596 1873 qua
625 1823 628 1876 Ι
658 1825 822 1874 spiritus
852 1837 971 1874 quam
1002 1825 1074 1861 sub
1104 1824 1267 1861 racione
1297 1837 1375 1873 qua
1406 1825 1543 1869 homo,

225 1883 319 1932 quia
358 1892 400 1919 ut
440 1883 496 1919 sic
537 1892 594 1920 est
627 1883 780 1931 angelis
814 1892 932 1932 atque
974 1882 1089 1919 bonis
1123 1882 1371 1919 conformior
1404 1891 1441 1919 et
1473 1895 1544 1930 per

226 1954 474 1990 consequens
508 1942 650 1978 melior
683 1950 720 1978 et
753 1941 809 1978 sic
842 1941 1088 1989 diligibilior.

283 2003 325 2037 In
368 2000 444 2036 isto
488 2009 648 2048 oportet
696 2001 743 2036 de
789 1999 1010 2036 dileccione
1050 1999 1314 2047 distinguere:
1359 1999 1542 2044 Quedam

225 2067 282 2096 est
315 2059 499 2095 absoluta
532 2067 568 2095 et
602 2059 774 2107 quedam
808 2057 986 2106 propria.
1020 2057 1198 2094 Dileccio
1230 2070 1324 2094 vero
1359 2057 1543 2094 absoluta

224 2130 305 2153 non
343 2125 400 2153 est
440 2116 514 2152 nisi
546 2117 646 2154 velle
686 2118 835 2153 bonum
876 2115 1036 2161 dilecto,
1078 2125 1115 2152 et
1153 2116 1208 2152 sic
1248 2115 1378 2152 omnis
1420 2116 1543 2151 homo

226 2176 342 2211 debet
386 2174 587 2211 infinitum
632 2175 721 2223 plus
760 2177 888 2210 Deum
936 2173 1100 2222 diligere
1145 2187 1265 2222 quam
1312 2186 1352 2210 se
1391 2173 1543 2222 ipsum3

226 2232 427 2270 infinitum
473 2234 561 2281 plus
606 2233 709 2278 dico,
753 2245 833 2269 non
883 2231 1076 2269 intensive
1125 2232 1186 2269 vel
1231 2233 1364 2280 quoad
1409 2240 1543 2268 actum

229 2290 474 2337 dileccionis,
527 2304 616 2328 cum
667 2291 777 2328 nulla
827 2299 1011 2327 creatura
1059 2299 1191 2338 potest
1241 2289 1297 2326 sic
1342 2289 1542 2326 infinitum

229 2349 406 2398 diligere,
441 2351 510 2386 sed
549 2349 756 2386 maioritas
795 2348 1025 2386 dileccionis
1065 2349 1182 2385 debet
1221 2347 1401 2384 bonitate
1431 2347 1544 2384 voliti

230 2406 453 2444 mensurari
498 2416 552 2454 ut,
600 2407 702 2444 sicut
747 2408 873 2444 debeo
910 2407 1010 2444 velle
1043 2409 1170 2443 Deum
1218 2419 1303 2443 esse
1341 2405 1544 2442 infinitum

299 2563 318 2582 1.
340 2554 409 2582 DE:
431 2558 596 2589 antequam
618 2553 668 2581 sit.
748 2552 824 2581 3—5.
846 2554 890 2581 A:
912 2561 982 2580 cum
1002 2568 1035 2572 —
1056 2552 1114 2580 sibi
1136 2552 1234 2579 bonus
1256 2551 1349 2579 deest.
1423 2552 1451 2579 6.
1475 2551 1545 2579 DE:

228 2594 256 2617 et
276 2598 345 2616 cum
368 2590 494 2616 bonum.
638 2597 665 2624 7,
689 2589 716 2616 8.
737 2589 805 2616 DE:
838 2589 881 2616 sic
908 2592 953 2615 est
974 2588 1064 2615 bona.
1209 2595 1238 2622 9.
1260 2587 1329 2614 DE:
1360 2595 1430 2614 curn
1452 2587 1545 2614 Deus.

229 2633 271 2657 ιο,
294 2633 327 2651 11.
348 2624 417 2651 DE:
441 2623 624 2659 simpliciter
644 2632 712 2651 esse
732 2623 790 2651 sibi
811 2623 883 2658 ipsi.
959 2630 997 2650 12.
1019 2622 1061 2649 D:
1106 2630 1175 2649 uam
1197 2626 1242 2649 est
1262 2621 1356 2656 mihi3
1377 2621 1407 2649 in
1429 2630 1545 2657 marg:

230 2658 344 2687 scilicet
367 2659 482 2693 bonus;
503 2659 543 2686 E:
565 2667 657 2695 quam
678 2663 723 2685 est
743 2658 799 2686 vir.
892 2656 929 2685 13.
951 2657 1021 2685 AE:
1044 2657 1091 2684 Du
1118 2657 1180 2684 ium
1203 2657 1390 2691 secundum3
1411 2657 1451 2683 ib.
1468 2656 1494 2683 D
1515 2656 1545 2683 in

230 2702 343 2729 marga
365 2693 511 2722 Dubium.
593 2693 630 2722 15.
653 2693 722 2721 DE:
744 2694 832 2720 debet
853 2693 954 2727 diligi;
985 2693 1025 2720 ib.
1045 2692 1102 2720 AD
1124 2692 1153 2719 in
1176 2700 1290 2727 marga
1313 2700 1333 2719 1.
1417 2692 1454 2719 15.
1475 2691 1545 2718 DE:

229 2729 295 2756 Dei.
360 2728 399 2756 18.
421 2729 465 2756 A:
489 2729 590 2764 primo
611 2729 706 2756 deest.
772 2736 809 2755 Ἠ.
832 2728 885 2755 DE
905 2729 935 2755 in
957 2735 1071 2788 marga
1092 2735 1118 2754 2.
1184 2734 1227 2754 22.
1250 2726 1304 2754 ΑΕ
1326 2726 1355 2753 in
1378 2734 1491 2761 marg:
1514 2734 1545 2752 2·

230 2764 270 2791 ib.
292 2763 361 2791 DE:
383 2764 486 2790 omnis
507 2764 601 2791 deest.
699 2763 740 2790 25.
763 2763 816 2790 DE
837 2763 866 2790 in
889 2771 1002 2798 marg:
1024 2764 1049 2790 ζ.
1148 2761 1195 2789 26.
1216 2762 1262 2789 A:
1284 2761 1412 2797 spiritus
1431 2777 1465 2780 —
1485 2769 1545 2796 qua

229 2799 324 2825 deest.
469 2806 515 2833 20.
535 2799 592 2826 AL)
614 2798 643 2825 in
666 2807 779 2833 marga
808 2798 942 2825 Dileccio
964 2797 1092 2832 duplex:
1116 2805 1141 2831 13
1172 2798 1194 2824 E
1214 2796 1244 2824 in
1267 2804 1382 2831 marg:
1404 2795 1541 2824 Solucio.

228 2833 364 2860 Dileccio
383 2833 532 2867 absoluta,
555 2833 696 2869 propri&
718 2833 790 2860 Ain
806 2841 871 2860 mar
896 2842 920 2859 .:
941 2832 1123 2868 Responsio.
1196 2830 1243 2859 30.
1259 2831 1327 2858 DE:
1349 2839 1421 2858 vero
1442 2830 1540 2857 deest.

227 2867 269 2904 35,
283 2866 330 2895 36.
345 2868 389 2895 A:
411 2867 500 2895 debet
519 2869 610 2895 veluti
631 2868 813 2895 mensurari.
872 2841 920 2895 56.
941 2866 965 2894 E
984 2867 1015 2894 in
1037 2875 1150 2902 marg:
1172 2866 1331 2894 Maioritas
1352 2864 1538 2893 dileccionis

229 2906 436 2931 mensuratur.

1746 258 1822 293 213

1588 380 1654 407 The
1677 381 1794 407 blessed

1586 416 1652 441 love
1674 415 1741 441 God
1765 414 1810 442 sor

1590 450 1645 476 llis
1666 450 1803 476 absolute

1607 484 1774 517 gooduess.

1574 1082 1597 1100 2.
1621 1075 1689 1101 Mun
1713 1075 1737 1102 i>
1761 1082 1811 1101 1101

1567 1114 1635 1136 llcxt
1656 1114 1685 1135 lt)
1708 1110 1775 1136 (iod
1798 1120 1830 1136 il>

1592 1153 1628 1171 an
1652 1144 1750 1175 object
1771 1145 1805 1171 os

1581 1179 1628 1206 his
1649 1188 1718 1206 own
1740 1180 1816 1206 love.

1593 1772 1662 1799 Man
1685 1771 1795 1798 should

1594 1807 1660 1833 love
1680 1806 1806 1833 himself

1572 1850 1657 1868 more
1678 1850 1710 1868 as
1732 1841 1820 1876 spirit

1582 1876 1654 1903 than
1675 1884 1708 1903 as
1728 1884 1810 1903 mun.

1640 2005 1750 2040 Reply:

1613 2040 1674 2067 We
1695 2043 1775 2066 must

1603 2074 1789 2109 distinguish

1629 2110 1763 2136 between

1586 2145 1726 2172 absolute
1746 2144 1805 2171 and

1600 2179 1799 2215 appropriate

1658 2215 1734 2241 love.
