1986 3380
183 295 317 323 samio
339 284 435 342 xix]
661 298 871 330 smmum
902 298 1026 329 mas.

182 406 402 441 sti-andam.
435 404 646 452 Figuratur
669 403 774 440 enim
805 404 1182 452 pseudocarnalium
1209 404 1497 453 discipulorum

182 463 379 510 cupiditas
410 462 476 511 qui
514 463 643 498 zelant
672 462 789 498 stulte
823 475 896 510 pro
927 462 1186 510 dignitatibus
1221 463 1499 501 ecclesiasticis
1515 484 1602 511 adm„

181 533 286 556 nunc
326 520 364 556 in
398 519 714 556 mediacionibus
748 520 1004 556 dominarum
1040 529 1076 556 et
1110 520 1276 557 omnino
1311 521 1349 557 in
1383 522 1499 559 affec-

182 578 296 614 cione
342 578 474 615 anime
520 577 705 614 sensitive
744 590 820 626 que
859 578 971 626 quasi
1018 586 1145 614 mater
1191 591 1328 615 eorum
1376 581 1500 616 nutrit

150 639 248 672 5eos
295 636 334 671 in
378 636 457 673 vita
503 635 656 672 lubrica
702 644 738 671 et
784 636 947 672 carnali.
1001 637 1077 672 Sed
1119 636 1299 673 Christus
1345 639 1500 686 repellit

183 695 283 730 hanc
319 703 486 730 matrem
523 706 611 730 cum
652 693 731 730 suis
766 693 867 730 filiis.
910 695 1095 730 Secundo
1130 694 1301 742 figurant
1336 695 1388 731 hii
1422 697 1501 732 duo

182 752 368 800 discipuli
407 764 668 800 quoscunque
713 761 922 800 sequentes
968 752 1006 787 in
1054 752 1220 788 ecclesia
1265 753 1498 800 dignitatem

182 809 494 846 ecclesiasticam
528 809 703 846 indebite
735 810 979 847 affectantes.
1015 811 1268 846 Credendum
1306 820 1362 847 est
1395 812 1499 848 enim

181 877 389 916 tamquam
420 867 662 916 principium
689 867 779 904 fidei
803 870 911 916 quod
935 867 1164 916 quicunque
1188 868 1315 916 ipsam
1341 870 1501 906 affectat

127 938 166 959 10
183 926 270 974 plus
315 935 480 974 propter
526 926 722 962 honorem
764 926 879 962 huius
925 926 1060 972 seculi,
1094 927 1356 974 voluptatem,
1398 929 1499 964 exal-

181 983 381 1020 tacionem
427 983 545 1020 amici
584 984 643 1020 vel
689 996 849 1020 causam
897 983 1017 1020 aliam
1065 985 1329 1032 temporalem
1377 999 1496 1034 quam

180 1051 344 1090 propter
369 1041 647 1078 excellenciam
674 1041 805 1078 meriti
829 1052 865 1078 et
881 1041 1169 1079 beatitudinem
1195 1043 1496 1091 acquirendam,

180 1109 221 1136 ut
243 1100 298 1136 sic
320 1108 460 1148 peccat
483 1099 667 1147 graviter.
693 1102 740 1135 Et
765 1100 804 1136 in
825 1100 901 1138 isto
927 1100 1104 1148 capitulo
1128 1110 1184 1136 est
1206 1114 1298 1148 pars
1325 1102 1496 1138 maxima

181 1159 448 1206 prelatorum
480 1159 587 1207 quod
619 1171 662 1194 ex
691 1159 767 1194 hoc
796 1159 924 1195 evidet
954 1160 1060 1207 quod
1093 1171 1231 1194 omnes
1261 1161 1333 1195 sul)
1358 1160 1495 1196 remis—

127 1219 163 1252 15
181 1215 275 1252 siori
299 1217 425 1262 gradu
441 1215 664 1252 altitudinis
680 1217 869 1253 secularis
886 1216 1058 1265 amplius
1075 1226 1235 1263 possent
1260 1218 1494 1265 promereri.

181 1274 278 1320 Quis
311 1273 473 1322 quidem
508 1274 663 1310 dubitat
704 1275 962 1312 considerans
1001 1287 1161 1311 cursum
1203 1276 1368 1312 ecclesie
1401 1277 1497 1325 quin

181 1332 323 1380 prelati
362 1340 399 1367 et
432 1332 558 1368 dotati
592 1333 820 1382 quicunque
855 1333 993 1370 cesarii
1028 1341 1189 1381 possent
1223 1333 1388 1370 dimisso
1421 1334 1497 1371 isto

181 1390 284 1426 fastu
318 1390 438 1426 seculi
472 1399 551 1426 tam
588 1390 662 1426 sibi
697 1404 815 1439 quam
852 1392 1017 1428 ecclesie
1056 1391 1144 1439 plus
1178 1393 1394 1439 prodesse?
1434 1393 1497 1429 Sic

182 1448 286 1484 enim
318 1448 494 1484 fecerunt
530 1448 716 1496 apostoli,
748 1449 925 1498 episcopi
963 1459 999 1486 et
1035 1449 1221 1485 monachi
1257 1459 1348 1486 ante
1384 1452 1497 1487 dota-

123 1520 165 1541 20
182 1506 337 1542 cionem
390 1505 574 1551 ecclesie;
627 1519 749 1555 quare
801 1520 894 1555 ergo
953 1521 1032 1543 non
1089 1517 1252 1555 possent
1310 1509 1499 1546 continue

181 1565 442 1612 postmodum
477 1563 533 1600 sic
566 1564 730 1601 fecisse?

238 1625 318 1658 Nec
357 1622 461 1659 valet
494 1623 602 1670 quod
641 1623 780 1660 exhinc
820 1623 1113 1672 multiplicatur
1151 1624 1279 1660 clerus
1320 1625 1497 1669 ecclesie,

180 1689 264 1716 tum
281 1679 376 1728 quia
399 1680 617 1716 multitudo
641 1682 1038 1729 pseudoclericorum
1063 1691 1119 1718 est
1135 1683 1185 1718 ad
1209 1694 1309 1718 onus
1335 1683 1498 1719 ecclesie

181 1748 217 1775 et
251 1739 480 1774 columbam
515 1751 537 1775 a
570 1751 640 1775 sua
668 1739 850 1776 viacione
882 1742 1104 1785 retardans,
1129 1748 1213 1776 tum
1248 1740 1374 1776 eciam
1405 1741 1498 1789 quia

124 1800 163 1833 25
180 1805 309 1833 toturn
342 1808 464 1845 genus
497 1796 593 1833 cleri
626 1798 723 1834 dans
756 1810 797 1834 se
830 1798 941 1846 operi
976 1797 1154 1835 manuali
1183 1800 1291 1843 (dum
1328 1799 1498 1847 expedit)

180 1863 313 1903 posset
365 1853 633 1903 multiplicare
684 1856 833 1892 clerum
885 1869 907 1893 a
952 1856 1103 1904 Spiritu
1148 1858 1295 1893 Sancto
1345 1866 1495 1893 tactum

180 1913 422 1949 fructificare
461 1921 587 1950 terras
631 1913 710 1950 iam
755 1913 908 1951 steriles
953 1924 990 1951 et
1028 1924 1109 1951 tam
1157 1927 1197 1951 se
1236 1927 1356 1963 quam
1397 1928 1498 1951 rem—

180 1970 382 2019 publicam
430 1973 597 2008 reddere
641 1971 789 2008 fertiles
835 1973 874 2008 in
922 1974 1126 2010 merendo.
1180 1974 1257 2009 Sed
1300 1985 1495 2009 venenum

180 2028 387 2066 luciferine
420 2029 605 2077 superbie
639 2029 807 2079 impedit
840 2032 945 2068 hunc
977 2032 1216 2079 profectum.
1257 2033 1304 2067 Et
1337 2032 1409 2068 hec
1442 2040 1499 2068 est

123 2090 165 2122 30
182 2100 259 2124 una
290 2089 337 2124 de
368 2087 597 2124 racionibus
626 2101 724 2137 quas
753 2101 844 2137 sepe
868 2090 1058 2126 feceram:
1085 2091 1193 2139 quod
1217 2098 1301 2126 tota
1332 2089 1499 2126 ecclesia

182 2147 324 2182 debeat
373 2157 555 2182 cesareos
608 2146 706 2183 ritus
757 2147 852 2184 cleri
903 2149 1108 2184 destruere
1159 2160 1230 2196 per
1280 2148 1496 2195 dyabolum

182 2203 433 2240 introductos
478 2213 515 2240 et
558 2204 861 2242 ordinacionem
902 2205 1051 2243 Christi
1095 2218 1216 2255 quarn
1262 2206 1347 2254 ipse
1391 2206 1498 2242 clero

180 2275 251 2298 suo
289 2261 460 2298 instituit
492 2262 725 2300 obedienter
761 2263 981 2301 intendere.
1022 2264 1099 2310 Qui
1138 2264 1242 2301 enim
1280 2277 1362 2300 non
1398 2266 1500 2302 zelat

180 2333 254 2368 pro
284 2320 361 2356 isto
385 2328 490 2356 statu
514 2321 680 2357 ecclesie
705 2323 908 2358 destructo
932 2335 1172 2371 quocunque
1196 2322 1269 2359 sibi
1294 2323 1497 2360 contrario

124 2381 162 2413 35
181 2387 238 2415 est
272 2377 506 2415 manifestus
540 2388 737 2427 apostata,
772 2380 969 2417 hereticus
1007 2389 1044 2417 et
1083 2382 1355 2429 blasphemus.
1394 2384 1496 2418 Nam

180 2436 220 2472 in
264 2435 404 2484 primis
448 2437 644 2474 voluntati
683 2437 755 2474 Dei
799 2438 948 2475 resistit
992 2438 1032 2474 in
1075 2438 1143 2475 illo
1189 2441 1297 2488 quod
1336 2440 1419 2476 vult
1458 2439 1497 2475 in

179 2493 333 2531 viatore
365 2494 555 2543 precipue
587 2504 796 2545 tamquam
832 2505 1006 2543 satanas,
1047 2499 1224 2534 secundo
1263 2498 1418 2546 positus
1457 2497 1497 2534 in

181 2552 406 2601 adopcione
439 2553 609 2590 duarum
633 2553 789 2591 viarum
823 2554 1028 2592 dimittens
1050 2555 1155 2592 viam
1180 2555 1328 2593 Christi
1361 2555 1497 2592 saluti-

249 2685 275 2714 3.
297 2687 334 2715 E:
356 2687 573 2720 dominorum
603 2688 643 2716 ib.
666 2688 695 2716 in
717 2688 811 2716 deest.
897 2689 934 2727 ὁὶ
947 2697 972 2725 7.
994 2688 1063 2717 DE:
1086 2689 1147 2717 duo
1168 2690 1231 2718 filii.
1314 2699 1340 2726 7.
1361 2690 1430 2718 DE:
1452 2699 1497 2717 sc-

204 2726 308 2749 nentes
329 2722 422 2749 deest.
505 2721 542 2750 13.
564 2723 634 2751 DE:
657 2731 778 2758 magna.
862 2723 897 2751 15.
919 2725 988 2752 DE:
1009 2725 1111 2760 gracia
1132 2725 1312 2753 altitudinis.
1394 2726 1434 2753 16.
1456 2725 1495 2752 E:

203 2756 300 2783 ubitat
320 2756 413 2784 deest.
481 2758 519 2785 18.
541 2757 610 2786 DE:
632 2758 700 2793 plus
723 2758 857 2793 prodest.
922 2767 967 2787 20.
989 2760 1033 2787 A:
1054 2765 1195 2795 possunt.
1260 2768 1299 2788 21.
1321 2760 1390 2787 DE:
1413 2764 1496 2796 post-

182 2791 309 2818 modum
330 2791 423 2818 deest.
543 2800 586 2820 22.
608 2794 652 2820 A:
675 2793 894 2829 multipliciter.
1019 2801 1066 2830 29.
1089 2794 1113 2822 E
1133 2795 1162 2822 in
1186 2803 1299 2831 marg:
1320 2794 1406 2822 Ritus
1427 2799 1496 2822 sunt

181 2826 358 2853 destruendi
379 2827 502 2854 cesarei.
635 2827 678 2856 33.
700 2828 770 2856 DE:
791 2836 847 2855 suo
868 2829 968 2863 deest3
999 2829 1039 2856 ib.
1061 2830 1105 2856 A:
1128 2829 1157 2856 in
1180 2838 1295 2865 marg:
1316 2829 1494 2857 Conclusio.

180 2859 227 2895 34.
249 2860 317 2887 DE:
340 2861 408 2900 i1193
430 2861 469 2888 ib.
486 2861 526 2889 E:
547 2870 731 2898 quocunque
752 2863 847 2890 deest.
903 2862 944 2892 35.
965 2864 1034 2891 DE:
1055 2869 1196 2899 apostata
1217 2865 1311 2892 deest.
1356 2863 1495 2903 36.Α111

181 2903 295 2965 ῑωηὲιῑὲ
317 2903 344 2956 ξ
373 2896 412 2922 lb.
434 2897 478 2924 A:
500 2897 582 2932 quod
604 2898 697 2925 deest.
771 2897 816 2934 37.
835 2899 881 2926 A:
902 2899 1023 2934 posit0;
1049 2898 1089 2926 ib.
1112 2898 1151 2927 E:
1173 2899 1203 2926 in
1224 2899 1325 2933 deest;
1355 2899 1394 2926 lb.
1415 2900 1443 2926 A
1464 2907 1494 2925 111

1716 307 1783 340 141

1530 414 1620 451 Many
1645 424 1713 443 now
1735 420 1782 452 try

1605 455 1634 476 10
1656 455 1704 485 get

1604 491 1734 513 icement
1753 486 1790 521 by

1550 520 1653 546 ladit-s*
1676 521 1754 555 help.

1518 1158 1725 1186 XYitlidrawal
1748 1160 1781 1185 ot

1542 1194 1646 1220 eudoxi
1658 1199 1758 1220 ments

1540 1229 1641 1254 would
1665 1229 1761 1255 lessen

1572 1263 1732 1290 ambition.

1540 1680 1763 1707 Endowments

1548 1715 1684 1742 increase
1704 1716 1754 1743 the

1561 1750 1691 1777 number
1711 1751 1745 1777 of

1531 1785 1643 1820 clergy,
1666 1785 1718 1812 but
1738 1790 1768 1812 to

1583 1828 1622 1846 uo
1642 1820 1721 1855 good

1578 1863 1721 1890 purpose.
