1986 3380
212 300 286 335 302

232 1062 299 1090 The
320 1063 398 1090 tliief
414 1071 459 1089 we

245 1102 328 1125 must
343 1098 447 1137 'watcli

283 1137 411 1168 against.

791 311 1013 343 JOHANNIS
1034 309 1214 342 wvcrir
1234 310 1492 343 SERMONUM
1603 297 1753 356 [seruo
1774 309 1808 337 L.

497 418 740 466 particulare
785 417 990 454 iudicium.
1045 418 1122 453 Sed
1168 416 1402 453 universalis
1439 417 1589 454 noticia
1628 418 1808 455 omnium

497 477 639 513 horum
673 476 792 512 trium
827 488 903 523 que
937 484 1027 511 sunt
1060 474 1175 511 nobis
1208 474 1247 511 in
1271 474 1503 523 particulari
1527 475 1729 524 incognita
1753 485 1809 513 est

496 534 611 571 nobis
658 534 879 571 certissima
931 541 1096 582 propter
1141 545 1251 581 spem
1299 534 1348 569 ad
1399 533 1688 570 beatitudinem
1739 547 1808 570 nu-

495 593 709 630 triendam.

554 649 790 688 Manuducit
823 658 956 686 autem
992 648 1174 686 Christus
1207 660 1341 685 servos
1380 661 1472 685 suos
1507 650 1556 686 ad
1590 651 1665 687 hoc
1700 653 1842 687 man—5

500 710 637 746 datum
674 706 956 745 invincibiliter
989 719 1059 755 per
1083 707 1320 755 exemplum.
1356 708 1470 752 Illud,
1504 707 1646 756 inquit,
1679 709 1812 745 scitote

497 768 687 816 quoniam,
724 767 758 802 si
794 766 910 802 sciret
942 773 1058 814 patet·
1085 765 1267 813 familias
1305 777 1376 814 qua
1417 766 1513 801 Ιιονα
1542 767 1621 815 sur
1654 767 1810 811 veniret,

499 825 681 876 vigilaret
727 825 852 872 utique
895 831 929 859 et
973 836 1044 859 non
1089 823 1231 859 sineret
1277 824 1440 872 perfodi
1483 825 1636 860 domum
1688 837 1809 861 suam.

498 883 651 920 Mistice
685 891 818 919 autem
861 881 923 918 hic
963 880 1252 930 paterfamilias
1293 890 1349 917 est
1390 894 1561 930 persona
1601 882 1811 919 cuiuslibet

496 941 674 985 viatoris,
711 940 823 977 cuius
857 940 1000 976 domus
1033 948 1124 976 sunt
1158 940 1339 975 membra
1373 952 1461 976 cum
1497 940 1677 977 sensibus
1710 950 1870 977 tam-10

498 1012 617 1048 quam
651 998 816 1044 familia,
856 997 1032 1034 thesauri
1067 1006 1200 1034 autem
1241 997 1427 1034 absconsi
1469 998 1508 1034 in
1548 998 1621 1035 ista
1660 998 1810 1035 familia

498 1066 588 1094 sunt
612 1056 790 1093 virtutes.
825 1057 903 1092 Fur
926 1064 984 1092 est
1008 1055 1151 1104 triplex
1174 1054 1362 1092 inimicus
1394 1056 1614 1104 spiritualis
1638 1057 1811 1093 hominis

499 1125 535 1152 et
568 1114 795 1164 specialiter
829 1115 1023 1162 dyabolus
1047 1113 1114 1162 qui
1147 1113 1409 1161 temptacioni
1438 1114 1583 1151 insistit
1616 1114 1811 1152 attencius

499 1175 597 1210 hora
631 1172 790 1218 mortis3
824 1172 1018 1221 perfossio
1041 1184 1135 1208 vero
1159 1173 1302 1208 domus
1336 1181 1393 1208 est
1424 1173 1650 1221 prostracio
1673 1182 1812 1221 poten-

499 1232 650 1268 ciarum
676 1231 810 1268 anime
842 1243 912 1279 per
940 1239 1150 1279 peccatum
1174 1231 1394 1266 secundum
1423 1232 1604 1268 membra
1637 1233 1812 1269 humana
1831 1234 1867 1266 15

499 1302 575 1339 que
628 1289 753 1326 instar
806 1290 949 1325 domus
1005 1287 1181 1325 animam
1235 1297 1450 1337 protegunt
1496 1298 1616 1338 atque
1662 1290 1809 1326 iuvant.

498 1351 685 1385 Fenestre
724 1356 856 1384 autem
898 1346 1011 1383 istius
1051 1348 1195 1383 domus
1241 1356 1333 1383 sunt
1373 1359 1510 1384 sensus
1550 1347 1734 1396 corporei
1775 1357 1811 1384 et

498 1419 637 1443 eorum
671 1405 878 1446 introitus:
912 1404 1002 1441 ideo
1026 1406 1243 1441 servandus
1276 1414 1333 1441 est
1356 1406 1575 1442 secundum
1599 1405 1810 1443 consilium

498 1464 778 1513 propheticum
804 1475 942 1500 eorum
967 1462 1168 1508 introitus,
1192 1476 1242 1500 ne
1266 1475 1374 1500 mors
1398 1463 1530 1501 intret.
1556 1464 1595 1501 Si
1621 1476 1713 1512 ergo
1739 1477 1811 1512 pro

498 1524 688 1560 thesauro
733 1521 935 1570 corporali
979 1521 1109 1558 viator
1155 1521 1338 1570 vigilaret
1389 1522 1586 1559 attencius
1641 1531 1677 1559 et
1730 1535 1811 1559 non
1828 1533 1869 1555 20

498 1581 644 1618 sineret
689 1579 844 1629 perfodi
884 1581 1051 1617 domum
1091 1592 1218 1626 suam,
1267 1580 1393 1616 multo
1434 1580 1560 1628 magis
1605 1580 1645 1616 in
1689 1582 1811 1617 domo

498 1639 696 1688 spirituali
730 1651 804 1687 pro
828 1637 1112 1686 redempcione
1135 1647 1329 1687 perpetua
1352 1637 1581 1686 spirituales
1602 1638 1812 1687 vigilarent

499 1697 695 1735 attencius
729 1706 765 1734 et
791 1709 872 1733 non
904 1696 1080 1733 sinerent
1104 1709 1125 1733 a
1149 1697 1320 1744 dyabolo
1354 1696 1508 1744 perfodi
1543 1698 1685 1734 domos
1708 1710 1811 1734 suas.

500 1758 600 1793 Cum
635 1756 770 1804 itaque
803 1767 996 1803 sompnus
1030 1754 1079 1791 sit
1110 1754 1255 1802 ligacio
1288 1767 1476 1791 sensuum
1511 1754 1550 1791 in
1583 1764 1751 1803 peccato
1775 1764 1812 1792 et

499 1814 632 1862 vigilia
677 1826 815 1850 eorum
861 1812 1014 1849 solucio
1060 1813 1099 1849 in
1137 1812 1294 1858 virtute,
1341 1821 1450 1861 patet
1495 1826 1613 1861 quam
1661 1822 1812 1850 attente
1831 1813 1869 1845 25

499 1872 719 1922 spiritualis
752 1873 874 1908 homo
908 1883 1072 1907 excusso
1105 1884 1277 1919 sompno
1311 1871 1350 1908 in
1372 1871 1585 1908 virtutibus
1617 1871 1811 1919 vigilaret.

501 1932 663 1980 Ideoque
700 1937 735 1966 et
775 1942 841 1966 vos
872 1930 998 1965 cuncti
1017 1929 1161 1980 fideles
1193 1937 1310 1966 estote
1337 1930 1473 1978 parati
1504 1930 1692 1977 continue,
1727 1930 1812 1979 quia

499 1989 649 2026 nescitis
680 2001 752 2037 qua
776 1988 873 2024 hora
902 1987 1081 2024 Christus
1105 1987 1225 2023 veniet
1258 1988 1306 2023 ad
1331 1987 1515 2024 arraliter
1537 1987 1812 2025 iudicandum.

500 2047 548 2083 Et
591 2045 723 2083 differt
767 2045 841 2082 ista
884 2044 1117 2082 vicissitudo
1163 2045 1201 2081 in
1247 2045 1445 2093 spirituali
1494 2045 1657 2083 homine
1697 2055 1733 2083 et
1773 2046 1812 2082 in

501 2104 663 2141 homine
706 2103 894 2149 naturali,
940 2103 1034 2152 quia
1078 2104 1297 2140 secundum
1346 2103 1610 2152 philosophos
1652 2105 1872 2141 necesse3o

501 2172 558 2200 est
603 2172 645 2199 ut
689 2164 811 2199 homo
856 2163 1025 2199 alternet
1068 2174 1173 2199 nunc
1220 2174 1391 2210 sompno
1438 2174 1543 2199 nunc
1586 2162 1720 2211 vigilia
1764 2163 1814 2199 ad

499 2221 703 2258 naturales
726 2220 933 2269 potencias
957 2220 1230 2257 relevandum.
1265 2221 1343 2256 Sed
1366 2220 1405 2256 in
1430 2220 1591 2257 homine
1615 2220 1812 2269 spirituali

502 2279 657 2328 expedit
690 2288 732 2315 ut
766 2279 923 2316 excluso
954 2291 1126 2326 sompno
1156 2277 1355 2326 spirituali
1385 2291 1457 2326 pro
1481 2287 1676 2327 perpetuo
1699 2278 1814 2327 spiri-

502 2337 663 2374 tualiter
686 2336 819 2385 vigilia
852 2337 905 2375 in.
924 2336 1104 2373 sensibus
1137 2336 1511 2384 incorruptibilibus
1544 2346 1812 2373 conservetur.

561 2395 663 2441 Quia
696 2403 829 2432 autem
852 2395 1030 2443 regimen
1063 2393 1180 2431 huius
1203 2395 1346 2431 domus
1380 2403 1436 2431 est
1471 2394 1689 2443 multiplex,
1724 2394 1814 2431 ideo
1830 2396 1870 2430 35

502 2453 684 2491 Christus
717 2453 834 2490 istam
868 2452 1210 2501 multiplicitatem
1244 2452 1412 2489 innuens
1446 2452 1586 2501 incipit
1620 2465 1642 2489 a
1674 2452 1812 2501 priori.

502 2512 636 2549 Prima
660 2520 792 2549 autem
818 2510 1072 2560 dispensacio
1096 2512 1239 2547 domus
1264 2519 1320 2547 est
1352 2509 1572 2559 spiritualis
1605 2510 1813 2548 ordinacio

574 2644 593 2663 1.
616 2635 683 2662 DE:
705 2634 765 2663 Sed
787 2634 832 2661 vel
855 2634 977 2661 noticia.
1041 2641 1066 2665 2,
1088 2632 1113 2661 3.
1136 2633 1178 2661 D:
1201 2633 1355 2672 incognita
1374 2648 1408 2652 —-
1429 2632 1518 2660 nobis
1539 2633 1632 2660 deest.
1690 2641 1718 2669 9.
1740 2632 1764 2660 E
1783 2632 1812 2660 iu

503 2678 616 2705 marg:
639 2669 758 2697 Mistice
779 2668 1009 2704 paterfamilias.
1125 2676 1166 2695 10.
1188 2667 1227 2695 E:
1251 2667 1377 2695 viatoris
1397 2667 1532 2695 ecclesie.
1637 2675 1685 2704 Δ12.
1708 2668 1748 2695 D:
1770 2673 1815 2695 cst

503 2709 622 2737 nutem:
652 2704 692 2731 ib.
715 2705 758 2731 A:
781 2703 891 2737 triplex
912 2703 1014 2735 deest:
1044 2703 1084 2730 ib.
1106 2702 1130 2730 E
1150 2703 1180 2730 in
1203 2710 1316 2737 marg.:
1339 2702 1410 2729 Fur.
1538 2700 1575 2730 13.
1597 2702 1666 2730 DE:
1687 2702 1813 2729 assistit.

505 2748 546 2774 ιι,
568 2740 606 2768 15.
629 2739 670 2766 D:
694 2746 841 2774 penarum
863 2738 981 2772 anime;
1003 2737 1042 2766 E:
1066 2745 1280 2773 personarum.
1367 2745 1406 2776 ¹7·
1428 2736 1452 2764 lc
1471 2736 1502 2764 in
1524 2745 1637 2772 marg.:
1660 2737 1814 2764 Fenestre.

503 2782 546 2801 22.
562 2776 605 2803 A:
629 2782 686 2809 pro
701 2773 890 2805 direccione;
911 2772 950 2800 E:
973 2772 1168 2808 direpcioue:
1190 2771 1229 2799 ib.
1245 2773 1290 2799 A:
1313 2771 1482 2806 spiritualis
1502 2771 1650 2807 vigilaret.
1707 2779 1753 2806 ²4·
1769 2772 1813 2799 A:

505 2809 583 2836 l)um
606 2809 722 2843 itaque:
744 2808 785 2835 D:
808 2807 949 2842 Cumque
971 2807 1081 2843 itaque.
1137 2807 1181 2835 25.
1197 2805 1264 2833 DE:
1287 2806 1442 2833 virtutem.
1499 2806 1543 2833 28.
1565 2806 1633 2834 DE:
1655 2806 1691 2833 ad
1714 2806 1814 2837 deest:

503 2844 657 2877 arraliter;
678 2842 748 2871 AE:
771 2842 840 2870 hab.
862 2842 1012 2869 lacunam.
1109 2840 1153 2877 33,
1174 2840 1221 2875 34.
1242 2840 1284 2868 D:
1307 2840 1456 2875 spirituali
1479 2849 1535 2876 pro
1557 2845 1704 2876 perpetuo
1725 2841 1814 2876 spiri-

505 2879 605 2906 tualis.
678 2877 722 2913 37.
746 2876 769 2904 13
789 2877 817 2904 in
842 2884 954 2911 marg:
977 2876 1180 2912 Dispensacio
1200 2875 1320 2911 triplex.
1344 2883 1363 2902 i.

575 2937 604 2971 6.
634 2937 799 2971 Matthaei
828 2938 949 2977 XXlV,
977 2937 1032 2978 43.
1132 2947 1184 2979 27.
1211 2936 1255 2968 ib.
1282 2947 1337 2977 44.
