1986 3380
149 310 220 335 102

166 1117 234 1145 The
255 1116 399 1152 religion>-

156 1156 209 1188 put
229 1151 414 1179 themselves

167 1187 264 1214 under
285 1185 407 1213 heavier

159 1220 416 1257 responsibilities

166 1256 238 1284 than
262 1255 330 1283 God
353 1255 406 1282 has

149 1290 209 1319 laid
230 1298 312 1327 upon
331 1290 424 1318 them.

718 303 942 336 1ΟΗΑΝΝ15
962 302 1144 334 wvcrir
1162 302 1420 334 sERMONUM
1490 286 1642 345 [SERMO
1665 297 1745 325 xw.

433 413 488 450 sic
522 412 724 450 fecerunt?
764 409 966 447 Omittunt
1005 421 1098 457 ergo
1138 408 1236 445 illud
1276 407 1460 445 sensibile
1499 409 1606 456 quod
1646 408 1747 444 foret

433 469 695 519 perfeccionis
728 468 897 505 incitans
930 469 979 504 ad
1012 467 1195 508 virtutes:
1230 476 1267 504 et
1300 467 1396 502 illud
1431 465 1616 502 sensibile
1640 467 1747 514 quod

434 542 455 566 a
488 528 633 564 virtute
667 526 851 563 distrahit
875 535 1082 574 tamquam
1115 527 1265 561 mundo
1289 524 1411 561 dediti
1436 525 1746 572 amplectuntur.

491 589 572 623 Nec
607 585 771 621 dubium
814 584 909 632 quin
955 584 1053 620 tales
1099 592 1188 619 sunt
1234 582 1468 631 regulariter
1501 594 1523 618 a
1557 581 1748 629 religione

435 644 583 682 Christi
615 652 798 691 apostate
831 651 868 678 et
901 651 981 678 tam
1013 641 1245 689 religionem
1279 641 1405 689 ipsam
1436 652 1557 688 quam
1589 652 1748 687 rempu-

435 702 581 739 blicam
616 703 885 740 destrttentes;
920 699 1138 747 infringunt
1172 699 1275 735 enim
1311 699 1487 747 primum
1512 699 1747 734 mandatum

435 760 629 808 decalogi,
665 772 754 796 cum
790 764 845 804 (ut
879 758 1030 794 dictum
1065 767 1121 794 est
1145 757 1290 805 sepius)
1315 759 1441 793 Deum
1466 768 1547 792 non
1580 755 1750 803 diligunt

436 829 521 856 toto
545 819 678 854 corde.
705 817 802 863 Quis
821 816 1017 864 (inquam)
1043 817 1144 852 ordo
1167 814 1487 852 Mendicancium
1512 826 1592 850 non
1616 813 1750 850 deficit

436 885 577 914 contra
618 874 844 912 doctrinam
886 873 1155 921 evangelicam
1197 873 1235 909 in
1275 885 1444 909 numero
1483 884 1748 920 personarum

437 947 559 984 quam
601 933 640 969 in
686 932 909 982 quantitate
952 931 1238 980 temporalium
1283 940 1319 967 et
1363 929 1559 975 thesauri;
1606 939 1642 966 et
1681 942 1751 977 per

437 1003 701 1040 consequens,
748 991 787 1027 in
832 989 1080 1038 spoliacione
1126 989 1294 1026 istorum
1335 990 1528 1025 excedunt
1574 987 1749 1024 medium

437 1050 689 1088 virtuosum?

497 1111 608 1154 Item,
643 1106 817 1155 religiosi
851 1115 942 1143 ante
976 1105 1322 1142 introduccionem
1357 1104 1525 1141 istorum
1565 1103 1752 1140 ordinum

439 1167 688 1204 novellorum
733 1165 892 1201 fuerunt
937 1165 1156 1200 secundum
1203 1164 1380 1210 regulam
1422 1161 1569 1198 Christi
1608 1174 1630 1198 a
1669 1163 1753 1198 Deo

439 1224 619 1272 obligati,
665 1223 765 1260 sicut
798 1222 872 1270 ipsi
917 1222 1047 1258 facere
1092 1229 1279 1269 poterant
1322 1221 1382 1256 vel
1424 1219 1519 1268 ipsis
1564 1218 1754 1267 pertinuit

439 1284 500 1320 vel
532 1285 638 1319 Deus
671 1280 796 1317 voluit
829 1280 980 1316 viantes
1014 1278 1170 1327 aliquos
1203 1277 1386 1326 obligari,
1431 1279 1499 1314 sed
1544 1279 1666 1314 modo
1711 1289 1755 1313 ex

440 1340 606 1378 adiectis
639 1337 930 1376 tradicionibus
963 1337 1135 1385 amplius
1169 1337 1410 1385 obligantur.
1450 1337 1554 1382 Ergo
1593 1335 1653 1371 vel
1686 1336 1755 1372 ob-

440 1398 584 1447 ligacio
622 1397 690 1434 illa
729 1405 785 1433 est
823 1396 945 1432 stulta
982 1396 1042 1432 vel
1080 1396 1138 1431 lex
1176 1393 1411 1431 Antichristi
1455 1402 1512 1430 est
1556 1393 1757 1430 efficacior

441 1458 525 1504 lege
549 1455 709 1500 Christi,
733 1455 794 1491 vel
817 1453 991 1501 religiosi
1024 1453 1168 1490 novelli
1201 1452 1392 1489 omittunt
1424 1460 1589 1500 propter
1621 1453 1756 1488 obser-

440 1513 624 1552 vanciam
657 1511 974 1549 introduccionis
1007 1524 1171 1548 suorum
1195 1523 1391 1547 novorum
1416 1509 1604 1546 ordinum
1629 1510 1754 1557 legem

442 1571 610 1617 Christi3
648 1572 709 1608 vel
742 1570 846 1607 enim
881 1579 1037 1606 tantum
1078 1571 1223 1606 sudant
1261 1569 1480 1605 secundum
1520 1567 1755 1615 religionem

443 1643 565 1680 quarn
611 1629 686 1666 sibi
730 1628 943 1665 instituunt
989 1636 1181 1676 quantum
1235 1635 1414 1675 possunt,
1468 1626 1528 1661 vel
1580 1627 1629 1661 ab
1682 1625 1757 1661 isto

443 1687 616 1725 termino
660 1686 865 1731 ociantur3
911 1686 942 1721 si
989 1694 1122 1722 autem
1175 1694 1330 1722 tantum
1385 1683 1614 1720 sudaverint
1667 1696 1757 1719 cum

444 1746 634 1794 religione
658 1744 806 1782 Christi
832 1745 938 1791 (cum
963 1744 1029 1781 illa
1053 1743 1102 1780 sit
1125 1743 1297 1791 pocior),
1331 1742 1486 1779 videtur
1520 1743 1627 1789 quod
1661 1753 1758 1789 pure

443 1805 617 1842 tenendo
661 1802 770 1839 illam
810 1802 983 1850 amplius
1028 1811 1295 1847 mererentur3
1340 1813 1433 1837 nam
1480 1798 1616 1846 legifer
1648 1798 1759 1835 Anti-

446 1862 617 1900 christus
651 1870 708 1898 est
741 1859 900 1897 Christo
934 1859 1098 1896 inferior
1131 1859 1170 1896 in
1203 1859 1283 1895 suis
1318 1858 1468 1906 legibus
1500 1857 1757 1894 fabricandis.

446 1920 487 1958 Si
520 1919 677 1956 dicatur
709 1919 817 1966 quod
851 1930 893 1954 ex
927 1931 999 1954 usu
1033 1917 1236 1965 religionis
1274 1930 1343 1953 sue
1382 1924 1473 1952 sunt
1506 1914 1760 1963 potenciores

446 1979 496 2015 ad
528 1976 831 2014 observanciam
870 1975 1022 2012 ordinis
1064 1975 1244 2021 virtuosi,
1287 1984 1381 2011 tunc
1426 1981 1585 2022 oportet
1629 1973 1761 2009 dicere

447 2036 555 2085 quod
598 2043 689 2072 sunt
735 2033 935 2081 digniores
983 2046 1028 2070 ac
1080 2033 1348 2081 religiosiores
1393 2030 1604 2080 apostoli33
1648 2030 1760 2068 cuius

446 2092 697 2142 blasphemia
736 2091 986 2128 convincitur
1025 2104 1067 2128 ex
1112 2091 1266 2128 effectu.
1318 2093 1420 2127 Nam
1465 2088 1761 2139 quantumlibet

448 2152 581 2201 plures
633 2149 826 2199 apostolis
880 2149 1010 2186 minus
1061 2157 1230 2198 prosunt
1283 2148 1460 2193 ecclesie,
1514 2159 1607 2183 nam
1660 2158 1762 2195 opus

448 2208 700 2247 meritorium
733 2208 1011 2256 apostolorum
1052 2207 1119 2255 qui
1153 2220 1195 2244 ex
1234 2215 1315 2243 tam
1355 2206 1531 2254 perfecto
1570 2204 1762 2253 magistro

448 2277 530 2305 tam
575 2265 771 2304 stabiliter
815 2274 905 2301 sunt
950 2265 1132 2302 instructi
1177 2265 1266 2314 plus
1311 2263 1578 2312 amplificaret
1621 2262 1661 2298 in
1706 2261 1761 2299 eis

448 2324 677 2374 potenciam
713 2323 916 2360 meritorie
948 2323 1142 2371 operandi
1176 2335 1295 2372 quam
1331 2322 1370 2358 in
1399 2321 1545 2358 nostris
1568 2319 1763 2369 religiosis

450 2383 517 2432 qui
551 2395 573 2420 a
610 2391 693 2419 tam
737 2381 942 2418 salutifera
987 2381 1171 2418 doctrina
1216 2379 1418 2417 deficiunt.
1465 2379 1594 2417 Maior
1627 2386 1761 2414 autem

450 2440 563 2478 istius
607 2439 833 2488 argumenti
878 2447 988 2487 patet
1032 2451 1075 2475 ex
1126 2439 1201 2476 hoc
1245 2440 1353 2487 quod
1398 2437 1531 2475 cuncti
1579 2435 1762 2472 homines

451 2498 679 2546 obligantur
730 2498 950 2534 secundum
1003 2496 1188 2533 ultimum
1242 2508 1310 2533 sue
1360 2494 1544 2544 potencie
1590 2501 1633 2530 ut
1678 2495 1762 2530 Deo

451 2555 642 2602 serviant3
677 2554 744 2604 qui
777 2555 892 2592 aliter
924 2567 1005 2591 non
1037 2554 1138 2591 foret
1171 2553 1359 2591 ultimum
1382 2553 1472 2590 talis
1494 2551 1691 2601 potencie,
1725 2559 1764 2588 et

451 2626 522 2664 per
553 2625 813 2662 consequens,
848 2625 966 2649 nemo
999 2621 1201 2649 teneretur
1234 2614 1361 2649 Deum
1396 2609 1559 2659 diligere
1600 2621 1644 2646 ex
1675 2617 1762 2646 toto

460 2782 465 2788 ,
521 2766 546 2786 2.
567 2759 612 2788 A:
634 2757 778 2785 invitans.
858 2766 888 2791 4.
911 2757 978 2784 ltli:
1002 2756 1130 2784 realiter.
1213 2756 1237 2784 5.
1258 2756 1332 2783 An:
1353 2763 1446 2794 qnam
1468 2755 1562 2782 deest.
1636 2755 1666 2782 ὁ.
1687 2754 1711 2782 Ε
1731 2753 1762 2782 in

453 2797 565 2828 marg:
585 2792 677 2820 Nota.
728 2799 756 2825 ι).
772 2791 909 2819 Rectius:
930 2796 991 2818 tam
1008 2792 1036 2818 in
1055 2799 1194 2818 nurnero.
1251 2798 1284 2818 11,
1299 2792 1343 2818 A:
1366 2795 1495 2817 istorum
1512 2789 1605 2817 deest.
1657 2788 1694 2817 ¹3.
1709 2788 1765 2817 ΑΕ

453 2828 481 2855 in
499 2835 612 2862 marg.:
630 2835 656 2863 7.
713 2827 751 2855 15.
767 2826 836 2854 DE:
853 2830 1026 2861 potnerunt.
1085 2826 1125 2855 18,
1143 2834 1184 2861 ¹9-
1201 2825 1241 2852 li:
1264 2830 1309 2852 est
1324 2824 1476 2853 efficacior
1489 2840 1522 2844 -—
1537 2823 1652 2851 Christi
1668 2823 1762 2851 deest.

453 2870 491 2890 21.
508 2863 576 2889 nli:
597 2866 715 2900 tantu-m
731 2861 909 2900 fundantur.
965 2867 1009 2887 22.
1026 2859 1094 2887 DE:
1117 2859 1231 2888 Christi
1247 2868 1350 2895 qnam.
1406 2858 1448 2887 23.
1466 2859 1533 2886 nli:
1556 2857 1761 2886 fundaverint.

453 2896 582 2931 24.1›E:
606 2896 727 2932 religio;
749 2896 788 2922 ib.
805 2895 873 2922 DE:
894 2895 1028 2922 cumina
1043 2893 1136 2922 deest.
1199 2902 1214 2921 2
1237 2915 1243 2922 .
1258 2895 1302 2922 Α;
1325 2902 1377 2921 sne
1392 2893 1485 2921 deest.
1548 2893 1591 2921 32.
1606 2894 1652 2921 A:
1673 2900 1764 2920 causa

454 2931 616 2966 perfeccio.
688 2929 729 2959 35.
751 2930 819 2958 tnj:
841 2934 940 2957 autem
962 2929 1056 2957 deest.
1129 2927 1173 2964 37.
1189 2927 1235 2957 3t.
1256 2929 1300 2957 A:
1324 2933 1354 2957 ut
1375 2928 1438 2957 Deo
1457 2943 1491 2949 —
1511 2927 1650 2964 potencie
1670 2927 1763 2955 deest.

1772 941 1810 963 10

1775 1220 1811 1253 15

1773 1520 1815 1543 20

1778 2090 1819 2122 30

1779 2379 1819 2412 35
