1986 3380
172 324 244 359 180
755 330 980 361 ,IOHANNIS
998 329 1181 361 WYCMF
1200 330 1457 362 SERMONUM
1499 314 1650 373 [SFRMO
1671 326 1764 353 XXV-

452 436 706 473 intrinsecam
738 446 774 473 et
799 436 1058 472 extrinsecam
1083 446 1246 473 vocatus
1270 449 1291 472 a
1316 436 1490 472 Domino
1514 436 1758 473 festinanter.

449 497 559 531 jesus
611 504 742 532 autem
791 495 935 530 viando
981 494 1075 530 vidit
1117 496 1337 531 Mattheum
1385 504 1582 543 expertein
1631 495 1761 542 gracie

451 553 626 601 negociis
657 553 794 589 mundi
827 553 1021 588 intentum
1054 562 1090 589 et
1120 566 1139 589 a
1171 554 1383 589 celestibus
1412 566 1457 589 ac
1487 553 1761 601 spiritualibus

450 611 706 648 incrementis
740 620 954 656 remotum,
979 612 1085 659 quod
1121 620 1282 647 notatur
1315 624 1384 659 per
1414 612 1488 647 hoc
1522 614 1628 659 quod
1652 613 1762 647 =lesus

450 669 646 705 transiens
684 669 777 704 vidit
815 669 1002 705 hominem
1042 669 1232 705 sedentem
1273 670 1307 704 in
1341 670 1513 705 theloneo
1546 670 1795 705 Alttttlzeumss

451 728 620 767 ηυηιιήες
671 739 740 775 per
785 728 859 763 hoc
904 727 1007 763 enim
1055 729 1161 775 quod
1207 727 1400 769 transivit,
1447 736 1609 763 notatur
1654 729 1760 775 quod

451 797 519 832 per
564 798 664 833 opus
709 794 745 821 et
788 798 868 821 non
912 787 1016 821 nude
1061 797 1130 833 per
1174 786 1292 821 verba
1337 786 1397 821 vel
1441 785 1573 821 ocium
1615 785 1760 820 Christi

451 843 669 891 discipulus
715 852 771 879 est
804 844 1018 879 vocandus.
1066 845 1138 879 Per
1172 843 1247 879 hoc
1281 852 1412 879 autem
1449 845 1554 891 quod
1589 843 1689 879 sedit
1723 843 1761 878 in

451 902 636 937 theloneo
676 901 758 937 eius
797 901 985 937 ociositas
1024 901 1130 937 circa
1177 903 1384 947 mundum,
1432 914 1501 949 per
1540 902 1614 937 hoc
1653 902 1760 949 quod

450 968 534 995 erat
578 960 777 995 Mattheus
821 959 997 1005 nomine,
1042 968 1206 995 notatur
1251 959 1332 995 eius
1378 959 1594 1007 disposicio
1639 972 1820 1007 quamio

451 1016 633 1053 Christus
666 1016 863 1065 disposuit
896 1018 945 1053 ad
979 1016 1178 1053 effectum.

163 1081 305 1120 Martii-ew
327 1083 420 1109 called
508 1074 555 1111 Et
573 1083 730 1111 tenetur
754 1075 1023 1111 communiter
1042 1076 1149 1123 quod
1169 1075 1349 1110 Christus
1368 1074 1521 1111 vocavit
1538 1075 1759 1111 Mattheum

178 1118 416 1187 ικῗῇξζζζωῐῐμξιω
450 1142 540 1169 ante
573 1132 828 1169 curacionem
862 1132 1074 1181 paralitici.
1110 1134 1186 1169 Sed
1220 1133 1314 1181 quia
1347 1132 1571 1169 convivium
1596 1134 1659 1176 (de
1683 1145 1762 1180 quo

219 1188 374 1223 paralytic.
450 1191 513 1226 hic
557 1191 702 1238 agitur)
747 1191 818 1227 fuit
863 1199 952 1238 post
998 1191 1268 1236 curacionem,
1314 1190 1404 1226 ideo
1450 1191 1649 1227 Mattheus
1700 1190 1763 1226 hic

450 1248 687 1297 recapitulat
719 1248 842 1294 illam,
876 1257 918 1284 ut
952 1248 1258 1285 conveniencius
1291 1248 1438 1285 inserat
1472 1257 1600 1284 totum
1625 1249 1762 1289 simul:
1786 1252 1820 1283 15

450 1315 486 1342 et
510 1307 615 1343 istud
645 1306 883 1343 miraculum
914 1306 953 1342 in
985 1306 1197 1355 paralitico
1221 1306 1355 1343 docuit
1379 1308 1600 1343 Mattheum
1626 1306 1761 1342 incon-

449 1364 644 1401 stanciam
690 1373 871 1401 excutere
916 1373 952 1401 et
991 1364 1156 1401 inducre
1200 1364 1526 1413 permanenciam
1572 1363 1763 1413 sequendi

449 1422 652 1458 Christum
687 1422 727 1459 in
758 1422 949 1459 moribus.
984 1422 1165 1459 Christus
1201 1422 1304 1459 enim
1336 1431 1544 1471 tamquam
1576 1422 1763 1471 magister

448 1480 626 1528 optimus
665 1482 835 1517 docebat
867 1480 907 1517 in
945 1493 1065 1529 opere
1104 1493 1196 1517 suos
1235 1482 1440 1529 apostolos
1474 1480 1603 1529 ipsum
1638 1479 1761 1529 sequi.

449 1538 564 1586 Cepit
597 1538 702 1575 enim
736 1541 846 1575 Jesus
878 1539 1008 1575 facere
1042 1547 1078 1575 et
1116 1540 1259 1575 docere
1300 1541 1358 1585 (ut
1398 1538 1543 1575 dicitur
1575 1540 1661 1575 Act.
1697 1540 1822 1586 1⁰).20

449 1597 620 1645 Sequela
669 1605 802 1633 autem
855 1597 1076 1645 corporalis
1126 1610 1206 1633 non
1252 1596 1323 1633 fuit
1374 1596 1525 1633 intenta
1574 1596 1649 1632 nisi
1694 1608 1764 1644 per

448 1654 647 1701 accidens,
692 1656 760 1691 sed
804 1656 965 1703 sequela
1003 1654 1221 1703 spiritualis
1261 1664 1317 1691 est
1356 1667 1425 1703 per
1464 1668 1504 1691 se
1542 1654 1764 1691 necessaria

450 1712 612 1749 cuilibet
660 1714 865 1759 salvando,
911 1722 948 1750 et
999 1713 1088 1749 ideo
1141 1722 1197 1749 est
1247 1713 1286 1749 in
1336 1713 1540 1760 evangelio
1587 1713 1764 1748 crebrius

449 1771 630 1819 repetita.
665 1772 713 1807 Et
744 1772 815 1807 hec
844 1771 953 1807 racio
977 1785 1100 1820 quare
1130 1784 1234 1819 papa
1264 1780 1301 1807 et
1331 1771 1396 1807 alii
1427 1770 1567 1819 prelati
1600 1770 1764 1807 ecclesie

449 1830 690 1865 dedocentes
722 1830 924 1878 sequelam
950 1830 1096 1866 Christi
1128 1830 1166 1865 in
1196 1842 1316 1877 opere
1343 1842 1423 1865 non
1453 1837 1544 1865 sunt
1572 1828 1761 1877 sequendi
1782 1834 1820 1866 25

448 1888 516 1923 sed
549 1896 755 1935 tamquam
798 1896 980 1935 apostate
1012 1887 1199 1935 fugiendi.
1241 1890 1367 1923 Nemo
1401 1887 1505 1923 enim
1541 1886 1690 1934 fingens
1723 1898 1763 1922 se

450 1945 597 1981 Christi
627 1945 868 1994 discipulum
899 1947 1015 1981 debet
1045 1945 1193 1982 imitari
1223 1947 1271 1982 ab
1306 1945 1398 1991 alio,
1430 1945 1502 1981 nisi
1535 1946 1582 1981 de
1611 1954 1762 1993 quanto

450 2003 596 2039 Christi
612 2003 774 2051 vestigia
791 2003 839 2040 sit
854 2013 1033 2049 secutus3
1053 2004 1143 2040 ideo
1159 2002 1253 2039 dicit
1265 2004 1481 2051 Apostolus
1494 2005 1519 2048 Ι,
1532 2004 1718 2049 Cor.X10,
1731 2016 1761 2038 1:

448 2061 583 2097 Estote
605 2062 819 2098 imitatores
841 2062 916 2097 mei
935 2062 1030 2098 sicut
1059 2069 1093 2098 et
1116 2074 1189 2112 ego
1209 2061 1366 2097 Christi.
1402 2063 1448 2097 Et
1472 2062 1543 2097 hec
1571 2061 1761 2097 nimirum

450 2128 507 2155 est
523 2119 632 2156 racio
654 2132 777 2168 quare
798 2129 933 2167 gentes
949 2132 1047 2168 quas
1062 2132 1252 2156 vocamus
1273 2119 1452 2155 infideles
1474 2132 1555 2155 non
1577 2127 1764 2155 secuntur
1781 2124 1821 2156 30

449 2178 624 2225 prelatos
675 2186 835 2214 nostros
892 2179 959 2214 sed
1010 2187 1216 2226 tamquam
1269 2177 1341 2214 sibi
1397 2177 1490 2225 ipsis
1541 2177 1764 2214 contrarios

450 2237 709 2272 detestantur.
734 2235 773 2271 Si
793 2236 896 2272 enim
919 2236 1045 2272 fidelis
1065 2235 1247 2272 habuerit
1264 2247 1544 2284 quemcunque
1561 2235 1762 2271 Christum

449 2302 681 2342 sequentem
716 2293 898 2339 fideliter,
931 2294 990 2330 vel
1023 2293 1054 2329 si
1088 2293 1177 2330 talis
1211 2293 1392 2339 defuerit,
1428 2293 1609 2330 habuerit
1643 2293 1760 2329 fidem

450 2360 486 2387 et
531 2351 840 2388 instruccionem
889 2351 1035 2387 Christi
1088 2351 1127 2388 in
1178 2351 1327 2397 animo,
1373 2351 1518 2387 suflicit
1565 2351 1649 2387 sine
1694 2350 1761 2387 tali

449 2409 604 2457 prelato
628 2422 809 2456 cesareo;
843 2409 932 2446 ideo
961 2409 1129 2455 videtur,
1154 2422 1243 2445 cum
1269 2408 1450 2445 Christus
1479 2409 1528 2445 sit
1557 2408 1595 2444 in
1630 2408 1763 2444 medio
1779 2412 1818 2444 35

449 2479 783 2516 quorumcunque
822 2467 859 2504 in
894 2467 1023 2516 ipsum
1058 2467 1326 2512 credendum,
1361 2468 1467 2515 quod
1501 2467 1641 2503 talium
1675 2479 1763 2514 pre-

449 2526 621 2561 latorum
649 2525 851 2562 institucio
881 2526 930 2562 sit
954 2525 1223 2574 dampnabilis
1247 2534 1283 2562 et
1307 2526 1514 2561 retardans
1537 2538 1559 2561 a
1582 2524 1762 2573 profectu

450 2583 627 2629 ecclesie,
674 2596 763 2620 cum
811 2584 908 2620 tides
951 2583 1172 2620 sentenciat
1211 2584 1318 2632 quod
1364 2582 1517 2632 precise
1563 2584 1611 2619 de
1650 2590 1762 2619 tanto

450 2650 507 2677 est
545 2641 678 2678 valida
717 2643 765 2678 de
803 2650 954 2690 quanto
999 2641 1184 2678 ordinate
1226 2649 1437 2690 promovet
1475 2641 1525 2677 ad
1558 2640 1760 2678 Christum

450 2700 655 2736 coraulam
689 2701 936 2748 sequendum
970 2699 1009 2736 in
1043 2699 1235 2736 moribus.
1270 2700 1362 2736 Ideo
1390 2699 1429 2736 in
1453 2707 1634 2748 tempore
1666 2711 1759 2747 apo·
1776 2712 1820 2744 40

450 2758 644 2794 stolorum
685 2769 758 2806 pro
798 2759 951 2794 honore
983 2757 1054 2793 Dei
1094 2765 1131 2794 et
1163 2756 1334 2793 utilitate
1374 2757 1539 2794 ecclesie
1571 2769 1670 2806 pure
1701 2769 1761 2792 ze-

519 2899 544 2919 2.
560 2892 584 2919 E
598 2892 626 2919 in
643 2899 755 2927 marg:
772 2892 843 2919 Luc¹
856 2891 918 2925 V⁰;
939 2892 978 2918 ib.
994 2891 1038 2919 A:
1055 2900 1089 2918 ex
1105 2895 1198 2926 parte.
1255 2892 1281 2918 ὃ.
1297 2891 1340 2918 A:
1358 2891 1529 2926 discipulis,
1587 2891 1622 2919 15.
1638 2891 1682 2918 A:
1699 2890 1761 2918 ins-

451 2931 540 2954 serat.
578 2934 616 2954 21.
629 2927 656 2954 A
669 2926 697 2953 iu
712 2935 813 2961 marg:
830 2926 957 2962 Sequcla
974 2926 1095 2961 duplex.
1135 2934 1181 2958 21.
1196 2925 1258 2952 liin
1273 2934 1385 2961 marga
1403 2925 1510 2952 Prolati
1523 2924 1683 2953 Christum
1700 2933 1759 2952 nou

451 2966 610 2996 sequentes
623 2961 651 2988 in
664 2970 756 2996 opere
770 2970 828 2988 non
842 2966 913 2988 sunt
926 2961 1084 2996 sequendi.
1134 2959 1178 2988 38.
1195 2960 1234 2987 E:
1251 2961 1404 2995 precipue.
1456 2960 1651 2995 .10.A:1deo
1666 2960 1759 2986 deest.
