1986 3380
125 823 197 854 Foi.

118 872 198 910 214⁸

159 927 197 947 10

163 1206 199 1237 15

161 1507 200 1527 ‘20

164 1788 200 1820 25

168 2485 206 2518 35

213 283 348 311 SERMO
366 271 532 328 XXXVIL]
682 285 895 318 sECUNDA
924 283 1050 315 PARs.

1739 288 1756 312 '2
1767 279 1817 323 (11)

274 394 425 437 Quarta
443 391 666 427 conclusio:
690 390 890 427 Medicina
906 389 1131 426 necessaria
1154 391 1201 425 ad
1221 389 1528 437 extinguendum
1565 399 1666 431 1.T11t·
1690 400 1811 426 mmcdx>

1595 433 1618 459 is
1639 434 1703 460 that
1727 434 1773 460 the
1795 432 1800 435 ’

214 462 409 485 venenum
456 449 605 485 diaboli
648 449 750 484 foret
797 457 926 484 totum
974 449 1122 483 clerum
1170 448 1527 496 exproprietarium
1564 469 1796 500 eleuet-should

214 507 343 543 facere
382 516 419 543 et
457 506 760 543 ordinacionem
796 506 943 542 Christi
983 505 1203 553 primevam
1246 507 1378 553 quoad
1418 518 1530 542 suam

215 565 424 601 ecclesiam
456 565 659 601 innovare.
693 566 806 600 Tunc
837 563 942 600 enim
972 563 1147 600 viverent
1176 576 1315 599 omnes
1340 563 1530 611 episcopi,

214 623 401 670 religiosi,
426 622 712 670 possessionati
743 631 779 658 et
803 621 935 658 clerici
968 634 1064 669 pure
1095 621 1408 669 exproprietarie
1432 622 1532 657 sicut

213 681 309 716 olim
345 693 416 716 nec
449 680 677 728 acciperent
712 680 944 727 dignitatem
980 680 1039 715 vel
1073 679 1312 715 beneficium
1348 679 1532 715 ecclesia-

215 739 357 775 sticum
407 747 571 786 propter
616 737 844 785 cupidinem
891 737 1176 785 temporalium
1216 738 1277 773 vel
1322 738 1531 773 honorem.

215 799 295 833 Nec
341 805 522 832 carerent
568 795 701 832 clerici
747 795 814 843 qui
858 797 906 832 ad
953 804 1081 831 totum
1128 795 1222 831 cleri
1267 795 1529 831 ministerium

216 855 328 902 plene
381 854 609 890 sufficerent
659 853 849 901 suffragio
900 853 1126 901 temporali,
1158 852 1161 903 1
1191 866 1280 890 011111
1334 853 1534 889 cotidiane

215 912 444 957 elemosine,
490 911 681 948 sanctitas
726 924 794 947 sue
838 911 917 947 vite
963 920 998 947 et
1044 912 1200 947 labores
1243 912 1448 948 manuales
1489 911 1532 955 (si

215 975 389 1018 oportet)
424 970 550 1006 instar
572 969 755 1018 Apostoli
790 970 837 1005 de
872 969 1058 1005 omnibus
1093 969 1175 1005 istis
1199 970 1276 1006 vite
1299 969 1534 1006 necessariis

217 1041 305 1065 curn
340 1028 410 1064 Dei
444 1027 705 1076 providencia
739 1027 1008 1075 providerent.
1043 1029 1090 1062 Et
1125 1027 1156 1063 si
1185 1027 1454 1064 Antichristus
1488 1029 1535 1063 de

218 1086 301 1123 istis
334 1085 610 1122 ablacionibus
643 1085 837 1122 violenter
870 1085 1145 1133 conqueritur,
1180 1098 1270 1121 cum
1304 1099 1385 1122 non
1419 1087 1534 1121 debet

217 1157 358 1181 sonare
389 1144 464 1180 nisi
500 1145 547 1180 ad
582 1143 797 1180 utilitatem
832 1143 998 1180 ecclesie
1033 1152 1069 1179 et
1102 1143 1403 1180 restitucionem
1428 1144 1535 1179 ordi-

218 1202 399 1239 nacionis
417 1202 564 1238 Christi
589 1202 779 1249 primeve,
797 1203 917 1238 donet
941 1201 1168 1238 christianis
1192 1202 1307 1238 istam
1333 1201 1534 1245 iniuriam,

217 1270 253 1297 et
279 1274 367 1297 cum
395 1259 547 1296 domini
573 1260 770 1296 seculares
795 1261 966 1296 habeant
998 1268 1153 1296 tantum
1185 1260 1360 1296 favorem
1388 1259 1533 1296 Christi

217 1321 274 1365 (ut
308 1328 418 1366 patet
458 1330 644 1354 sermone
678 1320 766 1366 111⁰)
807 1331 879 1354 nec
914 1318 952 1354 in
992 1318 1071 1354 alio
1105 1319 1220 1366 plene
1261 1320 1428 1354 subeant
1464 1317 1533 1354 Dei

217 1376 427 1413 servicium
459 1377 651 1421 seculare,
677 1385 785 1423 patet
810 1378 917 1424 quod
948 1376 987 1411 in
1019 1375 1236 1412 omissione
1266 1376 1378 1412 istius
1403 1377 1534 1412 defen-

217 1434 340 1471 sionis
363 1443 453 1471 sunt
473 1434 543 1470 Dei
561 1435 719 1482 publice
744 1434 984 1482 proditores.
1010 1437 1089 1470 Nec
1115 1443 1250 1470 carent
1275 1434 1535 1471 excusacione

217 1493 312 1541 quin
351 1493 381 1528 si
415 1493 562 1529 faciant
602 1494 709 1541 quod
749 1492 804 1529 eis
843 1492 985 1529 attinet
1019 1502 1055 1528 et
1089 1494 1138 1528 ad
1181 1493 1239 1528 sui
1273 1494 1532 1529 commodum

217 1551 383 1599 implere
408 1559 574 1598 possunt
598 1550 780 1597 faciliter,
805 1559 968 1599 possent
992 1563 1178 1598 rumpere
1204 1552 1305 1587 hanc
1332 1550 1534 1587 iniuriam.

218 1611 294 1645 Sed
320 1609 513 1656 dyabolus
537 1621 579 1644 ex
604 1608 773 1645 fallaciis
797 1609 993 1645 simulatis
1020 1608 1125 1656 ipsos
1150 1609 1366 1657 redarguit,
1386 1609 1536 1657 tingens

217 1667 411 1715 implicite
430 1668 538 1715 quod
563 1676 723 1715 oportet
747 1667 853 1715 ipsos
880 1666 1144 1703 ministerium
1170 1680 1285 1703 suum
1311 1667 1534 1709 defendere,

218 1725 451 1773 suffragium
492 1724 701 1773 spirituale
734 1727 841 1773 quod
882 1734 1022 1761 contra
1056 1727 1183 1761 Deum
1224 1724 1308 1773 ipse
1348 1725 1537 1762 iustificat

219 1784 259 1820 in
310 1783 511 1832 premium
563 1783 637 1819 sibi
689 1783 873 1831 accipere
925 1792 961 1819 et
1012 1783 1253 1831 generaliter
1304 1783 1535 1820 oracionem

220 1843 569 1887 sacramentalem,
595 1841 939 1878 ministracionem
970 1850 1006 1877 et
1035 1841 1359 1889 predicacionem
1395 1841 1535 1878 talium

220 1899 456 1936 Antichristi
480 1912 685 1936 servorum
711 1901 888 1946 credere,
913 1900 1004 1936 licet
1029 1901 1076 1936 de
1099 1900 1206 1936 facto
1237 1912 1280 1936 ex
1304 1900 1537 1936 testimonio

224 1958 315 1994 fidei
349 1967 385 1994 et
419 1967 652 1994 sanctorum
686 1967 846 2006 oportet
879 1958 1111 2006 oppositum
1148 1958 1319 1995 evenire.

666 2095 858 2136 SERMO
892 2096 1100 2137 XXXVII.

282 2191 412 2227 Niclzil
449 2198 623 2240 opertum
664 2191 765 2239 qnod
797 2204 869 2226 non
911 2191 1104 2227 reveletur
1136 2199 1171 2227 et
1210 2191 1397 2227 occultum
1439 2190 1540 2239 quod

224 2261 295 2285 non
327 2249 485 2285 sciatur.
520 2249 661 2285 Matth.
695 2250 763 2290 XO,
799 2251 864 2285 26.

282 2309 368 2344 Hoc
403 2307 650 2355 evangelium
685 2308 800 2343 docet
839 2319 909 2355 per
943 2319 1018 2355 que
1056 2307 1188 2343 media
1223 2306 1370 2343 Christi
1403 2319 1538 2343 servus

223 2367 272 2403 ad
307 2364 542 2413 martyrium
577 2367 803 2402 roboratur.
840 2364 974 2402 Primo
1002 2377 1095 2413 ergo
1119 2365 1310 2402 asseritur
1333 2377 1354 2401 a
1379 2364 1538 2401 Christo

224 2424 347 2460 nichil
371 2436 454 2460 esse
482 2432 666 2472 opertum
694 2424 756 2460 vel
784 2423 1049 2471 corporaliter
1072 2424 1132 2460 vel
1157 2422 1418 2472 spiritualiter
1442 2422 1537 2471 quin

224 2482 354 2530 ipsum
389 2483 596 2527 reveletur,
643 2481 737 2530 quia
781 2490 1138 2530 quantumcunque
1184 2481 1328 2518 callide
1362 2482 1539 2518 occulta-

295 2625 314 2644 1.
337 2615 420 2643 ADE
440 2616 470 2643 111
493 2624 610 2651 marga
633 2616 750 2651 Quarta
770 2617 840 2650 (A:)
862 2615 1031 2644 conclusio.
1140 2625 1168 2649 4.
1191 2615 1259 2643 mi:
1282 2624 1390 2644 omues
1411 2616 1537 2644 Christi.

225 2651 252 2678 8.
275 2651 342 2678 mi:
365 2659 423 2686 que
443 2651 480 2678 ad
502 2656 601 2678 totum
623 2653 691 2678 tale.
780 2660 808 2687 9.
831 2651 871 2678 D:
896 2652 1003 2687 ple1103
1025 2651 1064 2678 E:
1087 2650 1219 2686 plenius.
1308 2660 1347 2678 10.
1371 2651 1408 2678 13:
1431 2659 1539 2687 opera-

224 2687 328 2713 ciones
355 2687 523 2713 manuales.
667 2685 704 2714 13.
726 2687 770 2714 A:
799 2687 952 2713 violentis.
1097 2686 1132 2714 15.
1154 2687 1197 2713 A:
1226 2686 1315 2713 docet
1341 2687 1537 2714 christianus.

226 2729 264 2755 17.
285 2722 330 2748 A:
353 2723 501 2748 Sermone
520 2720 624 2751 vulo:
647 2721 686 2748 ib.
702 2723 746 2748 A:
770 2722 941 2748 subessent.
1017 2729 1058 2757 19.
1080 2721 1148 2748 DE:
1172 2726 1262 2748 caret.
1337 2729 1382 2748 20.
1405 2721 1444 2748 12:
1467 2729 1538 2748 con-

224 2756 303 2783 versi
325 2756 449 2783 faciunt.
523 2756 646 2783 21.1)13:
670 2761 800 2791 possunt
821 2764 981 2792 rumpere:
1004 2755 1043 2783 ib.
1060 2757 1104 2783 A:
1127 2757 1204 2783 hanc
1225 2756 1357 2783 ruinam.
1431 2764 1476 2789 ²4-
1494 2757 1536 2782 A:

225 2791 365 2825 speciale.
508 2789 553 2818 30.
575 2792 604 2818 A
624 2791 653 2818 111
676 2799 788 2826 marg:
824 2793 933 2819 Sermo
954 2790 1114 2824 xxxmh
1144 2791 1185 2818 ib.
1207 2792 1252 2818 A:
1286 2799 1339 2818 nec
1366 2791 1537 2823 occultum;

225 2826 264 2852 ib.
288 2825 355 2852 DE:
378 2830 403 2852 et
425 2825 652 2852 absconditum.

298 2910 349 2940 28.
377 2909 426 2941 Cf.
448 2909 606 2952 Wyclif's
633 2911 812 2952 Sermons,
840 2911 892 2942 ed.
920 2911 962 2953 by
981 2909 1128 2952 Arnoid,
1158 2912 1182 2951 i,
1201 2922 1278 2954 pag.
1305 2922 1492 2955 idi-wios

1619 497 1688 529 iiold
1712 512 1750 530 uo

1608 543 1761 573 properti.
