1986 3380
195 296 330 325 sERMo
353 286 415 344 tt]
671 295 884 329 SECUNDA
911 294 1036 325 PARS.

197 407 250 444 eis
285 408 439 443 lucrum
474 404 666 448 sonuerit,
707 402 909 450 accipiunt
949 399 1102 437 avidius
1142 398 1307 435 brachio
1341 398 1508 434 seculari

198 475 234 501 et
279 478 301 502 a
345 475 587 513 quocunque
635 462 742 510 quod
792 460 831 496 in
876 460 1055 496 laborem
1100 458 1159 494 vel
1198 455 1509 493 sollicitudinem

198 537 311 560 suam
347 521 525 559 sonuerit
558 520 830 567 supersedent.
868 518 945 553 Sed
971 517 1078 565 quod
1102 514 1236 552 ocium
1261 515 1363 550 foret
1387 514 1510 560 magis

198 580 470 629 dampnabile,
504 587 661 615 tantum
691 577 795 613 enim
829 576 887 612 rel
923 574 1096 623 amplius
1130 581 1221 610 ante
1255 571 1508 608 dotacionem

165 641 312 676 5erant
344 638 384 674 in
407 635 682 685 spiritualibus
707 634 884 682 obligati.
919 631 1188 669 Antichristus
1212 630 1375 679 quidem
1401 629 1515 678 fingit

199 699 306 745 quod
340 708 412 732 nec
446 695 547 730 foret
580 693 763 729 subditus
797 691 962 728 brachio
997 689 1167 727 seculari
1200 701 1273 725 nee
1306 686 1511 724 laboribus

197 756 257 791 vel
300 753 478 802 expensis
519 760 733 799 exponeret
778 763 817 786 se
850 750 910 786 vel
951 762 1020 785 sua
1060 761 1133 796 pro
1172 746 1316 795 patria,
1358 747 1425 782 sed
1470 758 1511 781 cx

198 813 382 849 libertate
407 809 617 858 dyabolica
641 808 841 856 acciperet
866 809 1020 844 lucrum
1038 806 1196 854 sapiens
1219 818 1301 841 non
1317 805 1510 840 laborem.

1722 282 1795 327 375

255 869 398 907 Tereia
431 881 550 905 causa
585 879 708 915 quare
748 865 861 902 civile
900 865 1123 901 dominium
1165 863 1269 911 sapit
1302 865 1752 911 peccatumLitigiousness
1773 866 1807 892 of

145 940 182 961 10
200 937 257 965 est
296 928 390 964 ista:
432 929 565 975 Ipsum
606 925 712 961 enim
752 924 889 960 innata
929 922 1115 971 cupidine
1154 934 1228 970 pro
1267 920 1513 969 acquirendo

199 999 244 1023 ac
290 985 541 1022 defendendo
587 982 804 1031 temporali
858 981 1039 1017 dominio
1094 980 1220 1016 eciam
1266 978 1514 1027 implicando

198 1044 392 1081 falsitates
425 1042 690 1091 particulares
724 1040 884 1089 exponit
918 1040 1075 1075 labores
1110 1047 1146 1074 et
1180 1045 1363 1085 sumptus
1397 1036 1516 1072 nimis

109 1093 184 1154 FOlg
198 1102 423 1151 superfluos
457 1102 504 1137 de
538 1099 653 1136 bonis
677 1098 854 1136 ecclesie.
890 1099 965 1134 Sed
999 1095 1196 1145 numquid
1225 1093 1228 1147 ξ
1259 1094 1516 1132 ecclesiastici

105 1138 166 1171 ²²5
199 1160 325 1197 nostri
360 1159 486 1196 dotati
521 1159 559 1194 in
594 1159 668 1194 hoc
703 1156 870 1194 crimine
904 1155 1113 1192 laborant?
1151 1153 1335 1202 Amplius
1369 1154 1517 1189 clamat

147 1218 403 1256 15cotidiana
462 1215 712 1265 experiencia
766 1216 873 1264 quod
932 1227 975 1250 ex
1028 1212 1193 1250 cautelis
1246 1211 1427 1248 sollicitis
1481 1220 1517 1247 et

200 1277 427 1326 sumptibus
480 1273 743 1311 inmoderatis
787 1286 869 1310 non
921 1272 1127 1321 prevalent
1172 1279 1312 1307 contra
1365 1270 1515 1306 clerum

201 1334 543 1384 possessionatum
578 1333 777 1369 seculares
811 1330 1013 1379 simplices
1036 1343 1108 1367 nec
1133 1329 1259 1366 eciam
1294 1328 1368 1376 ipsi
1392 1340 1516 1375 reges.

203 1393 243 1430 Si
277 1393 383 1430 enim
418 1391 649 1429 sollicitudo
683 1391 860 1427 humana
894 1390 1130 1425 habundans
1165 1386 1335 1436 pecunia
1367 1386 1427 1423 vel
1460 1386 1518 1421 in-

202 1451 398 1488 formacio
433 1451 530 1487 falsa
563 1448 689 1498 possit
721 1448 808 1485 iura
842 1449 1019 1484 humana
1051 1448 1292 1495 subvertere,
1326 1446 1364 1481 in
1399 1457 1518 1481 causa

145 1510 273 1546 20tali
317 1509 443 1546 eciam
490 1507 774 1556 possessionati
819 1505 994 1553 religiosi
1044 1505 1082 1541 in
1133 1505 1244 1541 nullo
1290 1503 1517 1539 deficerent.

204 1568 314 1604 Sicut
354 1580 392 1604 es
437 1568 544 1615 quod
590 1565 629 1601 in
673 1574 816 1601 natura
861 1577 931 1601 sua
971 1572 1029 1600 est
1074 1563 1261 1611 frigidum
1302 1570 1516 1610 postquam

203 1625 411 1662 incanduit
456 1625 544 1673 plus
591 1623 775 1669 ardescit,
822 1623 877 1659 sic
923 1621 1121 1670 cupiditas
1166 1619 1404 1657 clericorum
1451 1619 1518 1668 qui

205 1686 350 1720 debent
383 1684 472 1732 plus
505 1683 640 1730 quoad
675 1683 878 1718 mundana
911 1680 1123 1727 frigescere
1156 1687 1371 1727 postquam
1408 1677 1519 1714 inna-

204 1743 387 1779 turaliter
432 1741 558 1788 magis
604 1739 812 1777 canduerit
858 1751 901 1775 ex
946 1738 1034 1785 igne
1080 1737 1239 1786 dyaboli
1280 1735 1406 1784 magis
1451 1748 1519 1772 seu

147 1800 293 1850 25p1us
326 1800 510 1838 ardescit.

263 1861 416 1905 Quarta
446 1871 566 1895 causa
597 1865 654 1893 est
688 1855 917 1893 sollicitudo
951 1854 1184 1891 seculariter
1215 1852 1516 1890 dominancium

205 1917 311 1954 circa
344 1930 415 1954 sua
447 1915 688 1964 temporalia
721 1914 865 1950 affectu
898 1913 1125 1950 divinorum
1160 1910 1400 1960 postposito.
1441 1912 1517 1947 Sed

205 1976 293 2024 quis
338 1975 444 2012 circa
483 1974 579 2012 talia
617 1971 859 2021 temporalia
897 1980 954 2008 est
1000 1970 1126 2019 magis
1164 1969 1358 2006 sollicitus
1397 1981 1517 2017 quam

205 2033 380 2082 religiosi
426 2031 735 2081 possessionati?
780 2030 856 2067 Ubi
905 2029 1008 2066 enim
1064 2037 1122 2065 est
1174 2028 1304 2065 maior
1356 2027 1518 2076 cupido,

150 2093 190 2123 30
206 2091 435 2128 sollicitudo
459 2090 633 2139 amplior
657 2097 872 2133 exercetur,
908 2097 944 2124 et
968 2100 1058 2124 cum
1084 2087 1286 2135 primitiva
1319 2085 1519 2133 obligacio

208 2149 359 2186 ordinis
398 2163 443 2186 ac
476 2158 612 2186 votum
646 2146 917 2185 voluntarium
957 2147 1062 2182 ultra
1102 2146 1300 2182 seculares
1334 2152 1449 2181 sonat
1482 2143 1521 2179 in

205 2208 472 2245 voluntariam
498 2214 793 2256 paupertatem,
827 2213 937 2253 patet
960 2203 1099 2253 quanti
1130 2203 1193 2240 isti
1216 2202 1391 2251 religiosi
1416 2202 1521 2238 ultra

206 2267 405 2303 seculares
438 2265 564 2303 eciam
589 2276 797 2313 perversos
823 2265 1077 2311 degenerant.
1112 2261 1152 2298 Si
1177 2261 1282 2298 enim
1307 2259 1521 2297 distraccio

207 2338 229 2362 a
253 2323 602 2373 contemplacione
627 2332 663 2359 et
688 2320 1016 2358 consideracione
1040 2319 1245 2356 celestium
1271 2319 1310 2354 in
1333 2317 1521 2355 seculari-

151 2384 190 2416 35
207 2385 279 2419 bus
320 2392 376 2419 est
417 2383 630 2431 culpanda,
665 2388 815 2429 quanto
858 2378 984 2426 magis
1025 2378 1064 2414 in
1102 2377 1250 2414 nostris
1290 2376 1444 2413 clericis
1484 2383 1521 2412 et

207 2441 403 2489 religiosis
427 2439 734 2489 possessionatis
758 2437 825 2487 qui
849 2439 898 2474 ad
924 2437 1028 2472 istud
1052 2444 1238 2472 tenentur
1271 2435 1445 2483 amplius
1478 2446 1522 2470 ex

207 2499 468 2537 ordinacione
508 2498 640 2535 divina
674 2506 711 2534 et
743 2494 996 2544 obligacione
1029 2493 1256 2531 voluntaria
1294 2491 1522 2542 primitiva?

276 2677 301 2697 2.
323 2668 392 2696 DE:
414 2668 538 2704 quando
559 2668 706 2695 laborem.
781 2666 808 2693 6.
824 2667 869 2693 A:
892 2664 1019 2692 seculari
1041 2664 1134 2691 deest.
1209 2672 1236 2699 9.
1254 2664 1281 2691 A
1303 2671 1332 2691 ln
1355 2671 1469 2698 marga
1491 2661 1522 2695 3:

206 2705 230 2732 E
250 2705 281 2732 in
302 2712 416 2739 marg.:
438 2703 547 2731 Tercia
568 2711 669 2730 causa.
768 2709 808 2728 ιο.
830 2702 874 2727 A:
895 2701 998 2727 innata
1019 2698 1164 2734 cupidine
1185 2699 1278 2725 deest.
1372 2698 1409 2725 15.
1430 2698 1474 2725 A:
1496 2701 1524 2725 et

207 2748 267 2767 non
290 2747 335 2765 ex.
480 2746 521 2774 19,
542 2746 588 2765 20.
610 2738 653 2764 A:
676 2745 768 2764 causa
789 2735 878 2766 cleri:
908 2735 949 2762 ib.
972 2734 1040 2762 DE:
1064 2733 1215 2769 religiosi3
1245 2734 1285 2761 ib.
1307 2734 1350 2760 A:
1373 2733 1521 2760 deficeret.

206 2783 247 2802 21.
268 2775 312 2801 A:
336 2773 421 2801 Sicut
441 2773 540 2807 enim:
561 2773 600 2799 ib.
622 2772 646 2799 E
666 2772 695 2799 in
718 2779 831 2798 marra:
854 2770 1037 2805 Exemplum
1059 2769 1095 2796 de
1116 2777 1175 2796 ere.
1249 2775 1287 2801 21⁷
1309 2776 1352 2795 22.
1372 2768 1416 2795 A:
1440 2772 1523 2803 post-

207 2817 300 2844 quam
321 2808 449 2835 maduit.
505 2815 552 2842 24.
568 2809 612 2834 A:
634 2805 733 2840 magis
747 2791 901 2839 caderinn
922 2805 962 2832 ib.
977 2805 1022 2831 A:
1045 2803 1143 2838 magis
1164 2812 1216 2840 seu
1237 2803 1331 2830 deest.
1388 2802 1434 2829 26.
1449 2802 1522 2830 Ain

207 2852 322 2878 marg:
343 2852 379 2877 43
411 2843 433 2870 E
452 2842 483 2869 in
505 2850 619 2876 marga
651 2845 758 2877 quarta
779 2848 881 2867 causa.
1007 2846 1050 2874 27.
1072 2840 1115 2866 A:
1147 2838 1287 2865 affectum
1310 2837 1521 2864 dominorum.

208 2880 256 2906 28.
277 2878 342 2906 DE:
365 2877 513 2905 secularia
534 2881 589 2904 est.
669 2875 708 2903 31.
731 2875 799 2902 DE:
822 2879 873 2902 aut
892 2873 1112 2901 voluntarium.
1193 2872 1235 2900 32.
1257 2874 1301 2900 A:
1324 2871 1521 2907 pauperiem:

208 2915 249 2941 ib.
270 2913 340 2940 DE:
361 2920 453 2948 quam
474 2912 535 2939 isti.
609 2909 650 2938 33.
674 2910 741 2937 DE:
763 2915 790 2937 et
811 2917 985 2945 perversos.

1577 900 1625 926 the
1646 900 1758 935 clergy.

1546 1850 1710 1878 Excessive
1730 1858 1798 1877 care

1573 1886 1622 1913 for
1641 1885 1771 1921 worldly

1614 1920 1727 1956 things.
