1986 3380
211 290 347 320 SERMO
367 281 449 340 vn]
678 293 890 327 SECUNDA
919 292 1046 326 PARS.

205 401 507 448 sufficientibus,
558 399 745 437 iniuriam
797 400 890 437 facit
930 402 1014 436 Deo
1060 408 1097 437 et
1147 400 1229 437 eius
1274 400 1518 449 pauperibus

205 473 275 508 per
313 460 444 509 ipsum
483 460 533 496 ad
572 459 752 495 laborem
793 459 914 494 talem
948 458 1280 495 insufficientibus
1314 459 1380 506 qui
1414 460 1519 495 bona

205 518 276 553 Dei
300 517 446 565 accipit
469 517 509 553 in
533 515 835 552 mendicacione
858 515 990 552 valida
1014 525 1051 552 et
1076 517 1314 553 clamorosa.
1332 518 1446 553 Unde
1471 519 1520 552 ΙΙΗ

205 577 255 611 ad
287 575 467 612 Thessal.
509 576 591 620 1112,
627 575 649 610 8
690 573 828 610 scribit
860 575 1077 622 Apostolus
1117 575 1306 623 quomodo
1345 582 1522 624 oporteat

172 633 327 682 51'psum
368 634 403 669 in
442 633 513 669 hoc
550 632 697 667 imitari
739 631 986 677 laboricium;
1026 632 1218 681 quoniam,
1260 631 1402 680 inquit,
1449 645 1520 668 non

203 691 332 741 gratis
371 703 511 740 panem
558 689 876 726 manducavimus
914 690 960 726 ab
1009 689 1136 738 aliquo
1185 690 1254 726 sed
1304 689 1339 725 in
1391 690 1523 726 labore

204 761 248 784 ac
269 748 520 799 fatigacione
557 754 665 783 nocte
696 759 741 783 ac
780 748 839 783 die
860 747 1017 796 fuimus
1055 748 1289 793 laborantes,
1327 760 1373 783 ne
1412 760 1520 796 quem

205 814 373 842 vestrum
417 805 711 857 gravaremus?
749 806 911 853 Regula,
958 804 1137 854 inquam,
1186 804 1409 854 apostolica
1449 805 1522 840 fuit

205 867 262 911 (ut
297 863 531 912 exprimitur
563 862 603 899 in
637 864 778 899 eodem
818 862 1027 911 capitulo),
1068 864 1176 912 quod
1209 863 1243 900 si
1273 863 1356 912 quis
1387 862 1522 899 taliter

150 939 186 959 10
204 922 364 958 ociando
404 934 476 957 non
516 921 681 957 voluerit
722 921 916 967 laborare,
958 934 1030 957 non
1069 921 1284 957 manducet.
1324 922 1372 956 Et
1411 921 1521 957 racio

204 979 295 1016 fidei
326 981 401 1016 hoc
430 978 648 1024 convincit3
678 991 772 1015 narn
807 978 899 1015 licet
922 979 1082 1016 beacius
1105 979 1155 1016 sit
1179 980 1273 1015 dare
1297 978 1521 1027 spiritualia

204 1039 309 1074 dona
349 1037 421 1074 Dei
466 1050 587 1086 quam
626 1036 712 1085 ipsa
751 1037 945 1085 accipere,
985 1045 1264 1074 verumtamen
1301 1036 1521 1085 perfeccius

204 1105 262 1132 est
296 1095 504 1133 assistente
537 1094 839 1143 opportunitate
873 1095 1066 1144 temporis
1100 1096 1285 1132 laborare
1323 1094 1519 1140 manibus,

203 1163 245 1191 ut
275 1155 470 1191 habeatur
492 1155 598 1190 unde
620 1153 850 1189 tribuantur
882 1152 958 1190 ista
990 1153 1246 1202 pauperibus,
1281 1166 1401 1201 quam
1435 1152 1521 1201 ipsa

151 1218 226 1249 15a
258 1212 351 1249 viris
384 1211 675 1260 temporalibus
716 1211 958 1257 mendicare,
1001 1220 1038 1248 et
1077 1211 1244 1248 omnino
1284 1210 1425 1248 illicita
1464 1219 1521 1247 est

205 1269 456 1307 mendicacio
486 1269 619 1306 valida
653 1278 691 1305 et
723 1269 963 1306 clamorosa.

262 1330 376 1365 Unde
409 1327 534 1364 instar
566 1327 750 1375 Apostoli
782 1328 925 1364 fratres
959 1328 1104 1363 debent
1136 1326 1389 1375 interpolatis
1422 1336 1520 1363 tem-

204 1385 368 1434 poribus
407 1387 606 1431 laborare,
652 1394 868 1434 antequam
914 1385 992 1422 sint
1036 1385 1092 1421 sic
1138 1385 1303 1422 ecclesie
1347 1384 1519 1421 onerosi.

205 1443 374 1480 Onerosi
414 1443 517 1490 dico⁷
558 1443 653 1492 quia
693 1452 866 1491 quatuor
904 1443 1065 1480 ordines
1104 1443 1271 1479 fratrum
1314 1445 1461 1480 habent
1499 1455 1522 1479 a

147 1517 188 1540 20
205 1501 404 1550 probabili
449 1501 489 1537 in
527 1500 672 1548 Anglia
716 1502 803 1549 plus
849 1514 969 1549 quam
1016 1501 1124 1537 mille
1170 1501 1324 1538 animas
1368 1501 1521 1537 validas

204 1560 245 1596 in
282 1558 470 1608 potencia
509 1558 724 1607 corporali,
761 1568 797 1595 et
837 1571 927 1595 cum
962 1558 1129 1607 quilibet
1163 1571 1301 1595 eorum
1336 1558 1522 1607 expendit

205 1618 412 1655 annuatim
443 1619 491 1654 de
521 1629 642 1665 regno
672 1616 832 1653 iuvante
862 1616 1017 1665 reliquo
1047 1625 1206 1653 centum
1237 1617 1401 1663 solidos,
1427 1616 1521 1665 quia

205 1676 329 1725 aliqui
359 1684 521 1712 centum
552 1687 722 1721 marcas,
746 1683 856 1723 patet
879 1676 988 1723 quod
1011 1675 1158 1711 habent
1180 1674 1221 1710 in
1244 1674 1382 1723 paucis
1406 1674 1520 1711 annis

205 1735 253 1771 de
282 1747 403 1782 regno
428 1734 516 1782 plus
540 1746 661 1782 quam
692 1742 851 1770 centum
884 1732 1008 1769 millia
1038 1732 1252 1779 librarum3
1290 1734 1398 1781 quod
1429 1745 1519 1769 cum

148 1799 187 1832 25
205 1802 367 1841 captum
409 1791 528 1828 fuerit
561 1792 607 1827 de
641 1791 773 1839 egenis
806 1804 876 1840 per
907 1791 1080 1837 fraudes,
1114 1800 1224 1840 patet
1256 1792 1365 1839 quod
1397 1802 1520 1838 regno

204 1859 295 1887 sunt
324 1849 495 1888 nimium
524 1849 696 1886 onerosi.
737 1852 839 1886 Nam
865 1851 922 1896 (ut
946 1857 1111 1886 narrant
1134 1847 1313 1901 cronice)
1337 1857 1520 1897 tempore

203 1908 414 1957 Augustini
457 1908 679 1956 Anglorum
730 1907 908 1956 episcopi
960 1916 1072 1944 erant
1117 1908 1250 1956 plures
1295 1920 1417 1956 quam
1462 1906 1520 1943 illi

204 1966 392 2003 monachi
426 1967 473 2002 de
505 1978 607 2014 puro
640 1965 850 2012 laboricio,
883 1978 964 2002 non
998 1967 1046 2002 de
1079 1965 1417 2014 appropriacione
1450 1967 1519 2002 bo-

203 2038 348 2062 norum
398 2023 509 2072 regni
551 2024 613 2060 vel
657 2023 918 2060 ecclesiarum
962 2032 1031 2060 aut
1077 2023 1381 2060 mendicacione
1426 2032 1520 2060 tunc

147 2090 188 2121 30
203 2082 364 2119 insolita
396 2081 619 2119 sustentati.

263 2142 296 2178 O
342 2153 464 2190 quam
507 2152 746 2188 prosperum
792 2140 894 2177 foret
938 2152 1104 2188 regnum
1151 2139 1191 2176 in
1230 2139 1366 2176 multis
1404 2140 1519 2176 terris

203 2199 406 2235 sterilibus
448 2207 640 2235 novatum
686 2207 729 2234 ut
772 2206 902 2244 antea,
947 2197 979 2234 si
1024 2210 1163 2234 omnes
1212 2198 1354 2234 fratres
1397 2198 1519 2235 validi

204 2266 240 2293 et
273 2257 434 2293 aliunde
467 2255 545 2293 ocii
578 2256 764 2293 similiter
795 2257 1040 2293 laborarent.
1080 2259 1162 2293 Nec
1196 2265 1253 2292 est
1287 2256 1518 2304 fingendum

203 2317 311 2364 quod
340 2328 411 2363 per
440 2323 568 2351 artem
598 2314 854 2352 alchimicam
884 2323 952 2351 aut
975 2313 1207 2351 missionem
1231 2313 1518 2351 miraculosam

146 2382 184 2414 35
202 2374 307 2410 ultra
330 2371 534 2410 Christum
564 2381 601 2409 et
630 2385 724 2410 suos
753 2373 959 2421 apostolos
988 2374 1035 2409 de
1065 2372 1160 2410 celis
1188 2381 1248 2409 tot
1277 2372 1519 2421 temporalia

269 2508 294 2537 3.
316 2509 361 2537 A:
382 2510 530 2537 clamosa.
672 2509 696 2538 5.
717 2508 787 2536 DE:
810 2508 873 2544 qui,
894 2508 1003 2548 inquit.
1044 2543 1048 2547 ²
1143 2508 1171 2535 6.
1191 2509 1236 2536 A:
1259 2507 1516 2546 mendicavimuhs.

201 2552 241 2572 10.
263 2544 331 2571 DE:
353 2544 512 2580 operando
532 2544 675 2572 noluerit.
743 2552 776 2571 11.
798 2544 838 2570 E:
860 2548 919 2576 est;
942 2543 1022 2570 1b.E
1042 2551 1071 2570 m
1094 2551 1208 2578 marg.:
1227 2543 1319 2571 Nota.
1385 2551 1424 2571 12.
1441 2543 1466 2571 D
1487 2551 1518 2569 111

201 2587 313 2614 marg:
341 2579 421 2607 Dare
442 2579 566 2607 beacius
586 2587 679 2614 quam
702 2578 848 2613 accipere.
993 2577 1029 2605 13.
1052 2578 1121 2606 DE:
1149 2579 1382 2613 opportunitate
1402 2579 1516 2606 labore.

200 2621 241 2647 14.
262 2616 307 2641 A:
330 2614 380 2641 illa
401 2614 599 2650 pauperibus.
674 2614 715 2642 16.
737 2614 782 2640 A:
804 2614 950 2641 clamosa.
1026 2614 1065 2641 18.
1081 2615 1125 2642 A:
1148 2614 1234 2641 sicut.
1308 2613 1352 2641 23.
1374 2613 1443 2641 DE:
1464 2611 1517 2640 ali-

200 2649 285 2683 quis3
315 2649 355 2676 ib.
376 2649 405 2676 A
433 2648 464 2676 in
492 2657 606 2684 marg.:
636 2649 717 2676 Nota
747 2657 842 2684 quare
871 2648 979 2675 fratres
1012 2654 1083 2676 sunt
1112 2648 1253 2682 onerosi;
1285 2648 1310 2675 D
1339 2649 1371 2676 in
1402 2657 1516 2683 marg:

199 2683 343 2711 Fratrum
365 2683 475 2711 divicie
495 2684 525 2711 in
545 2684 667 2719 Anglia.
793 2691 841 2718 24.
864 2684 906 2710 A:
930 2687 957 2709 et
978 2691 1058 2711 cum.
1180 2683 1223 2711 25.
1245 2684 1284 2711 E:
1307 2691 1401 2719 regno
1422 2683 1516 2710 deest.

200 2718 246 2746 26.
269 2718 336 2745 DE:
359 2718 434 2753 sint;
458 2718 588 2746 nimium
610 2718 704 2746 deest.
785 2726 831 2752 27.
852 2719 896 2746 A:
920 2726 1013 2754 quam
1035 2718 1077 2746 illi
1098 2727 1191 2754 quam
1213 2717 1265 2746 illi.
1341 2726 1388 2755 29.
1409 2718 1479 2746 DE:
1501 2727 1517 2745 a

200 2753 442 2780 mendicacione.
532 2752 579 2781 30.
598 2754 642 2780 A:
665 2758 717 2780 aut
736 2753 877 2785 insolita;
908 2753 949 2780 ib.
971 2753 1011 2780 13:
1035 2757 1213 2781 sustentate.
1313 2752 1352 2781 31.
1374 2754 1418 2781 A:
1439 2753 1517 2780 foret

200 2787 301 2822 deest;
329 2787 370 2815 ib.
391 2788 460 2815 DE:
482 2792 510 2815 et
530 2788 645 2815 multis.
718 2787 762 2816 32.
783 2789 828 2815 A:
851 2793 948 2815 antea.

272 2869 324 2891 20.
343 2859 395 2892 Cf.
416 2860 466 2891 De
483 2858 626 2903 Triplici
648 2861 799 2892 Vinculo
818 2861 872 2891 ed.
892 2861 1133 2901 Buddensieg,
1153 2870 1231 2902 pag.
1252 2858 1366 2905 192s3‚
1384 2859 1516 2899 where,

202 2904 382 2946 however,
399 2906 460 2938 the
478 2906 689 2938 calculation
711 2906 738 2938 is
759 2907 845 2950 only
863 2906 918 2938 for
935 2917 1004 2938 one
1023 2917 1116 2950 year.
1138 2907 1188 2939 Cf.
1201 2907 1324 2946 Trial„
1341 2916 1420 2949 pag.
1440 2905 1515 2948 369.

1355 2974 1379 3005 4

1758 296 1810 333 49

1586 925 1609 951 It
1631 925 1656 951 is
1678 933 1763 952 more

1546 960 1659 994 perfect
1680 965 1710 987 to
1730 968 1800 987 carn

1549 1003 1660 1031 money
1681 995 1728 1021 sor
1749 999 1798 1022 the

1563 1038 1641 1064 poor
1661 1030 1731 1057 than
1754 1035 1784 1056 to

1556 1065 1610 1099 bega
1631 1065 1678 1091 for
1698 1065 1790 1091 them.

1576 1343 1661 1382 cos-t·
1673 1344 1707 1371 of
1723 1344 1773 1370 the

1626 1381 1726 1405 triars.

1563 2152 1629 2180 The
1649 2157 1778 2189 country

1542 2188 1645 2215 would
1669 2196 1741 2223 pros
1753 2197 1798 2215 wer

1585 2222 1611 2249 if
1627 2223 1697 2258 they
1718 2224 1742 2250 al

1603 2258 1739 2284 worked.
