1986 3380
196 300 210 334 ’3
230 301 272 334 ;‹·.
774 314 995 345 *romnis
1020 316 1049 343 xx
1067 315 1200 346 rcrir
1222 316 1475 348 §HRMONUM
1520 303 1673 361 [SERMO
1691 315 1786 342 XMV

480 420 717 466 roluptuose
741 420 1007 456 sensualitati>
1038 421 1207 457 excussis
1231 422 1392 458 latebris
1422 423 1504 459 istis
1530 424 1798 461 cardinalibus

479 478 744 525 predicabant·
784 479 940 525 publice
979 491 1095 527 super
1134 487 1242 515 tecta.
1292 481 1403 517 Patet
1444 491 1571 517 toturn
1613 482 1717 518 istud
1756 495 1798 519 ex

481 535 635 571 actibus
686 537 961 583 apostolorum
1010 547 1098 584 post
1151 538 1425 574 ascensionem
1475 540 1633 576 Domini
1680 550 1715 576 et
1760 541 1797 576 in

482 602 566 629 toto
624 605 738 629 cursu
801 603 1020 641 martyrum
1088 595 1300 635 inclusive:
1353 606 1388 633 et
1449 597 1521 634 ista
1573 599 1798 636 declaracio

482 651 735 699 particularis
775 653 876 688 factu
918 666 986 699 per
1020 654 1152 689 lumen
1188 654 1390 690 Christum
1433 665 1469 691 et
1502 656 1584 692 eius
1620 658 1798 693 membra

482 709 726 757 prenosticat
773 710 1034 746 univers-alem
1085 712 1405 749 declaracionem
1445 714 1618 750 futuram
1659 714 1697 750 in
1737 715 1799 751 die

217 774 376 815 'iiie-light
399 780 428 801 ol
482 767 631 803 iudicii.
657 769 732 803 Sed
759 769 832 803 heu
858 768 1069 805 rutilancia
1094 770 1210 806 huius
1230 771 1391 807 luminis
1410 784 1500 808 curn
1519 771 1700 808 scintillis
1718 773 1799 809 suis

220 809 432 871 (jssssffissssnffifff
482 823 682 873 prioribus
707 838 811 861 nunc
837 826 898 862 hic
924 826 1071 863 occidit
1095 829 1152 864 vel
1177 841 1257 865 non
1281 829 1398 874 lucet,
1424 829 1516 878 quia
1540 830 1797 879 emisperium

332 877 337 879 “
482 892 661 919 nostrum
698 893 753 919 est
788 885 947 931 plenum
984 885 1093 921 sumo
1127 887 1324 934 superbie,
1359 887 1587 924 exalacione
1621 889 1796 925 terrestri

482 941 652 978 avaricie
692 951 727 978 et
761 942 926 979 nubium
962 943 1183 980 carnalium
1218 954 1458 993 tempestate
1490 946 1549 982 vel
1584 946 1798 986 densitate:

483 999 572 1035 ideo
606 1000 660 1035 sol
698 1000 852 1036 iusticie
879 1013 957 1037 non
984 1001 1182 1039 illuminat
1208 1012 1385 1040 nostram
1413 1003 1671 1040 habitabilem
1697 1004 1798 1041 sicut

483 1058 626 1105 primo,
660 1071 752 1094 nam
789 1058 862 1095 ista
895 1059 969 1095 tria
1005 1069 1261 1108 peccatorum
1297 1073 1441 1109 genera
1470 1061 1589 1098 nimis
1623 1064 1796 1099 obstant.

209 1124 266 1162 11)·
288 1124 360 1150 need
386 1128 434 1149 1101
539 1118 585 1151 Et
626 1129 714 1152 cum
757 1129 799 1152 ex
839 1117 954 1154 dictis
988 1118 1134 1154 Christi
1175 1129 1211 1155 et
1249 1119 1431 1167 superius
1473 1120 1684 1157 declaratis
1722 1120 1797 1158 ista

224 1159 428 1229 ssffifsscssssfsssfllgf'
481 1174 641 1221 vulpina
688 1175 874 1211 vecordia
921 1185 956 1212 et
1001 1176 1123 1212 timor
1167 1177 1318 1214 servilis
1364 1179 1479 1214 debet
1527 1178 1667 1225 excuti,
1708 1179 1797 1216 ideo

482 1232 664 1268 Christus
710 1233 930 1280 subiungit:
974 1235 1070 1270 Dico
1109 1243 1234 1271 autem
1277 1237 1380 1272 vohis
1419 1237 1551 1273 amicis
1590 1237 1703 1274 meis:
1741 1238 1798 1273 Ne

481 1291 708 1326 terreamini
743 1292 788 1327 ab
828 1292 900 1328 hiis
938 1293 1002 1340 qui
1038 1293 1213 1329 occidunt
1252 1306 1394 1343 corpus
1431 1302 1465 1330 et
1500 1302 1588 1344 post
1626 1295 1693 1331 hec
1725 1309 1797 1331 non

481 1350 617 1384 liabent
656 1350 823 1398 amplius
861 1350 952 1398 quid
973 1352 1139 1400 saciant.
1188 1353 1294 1388 ldern
1342 1352 1447 1388 enim
1487 1353 1589 1389 foret
1630 1354 1677 1390 de
1723 1352 1798 1389 illis

480 1407 619 1443 terreri
672 1416 708 1443 et
754 1409 801 1444 de
853 1410 994 1445 umbra
1047 1422 1090 1445 ex
1137 1410 1305 1447 fantasia
1351 1410 1524 1448 instabili
1577 1412 1796 1448 secundum

479 1465 680 1513 gigantem
725 1466 783 1502 vel
837 1466 1077 1503 immensum
1127 1469 1358 1505 demonium
1411 1469 1658 1517 sompniata3
1704 1481 1796 1506 nam

480 1524 578 1560 tales
625 1524 757 1560 hostes
798 1525 979 1572 corporis
1017 1539 1096 1562 non
1138 1536 1305 1575 possunt
1344 1527 1432 1575 plus
1477 1539 1622 1564 nocere
1667 1527 1798 1564 amico

480 1582 627 1619 Christi
653 1581 690 1617 in
719 1578 723 1636 Ι
752 1582 898 1619 virtute
923 1585 1122 1621 constanti
1142 1597 1261 1634 quam
1287 1585 1382 1621 talia
1400 1586 1630 1634 ymaginata
1653 1595 1799 1622 nocent

481 1640 684 1688 dispositis
726 1640 765 1676 in
799 1642 964 1678 cerebro
998 1651 1035 1679 et
1067 1643 1280 1679 virtutibus
1313 1656 1402 1680 cum
1438 1643 1642 1692 spiritibus
1677 1644 1798 1680 sensi—

479 1699 581 1735 tivis.
617 1701 717 1735 Nam
752 1699 859 1736 iuxta
893 1699 1010 1736 fidem
1046 1702 1168 1738 homo
1201 1701 1367 1738 interior
1396 1711 1453 1738 est
1481 1701 1798 1749 incorruptibilis

480 1769 596 1805 quem
628 1757 726 1793 tales
756 1757 946 1794 satellites
974 1771 1054 1795 non
1085 1768 1251 1807 possunt
1281 1759 1477 1805 occidere,
1504 1769 1540 1797 et
1565 1760 1648 1808 ipse
1679 1761 1798 1797 habet

480 1815 718 1851 intrinsecus
768 1818 987 1852 secundum
1043 1818 1225 1855 raciones
1279 1817 1540 1866 spiritualiter
1584 1818 1797 1855 seminales

479 1873 615 1909 omnia
647 1875 828 1910 membra
859 1875 1040 1923 corporis
1071 1888 1193 1924 usque
1217 1878 1265 1913 ad
1291 1876 1397 1913 diem
1422 1876 1557 1912 iudicii
1582 1885 1795 1922 reservata,

480 1941 516 1967 et
554 1940 648 1967 tunc
694 1941 859 1980 propter
904 1934 1230 1980 persecucionem
1276 1934 1488 1982 gloriosius
1533 1934 1718 1982 prodient
1757 1934 1796 1970 in

480 1989 633 2026 effectu.
676 1989 773 2035 Quis
810 1991 936 2038 (ergo)
977 1992 1134 2040 sapiens
1168 1993 1327 2029 timeret
1360 1992 1678 2030 occultacionem
1712 2001 1793 2029 tarn

480 2047 695 2095 gloriosam
727 2048 903 2084 thesauri
927 2058 1007 2086 tam
1039 2050 1251 2087 salubriter
1275 2060 1312 2087 et
1336 2064 1425 2088 cum
1450 2059 1561 2087 tanto
1591 2059 1795 2088 cremento

1817 662 1832 694 5

1820 963 1856 984 10

1819 1243 1853 1274 15

1815 1542 1856 1564 20

1817 1625 1888 1656 Fol.

1816 1681 1879 1715 2¹9

1814 1823 1853 1854 25

204 2111 254 2137 but
275 2112 346 2148 only
370 2112 449 2140 flod.
480 2105 644 2142 fervoris
668 2106 885 2143 occultati?
910 2108 1013 2144 Deus
1037 2117 1170 2144 autem
1197 2121 1239 2145 ex
1262 2109 1520 2146 vehemencia
1543 2108 1603 2145 sui
1627 2108 1795 2145 dominii
1813 2111 1854 2144 30

480 2172 536 2200 est
569 2164 789 2204 timendus:
824 2164 907 2212 ipse
941 2165 1047 2202 enirn
1082 2168 1199 2203 habet
1233 2176 1471 2215 potestatem
1505 2179 1624 2215 super
1656 2179 1795 2215 perpe-

479 2222 620 2259 tuitate
671 2222 852 2270 corporis
904 2233 940 2260 et
985 2224 1118 2262 anime
1162 2234 1243 2262 tarn
1298 2227 1347 2262 ad
1401 2234 1579 2262 eternam
1624 2224 1793 2273 gloriam

480 2280 760 2328 premiandum
801 2293 921 2330 quam
969 2284 1017 2318 ad
1057 2295 1199 2331 penam
1242 2292 1477 2332 perpetuam
1518 2283 1793 2320 cruciandum.

480 2339 570 2375 Ideo
595 2351 684 2374 cum
709 2339 840 2376 omnis
864 2339 985 2376 timor
1018 2341 1153 2377 referri
1187 2343 1303 2378 debet
1336 2343 1386 2378 ad
1418 2340 1563 2390 ipsum,
1598 2340 1653 2378 sic
1686 2342 1793 2390 quod

479 2410 558 2433 non
598 2406 656 2433 est
688 2397 842 2434 validus
881 2398 956 2435 nisi
996 2399 1043 2435 de
1076 2408 1227 2448 quanto
1265 2399 1330 2436 ille
1372 2399 1500 2448 ipsum
1535 2399 1724 2436 terminat
1756 2407 1793 2436 et
1809 2401 1850 2434 35

480 2463 675 2503 acceptat,
706 2464 815 2503 patet
839 2458 946 2504 quod
976 2457 1106 2493 omnis
1137 2457 1376 2494 christianus
1400 2458 1516 2494 debet
1539 2456 1793 2506 singulariter

550 2599 568 2619 t.
590 2593 634 2619 A:
657 2599 817 2623 excessus:
838 2591 878 2619 ib.
895 2591 963 2619 Dli:
984 2591 1168 2620 carnalibus.
1234 2593 1262 2619 6.
1284 2592 1328 2620 A:
1351 2591 1593 2620 decimacionem
1615 2596 1642 2619 et
1664 2592 1791 2631 liguram

481 2627 508 2653 in
531 2627 589 2654 die.
653 2634 677 2661 7.
699 2627 743 2654 A:
767 2625 947 2658 1·utilantiii·;
969 2625 1008 2654 ib.
1025 2626 1093 2654 DE:
1115 2626 1179 2654 sine
1202 2626 1352 2654 scintillis.
1417 2626 1444 2653 8.
1466 2627 1509 2654 A:
1532 2634 1586 2654 nee
1607 2626 1671 2657 hic:
1692 2626 1732 2654 ib.
1748 2627 1791 2655 A:

479 2661 561 2697 quod
584 2669 656 2689 non.
730 2669 760 2697 9.
782 2661 826 2688 A:
849 2660 887 2688 sit
908 2662 1044 2697 plenum.
1128 2669 1157 2689 10
1189 2661 1232 2689 A:
1255 2665 1436 2701 tempestate
1457 2661 1502 2688 vel
1525 2660 1625 2696 deest3
1655 2661 1695 2689 ib.
1717 2660 1742 2689 E
1761 2660 1790 2689 in

479 2704 546 2723 mar
570 2706 592 2723 .:
613 2695 689 2723 Tria
711 2700 833 2730 peccata
854 2695 972 2724 mundi.
1093 2704 1135 2730 14.
1156 2696 1226 2724 DE:
1247 2700 1378 2724 timoris.
1505 2695 1546 2724 16.
1566 2696 1611 2724 A:
1655 2700 1704 2724 ost
1724 2696 1791 2724 hoc.

479 2739 518 2765 17.
577 2740 583 2758 :
605 2729 685 2758 enim
709 2730 802 2757 deest.
900 2738 942 2767 ¹9-
963 2731 1008 2759 A:
1029 2731 1075 2759 vel
1098 2739 1258 2765 mensum;
1288 2730 1328 2758 ib.
1350 2730 1392 2758 D:
1413 2730 1612 2770 sompniatiffi
1630 2739 1660 2758 ⁴:
1683 2739 1789 2770 somp-

479 2765 566 2793 niari.
641 2771 682 2792 22.
705 2765 773 2793 DE:
795 2765 824 2793 in
847 2764 941 2793 deest.
1021 2764 1065 2793 23.
1086 2765 1129 2793 D:
1150 2765 1372 2801 incorporalis;
1394 2765 1418 2793 E
1436 2765 1585 2793 correxit:
1606 2769 1792 2802 incorrupti—

480 2800 558 2828 bilis.
644 2807 690 2834 24.
712 2799 736 2827 E
756 2799 785 2828 in
808 2807 923 2839 marga
943 2800 1034 2828 Nota.
1125 2800 1168 2828 25.
1189 2801 1234 2828 A:
1257 2800 1395 2828 raciones
1415 2800 1512 2828 twice.
1597 2799 1642 2828 28.
1663 2801 1707 2828 A:
1729 2804 1788 2828 tam

479 2835 572 2862 deest.
630 2833 676 2862 30.
692 2834 760 2863 DE:
783 2834 915 2869 fenoris;
937 2835 977 2863 ib.
993 2835 1066 2872 Ab}
1089 2835 1252 2863 occultato.
1308 2833 1351 2870 32,
1367 2834 1409 2863 33.
1426 2836 1470 2863 A:
1491 2839 1594 2864 eterna
1613 2835 1728 2875 gloria.
1743 2856 1748 2861 .
1763 2856 1788 2862 ..

481 2878 555 2904 pena
578 2873 733 2906 perpetua.
808 2868 853 2902 5³1.
875 2870 919 2897 A:
941 2870 1022 2905 qnod
1045 2870 1127 2897 Dens
1148 2874 1202 2897 est.
1275 2869 1317 2897 35,
1341 2870 1384 2898 A:
1406 2869 1441 2897 de
1463 2878 1523 2905 quo
1545 2869 1610 2905 ipse
1631 2870 1728 2897 illum.

553 2943 601 2974 15.
631 2943 744 2974 Lucae
771 2942 842 2976 ΧΗ,
868 2954 899 2982 4..

1884 1671 1896 1686 1·
