1986 3380
155 292 231 329 208

183 1398 214 1424 lll
236 1400 397 1424 treatment

171 1437 223 1459 not
244 1440 259 1458 a
280 1431 398 1470 ground

188 1468 236 1494 for
257 1467 391 1493 dix'orce.

164 1919 189 1948 3.
212 1920 340 1947 Parents
362 1918 419 1945 and

218 1955 366 1982 children.

714 297 938 329 JOHANNIS
961 295 1141 327 wvciir
1159 294 1414 327 sssamouun
1444 280 1597 339 [SERMO
1613 289 1752 319 xxvni.

500 404 831 450 Quandocumque
876 402 1037 450 quidam
1086 402 1261 449 prelatus
1306 401 1484 449 precepit
1528 400 1749 437 subiectum

442 461 569 497 facere
599 463 705 509 quod
730 474 809 496 non
834 470 889 496 est
915 459 1141 507 expedicius
1165 460 1224 495 vic
1247 472 1315 495 sue
1339 468 1375 495 et
1402 461 1484 495 Deo
1510 458 1750 506 pluccncius,

441 528 578 566 peccat
619 519 802 565 graviter.
849 519 924 554 Sed
967 517 1060 566 quid
1100 517 1172 554 scit
1218 517 1301 565 ipse
1347 518 1421 553 hoc
1467 518 1514 552 dc
1559 516 1750 558 subiecto,

440 577 550 612 cuius
584 586 729 613 statum
766 586 800 612 et
834 575 955 612 vitam
990 575 1160 622 ignorat,
1195 588 1283 611 cum
1320 576 1394 611 hoe
1429 576 1569 610 crebro
1602 573 1753 610 nesciat

440 636 487 670 de
521 647 559 670 se
605 635 713 682 ipso}
761 635 852 670 ldeo
897 635 1116 669 secundum
1152 632 1297 669 Christi
1344 633 1518 679 regulam
1567 632 1628 668 cui
1673 644 1754 667 non

441 692 531 728 licet
567 692 844 728 contradicere
878 693 993 727 debet
1027 691 1194 739 quilibet
1227 691 1356 727 viator
1389 690 1576 726 continue
1610 688 1752 726 mereri

441 760 476 786 et
511 750 652 798 spiritu
687 750 834 786 Christi
868 749 977 794 duci3
1010 762 1103 786 nam
1141 751 1283 785 ductus
1313 748 1377 784 ille
1402 761 1481 784 non
1507 747 1654 793 deficit,
1679 747 1753 782 nisi

441 817 630 856 peccator
663 820 815 856 ponens
848 808 1005 843 obicem
1039 807 1087 843 sit
1122 807 1161 843 in
1194 819 1326 843 causa.
1362 807 1453 842 Ideo
1488 807 1627 841 durum
1657 805 1754 841 iudi-

440 868 537 903 cium
558 866 632 916 fiet
665 866 750 902 istis
783 866 947 914 prelatis
972 865 1038 914 qui
1063 865 1119 901 sic
1145 878 1235 901 cece
1260 864 1502 913 precipitant
1525 877 1566 900 se
1591 873 1626 900 et
1649 876 1754 899 suos.

500 928 539 961 ln
580 923 803 972 coniugatis
848 933 981 960 autem
1027 936 1106 959 non
1152 923 1207 959 sic
1250 932 1399 959 temere
1444 921 1629 969 obligatis
1673 921 1757 957 istis

440 982 617 1019 consiliis
650 991 810 1030 oportet
843 981 969 1017 virum
995 981 1184 1029 precipue
1209 982 1398 1017 mandata
1422 980 1493 1016 Dei
1517 991 1757 1027 cognoscere

443 1050 479 1077 et
512 1054 675 1077 uxorem
708 1041 768 1076 vel
809 1041 858 1076 ab
897 1039 1188 1076 informacione
1227 1038 1406 1086 coniugis
1444 1039 1504 1075 vel
1543 1051 1564 1074 a
1598 1037 1758 1073 Christo

443 1100 634 1136 mandata
689 1098 759 1134 Dei
813 1110 1065 1145 cognoscere.
1122 1098 1213 1133 Ideo
1268 1098 1432 1133 mandat
1486 1095 1666 1132 Christus
1720 1094 1759 1130 in

442 1170 514 1193 suo
547 1157 742 1205 Apostolo
775 1156 880 1192 viros
914 1168 1005 1192 suas
1044 1168 1186 1191 uxores
1226 1155 1264 1191 in
1304 1154 1471 1191 caritate
1511 1153 1676 1201 diligere
1722 1162 1758 1189 et

442 1228 522 1252 non
569 1215 655 1251 illas
700 1227 837 1250 amare
881 1222 1068 1250 tractare.
1116 1214 1182 1249 Ille
1236 1221 1368 1249 autem
1423 1224 1559 1249 amare
1611 1219 1758 1248 tractat

442 1286 604 1310 uxorem
640 1272 707 1321 qui
741 1281 886 1308 tractat
920 1284 1007 1308 eam
1042 1271 1304 1308 irreverenter
1337 1279 1378 1306 ut
1412 1270 1613 1316 ancillam,
1655 1281 1759 1305 nunc

441 1333 623 1368 verberat
655 1343 762 1367 nunc
795 1329 992 1367 conviciat
1025 1338 1061 1366 et
1099 1342 1204 1366 nunc
1243 1330 1292 1365 ad
1332 1337 1542 1377 peccatum
1582 1327 1759 1364 inclinat.

442 1391 730 1426 Verumtamen
763 1401 853 1425 cum
899 1396 985 1424 toto
1034 1387 1109 1424 isto
1142 1396 1316 1424 tractatu
1362 1399 1443 1423 non
1474 1386 1630 1423 videtur
1664 1384 1760 1421 mihi

444 1446 746 1484 matrimonium
781 1447 926 1483 debere
958 1445 1132 1491 dissolvi,
1167 1458 1256 1482 curn
1291 1457 1384 1493 sepe
1416 1445 1590 1481 salvatur
1621 1443 1679 1480 vir
1704 1443 1760 1478 in-

444 1505 571 1542 fidelis
612 1517 682 1553 per
727 1504 935 1540 mulierem
979 1504 1151 1549 fidelem,
1198 1512 1235 1540 et
1281 1502 1423 1539 mulier
1467 1515 1510 1539 ex
1554 1500 1760 1550 paciencia

444 1563 601 1608 iniurie‚
634 1564 743 1599 salvo
776 1574 935 1610 semper
966 1563 1074 1610 quod
1105 1574 1187 1598 non
1210 1560 1439 1598 consenciat
1462 1562 1511 1597 ad
1535 1568 1759 1608 peccatum,

443 1621 538 1658 vivit
571 1620 777 1657 meritorie
809 1620 849 1656 in
880 1633 974 1657 vero
999 1619 1259 1656 matrimonio
1282 1628 1323 1655 ut
1348 1620 1522 1655 deberet.
1557 1617 1643 1654 Istis
1667 1630 1761 1665 ergo

446 1678 681 1727 coniugibus
732 1687 814 1715 tam
867 1678 1106 1726 generaliter
1158 1690 1278 1726 quam
1333 1676 1594 1724 spiritualiter
1647 1677 1762 1712 debet

445 1737 646 1786 predicari
678 1737 880 1774 vinculum
915 1735 1092 1773 caritatis
1126 1744 1161 1772 et
1195 1735 1261 1773 alii
1295 1747 1408 1771 casus
1437 1734 1581 1783 privati
1606 1733 1764 1782 exigunt

447 1795 639 1844 speciales
673 1794 930 1832 condiciones
965 1803 1001 1830 et
1035 1793 1201 1830 consilia
1234 1793 1460 1841 evangelica
1492 1801 1626 1841 preter
1657 1793 1762 1840 leges

449 1854 623 1902 privatas
657 1854 705 1890 de
738 1852 991 1901 sponsalibus
1024 1852 1288 1888 introductas.

505 1912 649 1957 Quoad
683 1911 850 1947 tercium
876 1910 1011 1959 iugum
1036 1909 1188 1946 scilicet
1212 1909 1313 1946 inter
1336 1917 1522 1957 parentes
1548 1916 1584 1945 et
1607 1908 1760 1956 prolem

446 1982 559 2006 suam
594 1969 674 2005 sive
707 1970 754 2005 de
787 1981 879 2004 sexu
902 1968 1004 2005 virili
1029 1968 1108 2005 sive
1131 1967 1303 2004 femineo
1328 1976 1384 2003 est
1407 1967 1629 2003 notandum
1654 1966 1760 2014 quod

445 2036 631 2076 parentes
664 2027 752 2075 plus
785 2035 971 2064 tenentur
1004 2025 1214 2074 providere
1248 2027 1295 2062 de
1327 2038 1397 2062 sua
1430 2025 1542 2073 prole
1575 2024 1614 2060 in
1647 2023 1761 2072 spiri-

446 2085 621 2122 tualibus
653 2086 872 2121 secundum
908 2085 1034 2132 legem
1069 2083 1231 2120 Domini
1263 2096 1383 2131 quam
1408 2082 1447 2119 in
1470 2082 1760 2131 corporalibus,

445 2143 537 2180 licet
570 2143 655 2191 ipsa
689 2142 916 2191 corporalia
956 2142 1141 2190 proprius
1181 2151 1218 2178 et
1260 2141 1383 2189 magis
1423 2139 1701 2176 immediacius
1740 2152 1761 2176 a

446 2201 679 2250 parentibus
711 2209 802 2237 sunt
836 2209 1017 2246 causata3
1052 2201 1258 2248 probatur,
1284 2198 1376 2248 quia
1409 2198 1584 2247 perfecta
1618 2197 1762 2234 caritas

446 2261 521 2295 hoc
555 2258 740 2307 requirit;
773 2260 840 2295 sed
873 2267 1058 2295 tenentur
1082 2257 1257 2306 perfecta
1281 2256 1446 2294 caritate
1470 2256 1624 2304 prolem
1648 2268 1759 2292 suam

446 2317 629 2365 diligere3
664 2329 757 2364 ergo
791 2316 1009 2353 conclusio.
1045 2318 1150 2352 Deus
1180 2315 1284 2352 enirn
1309 2315 1397 2363 plus
1420 2315 1618 2363 ponderat
1640 2314 1759 2351 vitam

446 2374 693 2423 spiritualem
720 2374 921 2410 interioris
945 2373 1118 2411 hominis
1142 2386 1262 2422 quam
1288 2372 1553 2421 corporalem.
1570 2373 1650 2408 Cur
1669 2384 1786 2419 ergo,

447 2445 527 2469 non
550 2445 694 2481 parens
719 2432 786 2481 qui
808 2433 937 2468 solum
961 2432 1000 2469 in
1025 2433 1109 2468 Deo
1133 2433 1249 2468 debet
1274 2431 1428 2479 prolem
1444 2442 1556 2466 suam
1574 2429 1761 2478 diligere?

505 2492 615 2537 Item,
662 2490 864 2539 profectus
897 2490 936 2526 in
982 2490 1161 2526 moribus
1207 2497 1263 2525 est
1311 2487 1414 2537 proli
1460 2487 1596 2523 utilior
1640 2500 1759 2536 quam

446 2548 619 2585 nutricio
653 2547 887 2597 corporalis,
921 2559 1044 2596 quare
1074 2559 1167 2595 ergo
1190 2555 1374 2595 parentes
1398 2557 1440 2582 ex
1465 2544 1619 2582 sincera
1643 2545 1761 2582 dilec-

518 2679 537 2698 ι.
559 2671 627 2698 Νἱε
649 2670 718 2706 quis
738 2671 884 2711 prelatus.
986 2679 1015 2704 4.
1038 2669 1106 2697 DE:
1127 2669 1185 2696 lioc
1206 2668 1300 2696 deest.
1401 2676 1429 2704 ς).
1451 2667 1519 2695 Dii:
1541 2667 1592 2703 qni
1614 2667 1658 2694 sic
1675 2667 1707 2704 in
1729 2676 1760 2694 sc

449 2705 647 2741 precipitant;
669 2706 708 2733 ib.
726 2705 748 2732 12
768 2705 797 2732 in
820 2713 933 2740 marg:
956 2705 1084 2740 Duplex.
1166 2712 1207 2738 14.
1228 2704 1272 2731 A:
1293 2711 1366 2730 suos
1387 2710 1458 2730 suas
1478 2703 1572 2730 deest.
1653 2704 1693 2729 ιο.
1715 2702 1758 2728 A:

447 2740 621 2768 crudeliter.
747 2747 794 2767 20.
815 2740 888 2767 Ali:
911 2739 1046 2767 muliere.
1172 2746 1216 2773 27.
1239 2738 1263 2765 l)
1285 2737 1314 2765 in
1337 2745 1452 2772 marg:
1472 2736 1617 2764 Tercinin
1640 2736 1758 2770 iugum.

447 2776 493 2802 28.
517 2775 584 2802 lili:
606 2779 649 2802 est
671 2775 764 2802 deest.
863 2782 910 2805 20.
932 2776 960 2802 A
981 2774 1010 2802 in
1033 2781 1148 2808 marg:
1170 2772 1348 2800 Conclusio.
1439 2770 1474 2799 30
1508 2772 1552 2799 A:
1574 2770 1758 2798 carnatibus.

448 2809 486 2837 31.
508 2811 551 2837 A:
573 2809 724 2841 carnalia:
745 2809 785 2836 ib.
801 2810 845 2836 A:
868 2806 965 2848 magis
987 2809 1087 2839 deest:
1110 2807 1150 2835 ib.
1166 2808 1193 2835 A
1215 2807 1243 2834 in
1266 2815 1380 2841 marg:
1404 2814 1421 2833 1.
1501 2805 1544 2833 32.
1561 2805 1584 2832 li
1599 2806 1628 2833 in
1645 2813 1759 2839 marga

449 2845 592 2871 Pau-entes
613 2848 754 2871 tenentur
774 2852 826 2870 suc
848 2844 937 2878 proli.
1011 2841 1052 2870 35.
1072 2843 1116 2870 A:
1137 2842 1302 2869 carnalem.
1376 2839 1416 2869 35.
1438 2842 1466 2868 A
1487 2840 1516 2868 in
1538 2848 1651 2875 marg.:
1672 2847 1697 2867 2.

521 2926 573 2958 27.
602 2916 650 2946 De
677 2915 741 2947 Sex
767 2915 878 2956 sugis,
905 2924 979 2957 cap.
1007 2914 1061 2946 111.

1772 633 1787 664 5

1778 932 1815 952 10

1781 1209 1816 1242 15

1778 1511 1819 1531 20

1780 1794 1820 1826 25
