1986 3380
195 306 271 339 324)

234 1416 289 1443 We
312 1415 419 1442 should

206 1460 272 1477 carc
294 1459 379 1478 more
402 1450 447 1477 ἴοι·

195 1492 290 1513 virtue
312 1486 382 1512 than
407 1485 451 1511 soi·

245 1521 407 1547 external»

774 314 998 345 waimis
1018 311 1475 343 xvY‹31,lFStiR?xiox·[J.u
1513 296 1663 354 [δί-’.ΗΜΘ
1681 306 1788 333 XMV-

481 420 617 467 pocius
657 421 830 455 celarent
872 422 972 455 hanc
1006 418 1259 454 sanctitatem
1294 427 1330 454 et
1364 430 1441 453 non
1476 417 1531 453 sic
1567 419 1717 453 mundo
1752 417 1790 453 in

479 478 590 526 signo
636 477 811 514 sensibili
858 478 1176 525 proclamarent:
1216 476 1270 511 sic
1310 475 1415 511 enim
1457 476 1573 511 docet
1611 475 1791 512 Christus

480 535 644 572 Matthei
667 537 750 572 Vls'.
775 547 902 580 2—4:
933 535 1149 583 Cumsacis
1172 534 1414 570 elemosinam
1439 533 1518 569 noli
1539 541 1625 569 ante
1647 541 1682 569 te
1704 534 1791 568 tuba

479 607 628 635 canere,
666 593 973 644 .s=1‘c11typ‹›cr1'te
999 593 1157 641 faciunt
1201 592 1236 627 in
1276 592 1498 642 srnagogis
1537 599 1570 627 e!
1612 591 1714 637 vicis,
1755 599 1792 626 ut

478 652 780 701 honorificentur
811 652 856 686 ab
890 651 1113 686 hominibus.
1148 651 1267 686 Amen
1301 650 1384 685 dico
1418 649 1535 692 vobis,
1569 653 1826 698 receperunt5

480 711 692 746 mercedem
738 722 859 744 suam.
903 709 952 744 Te
989 716 1113 744 autem
1137 708 1310 756 jaciente
1349 708 1613 758 elemosynam
1653 707 1793 743 nesciat

478 769 633 804 sinistra
673 776 736 803 tua
776 767 865 815 quid
887 767 1016 815 sacia!
1055 767 1196 802 dextra
1230 773 1309 811 tua,
1342 772 1380 800 ut
1412 765 1459 800 sit
1492 766 1697 801 elemosina
1730 773 1793 801 tua

479 827 514 863 in
547 826 768 862 abscondito
801 833 835 861 et
858 832 974 874 pater
997 832 1083 860 tuus
1115 825 1179 873 qui
1212 824 1310 860 videt
1342 824 1377 858 1⁰71
1410 823 1631 874 abscondito
1660 824 1795 860 reddet

479 885 555 920 tibi.
604 886 656 920 Ex
702 896 780 931 quo
825 892 946 931 patet.
993 895 1081 918 cum
1128 891 1212 918 tota
1257 881 1318 918 via
1362 880 1505 917 viantis
1551 882 1667 918 debet
1712 894 1795 918 esse

480 941 761 979 elemosinaria
791 950 827 977 et
852 943 934 977 Deo
959 940 1208 980 abscondita.
1238 940 1344 988 quod
1369 947 1453 975 tota
1478 939 1616 987 religio
1640 939 1795 987 privata

480 1001 528 1036 sit
573 999 746 1048 ypocrisi
796 1001 1011 1036 maculata.
1061 999 1297 1035 Sacerdotes
1342 1009 1517 1046 namque
1564 998 1676 1033 multi
1722 1010 1794 1034 nec

480 1067 651 1106 querunt
703 1057 955 1094 latitudinem
1007 1069 1155 1093 corone
1199 1056 1258 1092 vel
1309 1055 1387 1092 alia
1438 1055 1549 1103 signa
1594 1055 1795 1092 sensibilia

481 1126 644 1164 propter
689 1114 974 1164 apparenciam
1024 1114 1261 1151 sanctitatis.
1303 1126 1391 1150 cum
1432 1114 1500 1150 illa
1539 1112 1649 1161 signa
1687 1126 1792 1150 nunc

481 1176 609 1211 zelant
639 1186 743 1210 nunc
772 1173 1068 1222 parvipendunt
1098 1182 1134 1208 et
1163 1185 1269 1209 nunc
1300 1174 1528 1211 destruunt:
1566 1171 1621 1209 sic
1655 1172 1796 1208 fratres

482 1246 560 1269 non
605 1232 755 1269 faciunt
799 1230 1038 1279 generaliter
1081 1243 1153 1267 nec
1200 1230 1266 1267 alii
1306 1230 1493 1267 ordinum
1533 1229 1795 1278 privatorum.

482 1294 560 1327 Nec
600 1289 834 1327 contradico
867 1291 974 1338 quod
1016 1288 1130 1325 multi
1164 1290 1211 1325 de
1243 1288 1519 1325 sacerdotibus
1552 1288 1798 1324 secularibus

481 1358 517 1385 et
562 1348 678 1385 sectis
722 1348 962 1396 specialibus
1006 1347 1108 1384 inter
1150 1359 1223 1384 nos
1268 1347 1466 1383 seculares
1510 1346 1587 1382 sint
1625 1345 1797 1394 ypocrisi

483 1406 684 1443 maculati.
721 1408 812 1442 Ideo
845 1406 946 1442 foret
975 1405 1090 1442 nobis
1125 1405 1335 1453 expediens
1368 1406 1475 1453 quod
1508 1417 1589 1441 non
1622 1416 1796 1441 essemus

481 1474 637 1501 tantum
672 1477 760 1501 cum
797 1463 880 1500 istis
913 1463 1034 1512 signis
1067 1462 1319 1499 sensibilibus
1353 1462 1568 1510 coniugati.
1610 1462 1796 1510 Sapimus

482 1523 643 1571 quidem
675 1521 955 1559 condicionem
988 1521 1255 1569 pharisaicam
1282 1521 1370 1569 plus
1393 1522 1663 1569 ponderantes
1686 1520 1796 1568 signa

482 1594 600 1629 quam
641 1581 818 1626 virtutes,
865 1593 955 1616 cum
997 1588 1130 1616 tamen
1170 1580 1359 1616 debemus
1408 1591 1650 1627 cognoscere
1690 1579 1796 1626 quod

482 1652 553 1675 nec
601 1639 685 1687 ipsa
736 1651 808 1675 nec
859 1651 982 1686 opera
1027 1647 1116 1674 sunt
1162 1638 1268 1685 apud
1314 1637 1533 1674 virtuosum
1582 1635 1797 1673 laudabilia

482 1697 555 1733 nisi
590 1698 637 1733 de
666 1705 817 1745 quanto
851 1696 1069 1744 disponunt
1102 1696 1161 1732 vel
1194 1704 1432 1744 promovent
1465 1697 1512 1731 ad
1547 1694 1724 1731 virtutes.
1758 1693 1797 1730 Si

482 1768 576 1803 ergo
622 1754 828 1803 religiosus
876 1754 1053 1802 privatus
1098 1762 1228 1802 potest
1275 1752 1521 1798 absconsius,
1569 1752 1723 1790 facilius
1762 1760 1799 1788 et

482 1812 659 1850 securius
688 1812 771 1849 sine
802 1812 947 1849 talibus
976 1811 1096 1860 signis
1125 1810 1377 1848 sensibilibus
1406 1810 1660 1848 sanctitatem
1685 1822 1796 1847 suam

483 1870 800 1908 declamantibus
838 1870 968 1906 vivere
1000 1870 1187 1914 virtuose,
1223 1882 1297 1918 que
1338 1868 1545 1906 demencia
1577 1867 1799 1917 ypocritica

484 1930 614 1978 ipsum
647 1930 853 1965 seduceret
886 1928 1015 1964 vivere
1049 1937 1128 1964 tam
1163 1927 1376 1975 dispariter
1409 1940 1431 1964 a
1455 1927 1615 1964 Christo
1649 1936 1685 1962 et
1718 1926 1798 1962 suis

483 1987 677 2036 apostolis
711 1996 792 2023 tam
827 1985 1129 2022 infundabiliter
1163 1995 1198 2022 et
1232 1985 1481 2034 pharisaice}

543 2047 633 2081 Ideo
667 2044 849 2082 Christus
882 2043 1049 2080 Matthei
1081 2045 1236 2086 XX1110,
1273 2054 1293 2080 2
1329 2043 1510 2091 increpat
1544 2042 1638 2079 istas
1671 2051 1798 2078 sectas

484 2105 554 2139 sub
587 2104 642 2139 Vc
682 2101 872 2151 octuplici
912 2102 966 2138 sic
1011 2102 1189 2139 ordiens:
1238 2103 1364 2151 Super
1401 2102 1625 2137 cathedram
1665 2100 1802 2151 Aloysi

483 2162 663 2197 sederunt
692 2161 815 2196 scribe
838 2168 872 2196 et
892 2160 1076 2209 pharisei.
1108 2160 1244 2196 Omnia
1268 2173 1365 2210 ergo
1389 2171 1606 2208 quecunque
1628 2158 1799 2194 dixerint

485 2220 588 2255 vobis
616 2226 768 2255 servate
796 2226 829 2254 e!
849 2218 987 2266 facite,
1016 2219 1222 2255 secundum
1253 2230 1370 2267 opera
1402 2230 1492 2253 vero
1522 2229 1653 2253 eorum
1686 2212 1801 2252 nolite

473 2279 625 2326 facere.
651 2280 751 2313 Nam
776 2276 900 2313 nostri
926 2275 1098 2324 pharisei
1121 2277 1268 2312 nedum
1295 2275 1447 2323 fingunt
1468 2276 1575 2323 quod
1599 2283 1799 2323 occupant

484 2337 617 2371 sedem
652 2334 777 2382 Moysi
817 2335 885 2370 sed
924 2335 1058 2370 sedem
1100 2343 1136 2370 et
1168 2333 1290 2370 vitam
1326 2333 1478 2369 domini
1511 2335 1602 2369 ,lesu
1635 2331 1797 2377 Christi,

485 2403 521 2429 et
554 2393 645 2429 licet
684 2405 705 2429 a
746 2392 826 2428 vita
865 2405 935 2428 sua
974 2392 1051 2428 sint
1086 2401 1167 2428 tam
1209 2391 1365 2428 notorie
1404 2390 1611 2439 disparati,
1646 2390 1798 2438 fingunt

484 2460 617 2488 tamen
643 2451 749 2499 quod
773 2463 842 2498 per
866 2449 1108 2487 tradiciones
1131 2462 1222 2486 suas
1245 2459 1364 2498 atque
1388 2448 1580 2497 pictacias
1604 2449 1798 2485 excedunt

485 2509 524 2545 in
561 2508 772 2546 sanctitate
810 2507 931 2545 vitam
972 2507 1236 2556 apostolicam
1279 2516 1316 2544 et
1355 2507 1409 2543 sic
1449 2505 1608 2545 Christi.
1655 2508 1703 2542 Et
1743 2505 1797 2542 ita

485 2566 665 2604 Christus
704 2579 785 2603 non
823 2565 972 2602 diceret
1008 2567 1055 2602 de
1095 2565 1171 2602 illis
1204 2565 1258 2602 eis
1291 2574 1456 2613 propter
1488 2563 1795 2613 amplitudinem

486 2623 731 2673 duplicitatis
779 2623 1000 2661 mendacis:
1047 2624 1183 2659 Omnia
1223 2635 1439 2672 quecunque
1484 2622 1656 2659 dixerint
1694 2622 1798 2657 vobis

1815 953 1852 975 10

1817 1233 1853 1265 15

1816 1534 1856 1555 20

1816 1813 1856 1845 25

1817 2103 1857 2135 30

1817 2392 1854 2425 35

484 2690 636 2719 servate
673 2689 708 2718 et
729 2682 867 2730 facite,
906 2693 994 2718 cum
1042 2680 1397 2718 adinvencionibus
1436 2680 1515 2717 suis
1553 2678 1735 2728 superbis
1774 2690 1856 2722 a40

556 2803 579 2831 3.
602 2803 718 2831 Codd.:
741 2803 863 2831 Marmei
886 2803 944 2842 Y02
966 2803 1005 2830 ib.
1026 2804 1070 2830 A:
1093 2802 1287 2830 elemosinas.
1356 2802 1382 2828 8.
1403 2803 1448 2830 A:
1472 2803 1499 2830 in
1522 2802 1615 2830 deest.
1684 2810 1711 2835 ς).
1728 2801 1797 2829 DE:

488 2844 566 2878 patet
587 2838 680 2878 quod.
751 2846 792 2871 14.
814 2839 857 2865 A:
880 2839 965 2865 sicut
985 2837 1104 2865 fratres.
1171 2837 1212 2865 16.
1234 2837 1302 2865 DE:
1324 2837 1503 2877 contradico
1523 2837 1608 2872 quin.
1674 2835 1796 2871 17.DE:

487 2873 707 2909 spirituahbus.
764 2880 810 2904 21.
831 2872 1077 2912 Atqabqsconsus.
1133 2872 1179 2900 26.
1201 2872 1245 2910 A:
1266 2872 1502 2900 declinantibus.
1559 2879 1605 2907 29.
1627 2871 1671 2899 A:
1694 2869 1796 2901 xxlu:

487 2908 528 2970 gt:
545 2908 691 2970 ἓξΧῇὲῡΆ
733 2906 783 2976 ξεῖ
804 2908 852 2969 ‘gi
870 2907 905 2934 lzt
926 2910 1013 2934 tacite
1035 2907 1127 2934 deest.
1202 2905 1244 2933 33.
1265 2908 1309 2934 A:
1332 2911 1359 2934 et
1377 2910 1538 2942 occupant.
1613 2905 1658 2934 36.
1680 2906 1724 2933 A:
1746 2913 1798 2940 per

509 2952 541 2970 ee
580 2953 587 2976 ς
608 2952 615 2970 ι
643 2963 648 2968 .
704 2951 709 2968 :
755 2951 770 2969 u
788 2951 803 2969 a
825 2951 843 2970 ιε
857 2951 879 2968 s.
