1986 3380
200 297 280 341 450
786 301 1009 334 JOHANNIS
1028 300 1214 332 WYCLIF
1233 298 1488 331 sERMONUM
1562 282 1716 341 [SERMO
1737 293 1800 322 Lx.

489 411 671 455 ducatur,
713 418 748 445 et
791 421 879 445 cum
921 408 987 443 illa
1027 418 1171 442 novam
1207 405 1299 442 facit
1334 416 1615 453 quamcunque
1648 413 1800 452 partem

489 468 547 504 sui
587 467 768 508 subiecti,
808 475 917 515 patet
958 465 1065 512 quod
1107 472 1297 512 corrupto
1336 462 1499 499 homine
1531 462 1654 499 veteri
1694 474 1736 498 ex
1768 461 1804 497 vi

489 525 679 571 caritatis,
714 525 780 561 ubi
815 524 924 572 prius
959 523 1111 558 solebat
1145 521 1253 570 loqui
1288 520 1448 557 scurilia
1478 529 1598 569 atque
1622 519 1803 561 ludicria,

489 584 568 620 iam
603 584 781 632 loquitur
814 581 1042 629 evangelica
1075 579 1253 616 caritatis
1287 578 1433 615 Christi
1467 577 1683 615 inductiva.

218 647 447 682 3.Τιι1ιίιη-ἰψ
548 643 624 678 Sed
658 641 796 685 tercio,
831 652 920 676 cum
961 637 1119 674 habitus
1157 637 1218 674 vel
1258 635 1474 685 disposicio
1512 637 1563 672 ad
1595 637 1839 684 peccatum5

261 688 409 717 *mmm
490 700 669 736 infideles
699 698 956 746 amplectitur
984 705 1192 744 tamquam
1218 707 1393 743 serpens,
1419 693 1474 731 sic
1499 695 1664 731 credens
1687 704 1806 742 atque

490 766 682 806 purgatus
715 757 815 792 tollit
846 762 1043 804 serpentes
1067 754 1133 802 qui
1167 762 1330 802 possent
1362 751 1435 789 sibi
1469 751 1628 789 occasio
1661 751 1804 788 iterum

491 818 540 853 ad
579 816 850 864 peccandum,
891 812 956 861 qui
999 812 1104 848 enim
1145 824 1225 848 non
1266 819 1443 847 removet
1480 810 1636 846 virtutis
1675 811 1807 846 obsta-

491 875 625 911 culum
673 882 709 910 et
755 884 917 908 movens
957 879 1038 907 tam
1078 870 1214 918 patule
1254 870 1302 905 ad
1341 869 1591 917 peccandum
1631 880 1711 904 non
1751 875 1808 903 est

490 944 580 969 vere
610 930 791 980 penitens
822 930 882 966 vel
912 928 1129 975 contritus3
1160 928 1366 976 quomodo
1396 939 1488 975 ergo
1519 925 1633 963 eiecit
1656 925 1806 962 dictum
1827 936 1866 959 10

492 989 752 1027 demonium?

237 1064 266 1089 4-
290 1054 441 1094 lirink'ing
551 1050 704 1094 Quarto
728 1046 818 1083 talis
841 1057 931 1082 vere
963 1052 1156 1093 purgatus
1186 1043 1257 1080 etsi
1278 1043 1413 1079 biberit
1435 1042 1526 1091 quid
1547 1042 1808 1091 mortiferum,

221 1090 464 1125 “¹⁰³¹d¹·⁸'¹¹¹¹¹¹³³⁸*
493 1107 568 1142 hoc
614 1114 683 1151 est,
729 1104 820 1141 licet
865 1103 1002 1140 fecerit
1047 1103 1196 1139 malum
1243 1113 1343 1150 opus
1388 1102 1435 1137 de
1479 1112 1622 1148 genere
1660 1099 1721 1136 vel
1760 1100 1809 1136 ad

494 1165 643 1200 malum
685 1161 841 1211 peccati
880 1160 1130 1198 sensualitati
1171 1158 1429 1205 consenserit,
1472 1171 1543 1195 non
1582 1158 1617 1195 ei
1652 1157 1810 1203 nocebit,

493 1222 586 1271 quia
615 1234 657 1258 ex
688 1220 878 1257 firmitate
909 1219 1000 1256 fidei
1035 1227 1072 1255 et
1095 1217 1206 1266 prius
1230 1216 1419 1254 radicatis
1441 1216 1609 1253 vinculis
1633 1214 1810 1252 caritatis
1831 1216 1865 1248 ¹5

492 1281 552 1317 vel
596 1278 761 1316 omnino
808 1279 884 1314 hoc
929 1277 1047 1314 faciet
1086 1284 1243 1313 servata
1287 1274 1526 1312 intencionis
1571 1273 1811 1310 rectitudine

493 1339 554 1375 vel
598 1337 733 1374 statim
780 1338 828 1372 de
871 1336 976 1372 facto
1020 1334 1212 1383 preterito
1257 1342 1294 1370 et
1332 1342 1426 1370 tunc
1465 1333 1599 1381 quoad
1638 1340 1809 1368 mortem

494 1395 743 1445 spiritualem
791 1393 925 1431 anime
968 1394 1028 1430 vel
1076 1391 1414 1441 dampnacionem
1454 1399 1690 1439 perpetuam
1730 1401 1812 1426 non

495 1453 669 1491 nocebit.

206 1518 479 1557 §.Layinglumds
553 1513 629 1548 Sed
675 1510 817 1560 quinto
862 1522 980 1560 super
1016 1521 1135 1559 egros
1180 1508 1270 1545 talis
1309 1507 1436 1544 fidelis
1476 1519 1612 1543 manus
1651 1505 1811 1555 imponit
1829 1517 1869 1540 20

219 1562 300 1589 ¹¹¹“'¹¹
323 1555 372 1581 ¹¹¹⁰
395 1554 469 1580 ΜΚ
495 1571 656 1619 quando
701 1581 825 1617 opera
864 1567 1071 1604 meritoria
1109 1579 1182 1615 pro
1222 1566 1349 1603 salute
1389 1564 1567 1602 fidelium
1606 1571 1810 1613 operatur.

496 1630 663 1665 Constat
692 1627 854 1676 quidem
883 1639 927 1662 ex
955 1625 1085 1673 logica
1115 1623 1309 1672 evangelii
1333 1625 1440 1673 quod
1471 1635 1614 1659 manus
1637 1620 1811 1658 hominis

495 1695 586 1723 sunt
619 1685 701 1722 eius
734 1683 996 1733 operaciones
1027 1683 1088 1720 vel
1121 1695 1244 1731 opera
1267 1685 1324 1728 (ut
1357 1689 1466 1730 patet
1498 1681 1811 1724 Sermone....)

497 1745 669 1791 Quando
693 1756 786 1791 ergo
809 1742 899 1779 talis
923 1750 1114 1790 purgatus
1139 1748 1315 1777 meretur
1343 1739 1431 1776 aliis
1460 1737 1723 1787 spiritualiter
1755 1737 1812 1773 in-

499 1802 637 1848 firmis,
683 1810 778 1838 tunc
821 1800 994 1848 imponit
1040 1811 1182 1836 manus
1221 1810 1390 1847 operum
1435 1808 1555 1845 super
1601 1808 1728 1844 egros,
1776 1803 1812 1831 et
1829 1797 1868 1829 25

499 1870 593 1897 tunc
632 1868 742 1908 patet
782 1857 1043 1895 effectualiter
1082 1858 1190 1906 quod
1231 1855 1422 1904 proximis
1463 1855 1633 1891 multum
1673 1851 1811 1900 prosit.

500 1919 614 1955 Unde
653 1917 811 1954 evidens
851 1925 909 1953 est
949 1916 1057 1965 quod
1089 1923 1171 1951 tam
1212 1913 1356 1963 prelati
1395 1926 1515 1961 quam
1556 1911 1623 1949 alii
1662 1911 1702 1947 in
1736 1910 1813 1947 fide

500 1976 702 2021 deficiunt,
757 1974 850 2024 quia
902 1975 1054 2010 fructus
1107 1972 1239 2009 meriti
1292 1984 1456 2008 suorum
1509 1982 1677 2019 operum
1730 1981 1812 2005 non

500 2033 762 2071 effectualiter
795 2034 845 2069 ad
878 2031 1082 2080 proximos
1114 2043 1154 2067 se
1178 2029 1363 2067 extendit.
1398 2028 1439 2066 Si
1473 2028 1579 2065 enim
1610 2027 1741 2064 forent
1773 2026 1814 2062 in

500 2092 577 2129 fide
617 2100 653 2129 et
693 2090 860 2128 caritate
904 2099 946 2126 ut
985 2089 1095 2134 olim,
1142 2101 1223 2125 non
1268 2087 1434 2124 dubium
1480 2086 1576 2135 quin
1620 2083 1813 2134 proximis
1829 2086 1872 2120 30

499 2150 672 2198 amplius
706 2157 968 2185 mererentur.
1003 2149 1079 2184 Sed
1105 2159 1194 2183 cum
1227 2145 1372 2183 caritas
1395 2157 1468 2181 non
1492 2144 1616 2193 querit
1632 2142 1812 2193 propria,

499 2221 581 2244 non
615 2207 762 2244 mirum
797 2206 827 2243 si
862 2219 1001 2243 eorum
1036 2204 1265 2241 inordinata
1299 2202 1468 2240 dileccio
1502 2210 1720 2239 coartatur.
1755 2202 1814 2237 ln-

501 2274 706 2303 carcerata
740 2265 904 2313 quidem
938 2263 1106 2300 dileccio
1138 2275 1280 2311 parum
1315 2262 1491 2310 prodest.

282 2330 414 2370 chris-rs
557 2325 609 2360 Et
654 2324 832 2359 dominus
876 2322 1026 2371 quidem
1073 2321 1184 2358 Jesus
1222 2327 1427 2370 postquam
1473 2319 1623 2355 Iocutus
1666 2323 1721 2353 est
1764 2315 1817 2352 εἰς

264 2373 436 2393 ²¹⁸⁶⁰¹¹⁵¹⁰¹¹‘
499 2389 719 2431 assumptus
757 2388 812 2417 est
851 2381 886 2416 in
925 2381 1046 2416 celum
1086 2386 1121 2416 et
1163 2379 1269 2415 sedet
1307 2390 1329 2413 a
1372 2376 1524 2413 dextris
1565 2375 1641 2412 Dei
1674 2373 1813 2424 patris.
1832 2377 1872 2410 35

502 2442 579 2477 Ista
612 2448 744 2476 autem
781 2439 901 2475 verba
935 2439 1076 2474 darent
1109 2437 1229 2473 fidem
1264 2434 1418 2472 cunctis
1452 2432 1600 2471 Christi
1633 2431 1816 2469 fidelibus

503 2499 552 2535 ad
596 2496 824 2546 specialiter
861 2497 1085 2533 notandum
1126 2495 1204 2533 hoc
1243 2491 1505 2541 evangelium,
1546 2490 1677 2540 primo
1722 2489 1817 2539 quia

503 2555 692 2604 magister
724 2554 901 2603 optimus
934 2553 974 2590 in
1007 2554 1128 2590 verbo
1161 2550 1304 2588 ultimo
1337 2549 1575 2588 valefaciens
1608 2548 1689 2586 suis
1713 2546 1816 2585 caris

504 2613 709 2662 discipulis
753 2611 978 2662 porrigeret
1022 2610 1100 2648 illis
1143 2611 1263 2647 verba
1307 2607 1484 2646 salubria
1535 2615 1572 2645 et
1618 2606 1816 2652 notanda3

573 2790 600 2818 7.
620 2782 742 2810 occasio
764 2781 828 2810 scil.
849 2790 926 2809 esse.
1006 2789 1046 2809 io.
1069 2779 1163 2809 Cod.:
1185 2787 1258 2815 crgo
1278 2777 1437 2814 quomodo
1458 2785 1540 2813 ergo.
1621 2783 1662 2810 14.
1682 2774 1768 2803 Noce
1787 2773 1817 2802 in

505 2817 572 2845 cod.
645 2817 687 2846 25.
709 2817 819 2844 Manus
840 2817 938 2844 twice.

577 2924 631 2966 34.
659 2923 764 2956 Marci
791 2923 883 2963 XVI,
906 2932 956 2966 ¹9·
