1986 3380
122 592 196 622 Fol.

115 642 195 680 ποθ’*

157 915 196 936 10

158 1194 193 1227 15

156 1493 197 1515 20

158 1774 196 1806 25

160 2065 199 2096 30

159 2353 198 2387 35

211 270 346 299 SERMO
367 257 476 315 xxx]
680 269 793 302 secu
802 269 827 300 N
836 270 893 300 DA
921 269 1046 300 PARS.

211 379 380 415 homines
425 387 497 414 etc.
534 379 590 424 (ut
623 376 833 424 exponitur
872 387 1055 411 sermone
1088 375 1280 421 XXVllf’J.
1328 373 1376 408 Et
1410 372 1518 409 radix

212 437 324 473 istius
381 435 546 484 perfidie
604 444 659 471 est
717 433 949 482 ignorancia
1006 432 1077 468 Dei
1137 431 1274 479 patris,
1339 431 1432 479 quia
1489 430 1518 466 si

213 495 341 543 ipsum
383 495 555 542 perfecte
594 500 881 540 cognoscerent
927 500 962 527 et
1001 491 1165 526 verbum
1204 503 1320 525 suum
1361 498 1397 525 et
1437 488 1519 524 eius

212 552 535 589 incarnacionem
582 564 624 587 ex
671 550 781 586 libris
826 549 906 586 suis
945 547 1191 597 propheticis
1233 555 1519 594 cognoscerent

212 619 515 659 consequenter.
569 612 650 645 Nec
679 605 683 661 1
714 616 871 644 moveat
917 608 1024 655 quod
1070 605 1297 642 communis
1343 604 1520 641 essencia

210 669 260 705 sit
292 669 403 717 prior
436 676 560 716 patre,
595 679 684 703 cum
720 675 832 713 pater
866 665 915 701 sit
947 664 1078 713 prima
1108 676 1280 711 persona
1304 662 1519 711 possibiliS,

212 728 279 763 sed
313 739 396 763 esse
429 735 583 774 patrem
617 724 709 760 licet
743 723 792 760 sit
816 723 925 771 prius
950 722 1102 770 origine
1126 734 1245 770 quam
1271 734 1354 757 esse
1380 720 1518 765 filium,

212 794 349 821 tamen
393 792 680 820 convertuntur
725 783 773 818 ad
827 780 1123 817 subsistendum
1170 778 1519 827 consequenciam,

212 855 284 879 nec
317 851 375 878 est
408 854 491 878 esse
524 844 651 877 Deum
685 848 854 888 patrem,
890 838 1016 875 filiurn
1048 838 1108 874 vel
1141 846 1326 874 naturam
1366 850 1427 873 res
1461 849 1521 872 ra-

213 900 338 937 cionis
373 900 558 936 distincta
592 907 732 935 contra
766 897 941 934 divinam
967 896 1184 933 essenciam
1208 895 1269 932 vel
1292 907 1521 943 personam,

212 958 306 1007 quia
339 971 399 994 res
433 957 523 994 talis
556 956 728 993 racionis
770 955 936 1004 requirit
976 954 1231 1003 prioritatem
1270 952 1446 990 essencie
1485 961 1522 988 et

213 1029 296 1053 esse
340 1029 455 1052 suum
497 1014 745 1063 intelligibile
783 1014 1002 1062 precedens
1043 1025 1127 1048 esse
1172 1024 1286 1048 suum
1338 1011 1522 1052 existere3

212 1075 319 1122 quod
354 1087 444 1110 cum
477 1086 558 1110 non
592 1082 721 1121 potest
755 1074 838 1108 Deo
872 1079 1113 1119 competere,
1149 1078 1258 1118 patet
1290 1070 1398 1118 quod
1417 1068 1522 1104 idem

211 1141 268 1169 est
300 1132 430 1180 ipsum
464 1144 580 1180 posse
613 1143 710 1176 esse,
750 1129 881 1178 ipsum
915 1142 1031 1177 posse
1069 1127 1291 1175 intelligere
1324 1136 1360 1163 et
1393 1127 1523 1175 ipsum

213 1190 390 1227 existere.
438 1191 529 1226 Ideo
562 1203 643 1226 non
677 1197 733 1225 est
766 1188 806 1224 in
839 1187 917 1224 illis
951 1186 1124 1224 racionis
1159 1185 1383 1231 distinccio,
1423 1185 1525 1222 sicut

214 1248 379 1297 ponitur
412 1247 450 1283 in
484 1247 689 1284 creaturis.
725 1248 802 1283 Sed
835 1254 977 1282 notum
1011 1254 1069 1281 est
1107 1244 1147 1280 in
1186 1243 1379 1280 creaturis
1418 1244 1525 1292 quod

214 1319 298 1343 esse
330 1305 579 1354 intelligibile
611 1305 691 1342 sive
724 1304 914 1353 possibile
953 1303 1154 1339 infinitum
1195 1301 1373 1350 precedit
1411 1314 1524 1338 suam

215 1363 490 1407 existenciam;
526 1373 562 1400 et
597 1364 770 1412 quedam
803 1364 950 1399 habent
984 1374 1067 1398 esse
1100 1360 1348 1408 intelligibile
1383 1369 1419 1396 et
1443 1372 1525 1396 non

215 1422 487 1468 existenciam,
534 1422 775 1470 quibusdam
822 1429 956 1457 autem
995 1432 1037 1456 ex
1076 1428 1220 1455 natura
1261 1427 1318 1454 est
1356 1417 1524 1454 adiecta.

272 1482 349 1517 Sed
388 1488 473 1516 tota
514 1479 681 1516 materia
722 1479 797 1515 ista
836 1477 1045 1527 supposita
1090 1477 1340 1513 redeundum
1380 1484 1437 1513 est
1476 1476 1525 1512 ad

215 1538 510 1586 exposicionem
557 1536 749 1585 evangelii
795 1544 1104 1584 consequenter:
1160 1536 1212 1579 Si,
1266 1534 1408 1582 inquit,
1454 1546 1526 1569 non

212 1597 396 1633 venissem
429 1604 464 1632 et
487 1596 634 1632 Iocutus
657 1596 710 1631 eis
731 1608 803 1631 non
822 1595 1005 1644 fuissem,
1039 1594 1109 1629 hoc
1136 1600 1336 1642 peccatum
1361 1591 1526 1640 perfidie

213 1667 285 1690 non
319 1655 515 1702 haberent,
549 1654 642 1702 quia
675 1653 886 1690 occasione
921 1653 1023 1688 male
1053 1660 1218 1699 accepta
1248 1650 1526 1686 infidelitatem

214 1725 328 1748 suam
352 1725 395 1749 ex
418 1712 547 1749 verbis
569 1711 716 1749 Christi
739 1719 1011 1759 susceperant,
1037 1710 1127 1746 ideo
1152 1717 1363 1758 peccatum
1388 1721 1526 1744 eorum

214 1770 524 1807 occasionaliter
569 1769 843 1806 individuatur
888 1782 909 1805 a
942 1768 1022 1805 vita
1067 1767 1215 1804 Christi
1255 1776 1291 1803 et
1331 1766 1411 1802 suis
1448 1778 1527 1802 ser-

216 1828 416 1865 monibus.
458 1830 506 1865 Et
541 1837 650 1877 patet
675 1826 969 1876 consequencia
999 1835 1139 1863 contra
1172 1833 1528 1874 quantumcunque

216 1886 425 1935 capciosos
464 1886 677 1935 sophistas.
732 1887 846 1923 Unde
884 1898 965 1921 non
1004 1893 1094 1921 sunt
1136 1882 1326 1920 audiendi
1365 1881 1528 1919 heretici

216 1945 282 1994 qui
307 1945 444 1982 dicunt
468 1945 716 1993 evangelium
742 1953 779 1981 et
802 1943 1030 1992 specialiter
1051 1943 1243 1979 Johannis
1266 1953 1349 1978 esse
1374 1952 1529 1977 summe

215 2002 477 2051 impossibile,
502 2003 722 2040 hereticum
740 2011 776 2039 et
792 2003 1086 2050 blasphemum,
1112 2001 1179 2037 sed
1195 1999 1335 2048 pocius
1352 1999 1530 2035 dicerent

216 2074 385 2110 granum
425 2075 570 2110 purum
616 2062 861 2098 substratum
907 2072 975 2096 sue
1020 2060 1134 2107 palee
1187 2071 1271 2095 esse
1320 2058 1528 2102 mundum,

215 2119 310 2156 licet
333 2132 470 2156 sensus
495 2132 613 2169 quem
647 2119 766 2155 stulte
800 2131 842 2155 ex
867 2131 937 2155 sua
960 2116 1194 2166 ignorancia
1218 2116 1292 2153 sibi
1316 2115 1530 2164 imponunt

215 2177 265 2214 sit
297 2190 452 2214 summe
486 2178 703 2223 hereticus3
750 2189 868 2225 quem
902 2189 1062 2213 sensum
1095 2175 1258 2224 quidam
1291 2182 1436 2211 vocant
1469 2185 1530 2209 ex-

216 2237 518 2273 cerebratorum
552 2235 802 2272 demenciam
838 2244 874 2271 et
913 2233 1205 2271 exsensitivum.
1254 2233 1365 2268 Nunc
1403 2239 1529 2267 autem

215 2294 505 2330 excusacionem
530 2307 602 2330 non
626 2294 764 2330 hahent
787 2294 833 2329 de
848 2300 1008 2342 peccato
1041 2304 1122 2339 suo,
1156 2290 1253 2340 quin
1281 2290 1359 2326 sint
1390 2291 1530 2338 damp-

215 2352 380 2398 nabiles,
420 2361 462 2388 ut
501 2351 644 2401 perfidi
678 2351 857 2387 infideles
891 2351 1117 2387 habuerunt
1150 2349 1189 2385 in
1223 2357 1419 2398 quantum
1452 2347 1531 2383 suf-

216 2410 417 2447 ficientem
451 2410 677 2447 doctrinam
713 2422 756 2446 ex
787 2409 868 2445 vita
902 2417 939 2445 et
971 2408 1085 2445 factis
1120 2406 1267 2444 Christi
1301 2405 1530 2455 propheciis

216 2481 354 2505 eorum
389 2468 588 2515 consonis,
623 2469 673 2505 ad
707 2468 951 2504 credendum
986 2466 1189 2503 Christum
1224 2477 1307 2502 esse
1330 2463 1529 2510 Messiam,

286 2612 305 2631 1.
327 2604 370 2631 A:
401 2608 433 2631 ut
453 2603 552 2637 deest3
582 2603 623 2630 ib.
645 2573 723 2630 DE:⁸
744 2601 875 2630 XXVII0
895 2601 990 2628 deest.
1150 2607 1176 2628 2.
1200 2599 1268 2627 DE:
1299 2599 1353 2626 Dei
1375 2603 1403 2626 et
1424 2597 1529 2634 patris.

216 2638 241 2667 5.
263 2639 287 2666 D
308 2638 338 2665 in
360 2646 463 2674 marg:
483 2637 715 2676 Nerozumicm,
736 2637 820 2664 verb.
842 2636 989 2675 Boherna·
1010 2643 1070 2662 non
1092 2635 1238 2680 intelligo.
1354 2635 1381 2662 6.
1403 2633 1472 2660 DE:
1494 2633 1532 2671 sit

217 2673 313 2709 penu)
335 2678 428 2708 patre.
555 2681 582 2708 7.
603 2673 633 2700 A
652 2680 682 2699 ln
704 2680 817 2707 marg:
839 2671 882 2698 Dc
902 2670 1064 2698 Trinitate.
1190 2672 1217 2697 δ.
1239 2669 1308 2697 DE:
1332 2667 1530 2696 subsistendl.

217 2717 246 2744 9.
266 2709 310 2736 A:
332 2713 377 2735 est
398 2708 492 2735 deest.
575 2716 610 2735 11.
631 2707 655 2734 E
675 2707 704 2734 in
727 2715 794 2734 mar
819 2716 842 2734 .:
864 2706 958 2733 Exem
986 2706 1059 2732 lum.
1146 2704 1183 2732 13.
1205 2706 1234 2732 A
1254 2705 1284 2731 in
1306 2712 1418 2731 marm:
1439 2702 1530 2730 Nota.

217 2743 258 2782 (6.
274 2743 342 2770 DE:
364 2743 490 2782 creatis;
511 2743 554 2770 A:
577 2750 638 2769 non
660 2746 705 2769 est
725 2715 818 2776 quodi.
876 2749 915 2776 17.
930 2741 955 2767 D
993 2750 999 2779 3
1020 2740 1147 2767 infinite.
1205 2748 1246 2771 ιο.
1264 2740 1306 2767 D:
1328 2723 1439 2774 quibus
1456 2758 1461 2763 .
1478 2759 1484 2764 .
1502 2758 1507 2762 .
1524 2757 1530 2762 .

216 2778 321 2817 lb·.D³
343 2778 469 2840 abtiecta‚
491 2778 617 2805 abiecta.
674 2784 712 2804 21.
733 2778 778 2803 A:
800 2780 1027 2810 consequentis.
1083 2774 1127 2802 32.
1148 2776 1193 2801 A:
1215 2782 1367 2801 summus.
1424 2771 1471 2806 34.
1486 2773 1530 2799 A:

218 2821 291 2849 qum
313 2820 371 2840 sun
388 2833 394 2839 .

288 2907 318 2939 7.
347 2895 400 2928 Cf.
421 2895 558 2938 Wyclif,
585 2895 635 2926 De
662 2895 851 2926 Benedicta
878 2893 1137 2934 Incarnacione,
1164 2902 1239 2935 pag.
1270 2901 1334 2924 222
1362 2901 1462 2934 seqq.

1726 268 1745 292 [Ο

1755 267 1774 292 10

1786 258 1801 293 ω

1577 1482 1709 1509 Christ's
1731 1482 1780 1508 life

1554 1517 1611 1544 and
1635 1517 1743 1556 speech
1766 1525 1801 1555 an

1542 1560 1684 1579 occasion
1706 1554 1736 1578 ot
1757 1560 1814 1578 sui.
