1986 3380
181 303 318 332 sermo
339 293 405 351 U]
647 307 862 340 SECUNDA
889 307 1013 339 PARS.

181 413 341 458 intrent,
377 415 442 449 sed
483 413 635 450 amicos
669 416 947 461 prodessentes
981 413 1146 449 ecclesie
1181 414 1230 449 ad
1265 413 1493 450 intrandum

181 471 377 513 alliciant;
429 480 465 507 et
516 471 554 507 in
601 471 676 507 isto
721 472 854 508 officio
901 473 1045 508 debent
1090 471 1319 519 quicunque
1365 472 1499 508 fideles

181 531 313 576 quoad
355 542 545 576 personas
585 529 770 577 proprias
810 529 973 577 vigilare
1014 538 1049 566 et
1090 541 1135 565 eo
1176 529 1387 577 specialius
1422 544 1500 577 quo

181 587 364 634 superior
397 596 557 624 curatus
591 596 797 635 tamquam
823 587 1092 624 Antichristus
1126 588 1307 624 membra
1341 588 1497 635 dyaboli

148 651 163 682 5
180 643 411 681 introducit.
437 646 558 681 Valve
582 654 714 681 autem
742 646 858 682 huius
882 646 999 682 ianue
1023 647 1168 682 debent
1185 658 1255 694 per
1273 645 1498 682 doctrinam

181 711 217 737 et
241 703 431 750 repagula
454 703 651 750 scripture
676 703 911 751 diligencius
935 703 1126 740 obserari.
1161 706 1209 739 Et
1232 703 1322 740 ideo
1345 703 1501 739 videtur

182 760 316 796 multis
346 762 454 809 quod
488 761 651 808 prelatis
684 761 958 810 superioribus
991 764 1039 798 ab
1073 762 1206 798 officio
1240 761 1501 810 prodessendi

179 817 447 865 singularibus
494 818 696 866 parochiis
742 820 899 856 notorie
943 820 1167 856 ociantibus
1212 821 1356 856 debent
1395 821 1501 856 bona

180 888 404 924 pauperum
446 877 647 925 denegari.
698 877 774 925 Ipsi
817 878 923 914 enim
964 890 1006 914 ex
1045 878 1262 915 omissione
1302 877 1424 914 officii
1464 887 1499 913 et

128 949 163 971 io
179 933 379 982 peticione
424 934 569 983 cupida
618 935 752 971 salarii
798 935 965 972 indebiti
1012 948 1052 972 se
1091 937 1265 972 reddunt
1304 935 1499 972 inhabiles

179 994 229 1028 ad
267 992 579 1030 retribucionem
621 994 885 1042 temporalem
928 1007 1151 1042 pauperum
1193 995 1499 1042 acceptandam.

178 1052 226 1086 Et
277 1051 508 1087 confirmari
553 1060 684 1099 potest
730 1052 931 1100 exemplo:
976 1065 1084 1098 nam,
1129 1053 1350 1089 secundum
1395 1053 1499 1100 leges

177 1108 385 1145 hominum
428 1122 525 1157 quas
563 1123 645 1146 non
682 1109 774 1146 licet
814 1110 853 1146 in
893 1111 966 1146 hac
998 1119 1112 1159 parte
1145 1112 1380 1159 dampnare,
1414 1110 1499 1158 qui-

177 1179 333 1216 cunque
373 1168 489 1204 debet
523 1168 636 1204 alteri
670 1168 854 1216 proximo
887 1170 1156 1217 quodcunque
1196 1169 1373 1205 debitum
1417 1181 1500 1205 non

123 1228 159 1260 15
177 1226 225 1261 ab
259 1225 328 1262 illo
363 1225 556 1262 liberatur
588 1226 663 1262 nisi
696 1227 756 1263 vel
798 1226 959 1275 capitali
1001 1227 1166 1263 domino
1198 1228 1259 1264 vel
1293 1227 1375 1263 eius
1409 1239 1499 1275 pro-

177 1284 353 1320 curatori
385 1283 564 1332 legitimo
595 1285 722 1321 solvat
753 1285 864 1321 illud.
896 1286 996 1321 Cum
1028 1298 1121 1333 ergo
1146 1285 1313 1334 quilibet
1337 1293 1498 1321 curatus

176 1342 342 1378 ecclesie
381 1342 430 1378 sit
471 1343 628 1379 debitor
662 1342 822 1380 Christo
862 1343 946 1379 eius
980 1343 1115 1392 capiti,
1149 1352 1192 1380 ut
1224 1343 1416 1392 quicquid
1451 1344 1498 1379 de

175 1399 244 1436 illo
289 1401 489 1449 acceperit
535 1402 675 1438 reddat
712 1401 892 1449 patulam
933 1401 1152 1448 racionem,
1191 1401 1349 1439 videtur
1389 1402 1497 1450 quod

175 1471 256 1495 non
297 1458 516 1495 satisfaciat
555 1472 628 1508 pro
669 1459 816 1496 Christi
857 1459 991 1496 debito
1034 1469 1229 1509 quantum
1271 1462 1319 1496 ad
1360 1472 1496 1508 super-

119 1516 491 1554 2oexcrescenciam
544 1519 742 1554 bonorum
794 1518 1081 1566 temporalium
1138 1530 1257 1566 super
1309 1518 1376 1554 illa
1420 1530 1496 1566 que

174 1584 265 1611 sunt
317 1574 391 1611 sibi
442 1575 666 1612 necessaria
717 1575 792 1612 nisi
839 1576 999 1613 Christo
1043 1577 1128 1625 ipsa
1174 1576 1393 1612 reddiderit
1435 1577 1496 1612 vel

175 1633 256 1669 eius
286 1633 541 1681 procuratori
569 1633 763 1682 legitimo.
799 1637 888 1671 Non
918 1647 1010 1683 ergo
1041 1634 1294 1671 excusabitur
1318 1634 1357 1670 in
1387 1634 1495 1670 finali

173 1690 322 1728 iudicio
369 1691 443 1728 nisi
489 1691 643 1728 dederit
693 1693 1009 1729 excrescenciam
1051 1692 1305 1741 procuratori
1346 1691 1493 1729 Christi

172 1749 367 1798 legitimo,
408 1758 444 1786 et
476 1762 548 1798 per
581 1763 828 1799 consequens
862 1750 919 1787 illi
953 1763 1071 1799 quem
1107 1751 1288 1788 Christus
1328 1751 1378 1787 ad
1412 1750 1494 1786 eius

116 1811 154 1844 25
171 1807 488 1844 vicissitudinem
524 1818 764 1857 acceptaret.

229 1868 284 1903 Ex
336 1866 479 1915 quibus
533 1879 623 1903 cum
675 1867 867 1916 predictis
920 1867 1123 1915 colligitur
1174 1869 1282 1916 quod
1327 1866 1495 1915 quilibet

172 1933 333 1962 curatus
375 1925 635 1962 secundarius
669 1927 818 1962 habens
853 1925 1304 1974 superhabundanciam
1338 1934 1493 1973 tempo-

171 1982 315 2019 ralium
359 1984 476 2020 debet
516 1996 758 2032 cognoscere
797 1985 905 2033 quod
945 1997 1063 2033 papa,
1105 1983 1330 2032 episcopuS,
1365 1982 1494 2020 archi-

171 2041 365 2078 diaconus
386 2042 448 2078 vel
463 2041 629 2090 quilibet
647 2043 824 2090 prelatus
847 2042 1030 2090 superior
1051 2041 1100 2078 sit
1115 2055 1230 2079 verus
1254 2050 1494 2090 procurator

113 2103 154 2137 30
171 2099 319 2137 Christi
352 2100 403 2136 ad
435 2099 712 2148 recipiendum
745 2113 817 2137 sua
848 2100 1102 2149 temporalia,
1137 2109 1354 2149 antequam
1388 2101 1494 2136 bona

170 2170 393 2206 pauperum
434 2157 509 2194 sibi
543 2158 786 2195 contribuat.
829 2160 996 2196 Constat
1029 2157 1191 2208 quidem
1227 2171 1271 2195 ex
1303 2159 1388 2206 lege
1422 2157 1493 2194 Dei

170 2225 207 2252 et
258 2217 344 2264 lege
396 2216 531 2265 papali
587 2218 695 2265 quod
745 2217 882 2254 omnia
934 2218 1040 2254 bona
1086 2216 1281 2253 clericalis
1329 2215 1494 2253 ecclesie

169 2275 315 2311 debent
347 2286 430 2311 esse
464 2276 511 2311 de
543 2274 627 2312 iure
661 2277 767 2312 bona
799 2287 1037 2324 pauperum,
1070 2284 1113 2311 ut
1145 2283 1255 2324 patet
1277 2276 1384 2311 XVIO
1405 2287 1442 2323 q.
1460 2286 1492 2310 c.

167 2332 357 2377 Quoniam
373 2333 557 2382 quidquid
565 2342 601 2370 et
611 2335 659 2370 de
669 2333 972 2371 Donacionibus
988 2332 1165 2382 capitulo
1174 2333 1491 2369 Frater-nitatem.

110 2395 151 2428 35
169 2391 271 2427 Cum
312 2403 405 2439 ergo
444 2392 542 2428 tales
582 2391 648 2441 qui
694 2393 937 2428 subtrahunt
976 2391 1184 2440 illegitime
1224 2390 1491 2427 ministerium

169 2461 285 2486 suum
331 2448 406 2485 sibi
451 2449 630 2486 debiturn
677 2451 898 2487 secundum
939 2451 1067 2499 legem
1107 2449 1180 2486 Dei
1219 2450 1281 2486 vel
1319 2457 1410 2486 sunt
1449 2460 1494 2485 ex

239 2607 263 2635 5.
283 2607 308 2635 Ε
328 2607 358 2635 in
379 2615 494 2644 marg.:
516 2607 622 2635 Valve.
751 2609 779 2636 6.
800 2608 870 2636 DE:
892 2608 1064 2636 observari.
1186 2616 1214 2644 9.
1236 2607 1306 2635 DE:
1329 2607 1406 2635 dene
1430 2615 1491 2634 are.

170 2650 211 2670 10.
232 2643 276 2670 A:
298 2642 418 2670 cesarii.
492 2651 524 2670 11.
546 2644 591 2670 A:
614 2644 849 2679 acceptandum.
924 2652 967 2677 14.
988 2643 1058 2670 DE:
1079 2642 1165 2670 alteri
1186 2643 1280 2670 deest.
1355 2642 1400 2670 16.
1449 2642 1490 2669 E:

169 2677 314 2713 legitime.
371 2685 413 2713 19.
435 2678 480 2705 A:
502 2678 660 2706 satisfacit.
723 2686 764 2706 21.
786 2678 826 2706 E:
850 2682 922 2705 sunt
942 2677 1115 2706 necessaria
1137 2678 1231 2705 deest.
1288 2685 1332 2705 22.
1356 2677 1398 2704 A:
1421 2685 1491 2711 pro-

170 2711 281 2739 curari.
390 2712 437 2740 28.
458 2712 498 2740 E:
520 2713 545 2740 si
567 2721 664 2749 papa3
691 2714 735 2741 A:
760 2713 842 2749 quod
864 2717 1002 2748 propter.
1111 2711 1151 2741 31.
1172 2713 1196 2740 E
1217 2713 1247 2740 in
1269 2720 1384 2748 marg:
1407 2711 1492 2739 Bona

169 2747 295 2774 ecclesie
316 2751 387 2774 sunt
407 2747 487 2774 bona
509 2756 692 2783 pauperum.
796 2746 839 2775 33.
860 2748 905 2775 A:
927 2756 962 2775 ca
988 2747 1064 2775 itulo
1085 2756 1153 2775 con.
1176 2756 1196 2775 1.
1219 2756 1244 2775 c.
1347 2746 1395 2782 34.
1416 2746 1440 2774 E
1460 2746 1489 2773 in

169 2789 282 2817 marg.:
304 2782 401 2809 Pensa
421 2782 480 2810 hic.
551 2781 598 2811 36.
619 2784 664 2811 A:
686 2782 743 2810 sibi
766 2782 867 2817 deest;
897 2782 938 2810 ib.
997 2792 1004 2810 t
1025 2791 1061 2810 ex
1080 2783 1174 2810 deest.

239 2888 293 2921 33.
320 2889 418 2922 Decr.
446 2899 514 2922 sec.
541 2899 632 2932 pars,
657 2899 762 2922 causa
780 2889 872 2928 XVI,
892 2899 925 2932 q.
946 2889 987 2929 ΙΙ,
1005 2899 1081 2932 cap.
1100 2889 1253 2923 LXVIII.
1342 2888 1394 2929 34.
1423 2888 1484 2919 De-

169 2935 286 2968 cretal.
313 2936 419 2979 Greg.
445 2936 503 2977 IX,
529 2936 588 2968 lib.
613 2935 670 2977 111,
696 2936 746 2969 tit.
772 2935 898 2978 XXIV,
926 2946 1000 2979 cap.
1028 2936 1067 2968 11.

1306 3002 1348 3033 24

1711 301 1786 342 3th

1573 710 1740 743 Nculccliiil

1526 746 1655 779 pst-lates
1676 748 1784 774 should

1552 785 1603 807 not
1625 782 1659 807 be
1681 782 1760 816 paid.

1534 1872 1615 1900 Such
1637 1881 1687 1900 are
1709 1878 1761 1901 not

1581 1907 1713 1935 Christ's

1549 1946 1691 1976 proctors
1713 1947 1743 1970 to

1520 1978 1704 2005 administer
1723 1978 1773 2005 the

1538 2013 1636 2048 goods
1657 2013 1692 2040 of
1708 2013 1758 2040 the

1603 2056 1689 2083 poor.
