1986 3380
214 290 350 317 sirmio
369 278 491 336 xrur]
684 292 896 324 SECUNDA
927 292 1050 323 PARS.

216 400 341 447 ipsam
378 400 537 446 culpam
564 398 736 445 gloriose
761 407 797 434 et
831 396 963 433 debite
987 398 1193 437 comitari:
1229 398 1266 433 in
1293 398 1369 434 line
1393 409 1524 435 autem

215 465 374 505 oportet
415 468 498 493 esse
538 456 655 492 finale
700 454 892 492 iudicium
938 455 1162 492 universale
1211 465 1247 492 et
1292 469 1435 504 penam
1483 470 1526 493 ac

217 515 412 563 premium
448 515 644 561 generale.

280 573 382 608 Tunc
435 573 581 608 dicebat
633 572 709 607 illis
761 571 1044 619 particularius
1097 573 1144 607 de
1197 580 1347 620 septem
1401 573 1528 620 plagis

181 633 197 665 5
213 631 439 667 necessario
463 629 638 677 peccatis
663 629 962 677 exsurgentibus
986 642 1053 666 seu
1078 630 1354 677 sequentibus:
1384 631 1529 680 Surget

211 701 309 739 gens
338 696 472 724 contra
499 695 653 737 gentem
687 695 721 722 et
755 700 919 737 regnum
943 689 1132 724 adversus
1156 700 1321 738 regnum
1346 696 1380 724 et
1404 696 1526 725 terre-

214 754 340 783 motus
372 746 509 796 magni
523 757 599 794 per
630 745 713 781 loca
746 753 858 780 erunt
881 753 915 781 et
942 745 1166 795 pestilencie
1189 754 1223 782 et
1235 747 1370 795 sames
1402 753 1526 782 terro-

215 817 349 853 resque
372 805 417 840 de
439 804 518 840 celo
541 810 575 839 et
597 803 710 853 signa
735 815 877 852 magna
901 812 1025 840 erunt.
1051 805 1151 840 Nam
1177 804 1338 840 racione
1360 804 1527 841 istarum

214 870 414 899 sectarum
448 873 610 898 necesse
644 870 700 898 est
732 869 889 908 gentem
926 870 1066 898 contra
1105 871 1263 909 gentem
1306 874 1527 910 exsurgere,

160 933 198 955 10
215 929 256 957 ut
290 928 399 968 patet
433 921 480 956 de
513 928 620 956 secta
653 918 871 956 christiana
906 928 942 955 et
976 928 1083 956 secta
1107 919 1248 956 frivola
1271 920 1526 957 Machometi.

215 981 261 1015 Et
286 987 375 1027 post
400 979 475 1014 hoc
498 978 683 1025 generale
716 989 876 1014 necesse
910 986 966 1013 est
992 978 1210 1025 dyabolum
1245 978 1528 1026 particularius

214 1036 385 1073 excitare
430 1049 553 1072 unum
600 1048 764 1084 regnum
819 1037 1008 1072 adversus
1052 1035 1173 1072 aliud.
1226 1037 1350 1073 Terre
1394 1045 1525 1073 autem

215 1104 347 1131 motus
380 1093 607 1142 intelligunt
641 1093 804 1143 quidam
840 1095 888 1129 ad
923 1093 1095 1139 literam,
1130 1095 1199 1130 sed
1231 1094 1388 1131 videtur
1417 1094 1527 1132 mihi.

214 1153 305 1189 licet
343 1151 476 1201 sepius
516 1151 633 1188 fuerit
672 1160 925 1196 terremotus,
965 1153 1073 1200 quod
1115 1152 1255 1188 melius
1294 1152 1529 1201 intelligitur

161 1212 289 1247 15h0c
328 1211 493 1247 verbum
541 1212 587 1246 de
625 1210 936 1259 perturbacione
983 1219 1019 1246 et
1064 1210 1163 1247 falsa
1208 1211 1528 1248 colluctuacione

214 1281 479 1318 personarum
513 1268 761 1305 terrestrium
797 1281 873 1318 que
906 1277 997 1304 sunt
1022 1277 1147 1314 terra3
1184 1277 1219 1305 et
1255 1278 1420 1317 captant
1453 1269 1526 1306 sibi

213 1328 346 1364 locum
381 1328 572 1364 demones
606 1325 645 1363 in
677 1326 821 1376 quibus
844 1335 1007 1375 possent
1040 1335 1189 1363 terram
1212 1327 1333 1364 talem
1369 1339 1528 1364 movere

213 1385 400 1434 iniquius.
435 1387 482 1421 Et
516 1385 620 1422 istud
656 1384 909 1422 mendacium
941 1385 1091 1421 mundo
1125 1385 1407 1422 absconditum
1442 1398 1528 1434 per-

212 1445 346 1480 turbat
386 1452 512 1480 totam
555 1443 784 1485 ecclesiam:
831 1452 867 1479 et
908 1455 997 1480 cum
1046 1444 1217 1480 mundus
1257 1443 1329 1480 iste
1377 1444 1415 1480 in
1448 1457 1527 1493 quo

156 1517 196 1537 20
211 1502 378 1538 vivimus
412 1501 727 1550 temperanciam
762 1501 869 1549 capit
902 1503 951 1538 ab
985 1500 1198 1538 influencia
1222 1502 1355 1538 celesti
1389 1514 1528 1539 secun—

212 1561 305 1596 dum
346 1573 459 1596 suam
500 1559 765 1608 capacitatem
801 1568 838 1596 et
870 1567 1036 1608 propter
1070 1560 1164 1596 istas
1198 1560 1528 1608 perturbaciones

210 1618 594 1667 inproporcionatur
633 1618 718 1654 celo
751 1619 972 1654 secundum
1013 1620 1120 1665 quod
1162 1618 1298 1654 fuisset
1330 1620 1528 1655 subducto

212 1677 287 1713 hoc
309 1684 477 1724 peccato
500 1675 540 1712 in
571 1675 736 1713 ecclesia
760 1675 976 1724 primitiva,
1011 1687 1170 1712 necesse
1195 1686 1251 1713 est
1274 1676 1528 1724 pestilencias

211 1734 406 1783 generari,
454 1744 490 1771 et
536 1747 606 1783 per
651 1746 913 1783 consequens⁷
960 1746 1048 1771 cum
1098 1747 1242 1782 magna
1287 1747 1378 1783 pars
1423 1743 1527 1771 terre

154 1797 192 1829 25
211 1793 363 1829 inculta
397 1792 470 1829 erit
506 1801 671 1841 propter
703 1792 954 1829 sterilitatem
981 1800 1017 1828 et
1041 1804 1205 1839 guerras
1230 1801 1266 1829 et
1300 1792 1527 1841 specialiter

210 1860 375 1899 propter
408 1850 581 1887 discolos
621 1850 660 1886 in
695 1851 801 1887 clero
835 1851 901 1899 qui
942 1863 984 1887 ex
1018 1863 1097 1887 uno
1130 1852 1254 1888 latere
1293 1860 1419 1887 terras
1452 1850 1525 1887 sibi

209 1909 474 1958 appropriant
521 1918 558 1946 et
597 1920 639 1945 ex
685 1908 764 1945 alio
805 1909 927 1946 latere
974 1907 1192 1946 minuendo
1231 1909 1524 1958 rempublicam

117 1995 175 2026 Fol
208 1980 290 2004 non
329 1968 526 2013 laborant,
567 1976 727 2015 oportet
768 1968 911 2004 famem
954 1968 1180 2013 succedere,
1215 1977 1252 2004 et
1286 1980 1355 2016 per
1389 1979 1526 2004 conse-

114 2019 193 2073 2182
209 2037 347 2075 quens,
388 2038 478 2062 cum
513 2026 641 2062 celum
671 2021 675 2078 Ι
705 2037 863 2073 semper
901 2025 980 2074 agit
1023 2026 1062 2062 in
1100 2039 1261 2074 passum
1303 2027 1523 2062 secundum

151 2087 194 2120 30
210 2096 323 2121 suam
348 2082 673 2132 disposicionem.
702 2092 862 2132 oportet
885 2084 996 2133 sequi
1022 2084 1307 2132 impressiones
1331 2083 1525 2121 terrificas

211 2151 247 2178 et
292 2141 403 2190 signa
449 2140 624 2187 insolita,
679 2155 770 2178 cum
818 2142 946 2178 celum
993 2142 1187 2179 invenerit
1239 2141 1525 2192 impressiones

211 2199 423 2248 subigneas
461 2199 594 2236 taliter
631 2199 818 2236 variatas.
864 2202 937 2246 (De
971 2200 1045 2237 ista
1079 2201 1249 2237 materia
1283 2201 1434 2237 dictum
1468 2209 1525 2237 est

211 2260 403 2295 Sermone
428 2259 479 2294 110
514 2259 748 2306 exponendo
782 2258 887 2294 istud
923 2260 1027 2295 Luce
1059 2259 1181 2305 XXIO,
1209 2260 1274 2305 25,
1312 2260 1362 2295 26
1398 2258 1526 2294 Erunt

209 2317 321 2367 signa
355 2317 390 2353 in
423 2317 503 2353 sole
535 2324 570 2352 et
603 2316 720 2363 luna.)
757 2316 822 2353 Sic
856 2315 959 2353 enim
996 2329 1107 2353 error
1140 2317 1344 2365 regiminis
1373 2316 1413 2352 in
1437 2328 1525 2364 pre-

152 2374 349 2423 35positis
383 2384 463 2411 tam
500 2373 776 2423 spiritualibus
810 2387 929 2423 quam
963 2375 1211 2411 secularibus
1245 2374 1339 2412 facit
1372 2374 1411 2410 in
1435 2375 1524 2411 loco

208 2442 343 2470 nostre
377 2432 643 2470 habitacionis
677 2434 780 2469 hunc
815 2445 1006 2469 errorem.

277 2610 298 2630 1.
319 2604 363 2630 A:
385 2603 484 2638 ipsam
507 2603 628 2637 culpam
651 2602 751 2633 deest:
782 2602 821 2629 ib.
843 2603 887 2630 A:
910 2602 1105 2630 commutari.
1207 2610 1232 2630 2.
1254 2603 1298 2630 A:
1322 2602 1409 2630 finale
1430 2602 1523 2630 deest.

206 2647 235 2671 4.
261 2637 328 2665 DE:
351 2636 420 2664 illis.
502 2638 526 2665 5.
547 2639 591 2665 A:
615 2645 667 2664 seu
689 2637 888 2673 sequentibus
909 2637 1002 2664 deest.
1086 2645 1112 2673 7,
1134 2637 1161 2665 ὃ.
1182 2639 1226 2665 A:
1248 2642 1276 2665 et
1297 2637 1472 2672 pestilencie
1491 2653 1525 2656 —

208 2680 318 2707 magna
347 2676 436 2699 erunt
465 2672 559 2700 deest.
700 2679 737 2699 12.
768 2671 792 2699 E
821 2672 851 2700 in
882 2680 996 2708 marg:
1025 2671 1227 2700 Terremotus
1254 2672 1291 2699 ad
1319 2672 1522 2708 prepositum.

207 2716 248 2741 14.
265 2706 333 2734 DE:
355 2707 458 2743 sepius
479 2707 572 2734 deest.
649 2707 685 2735 15.
705 2707 751 2734 A:
773 2706 992 2734 collocucione.
1068 2707 1108 2735 16.
1131 2707 1155 2735 E
1175 2707 1205 2735 in
1227 2715 1341 2742 marg-t
1363 2707 1523 2734 Perturba-

206 2743 310 2769 ciones
329 2741 360 2769 in
381 2743 498 2769 mundo
519 2741 610 2769 unde.
711 2741 753 2770 16.
776 2750 815 2776 17.
838 2742 938 2769 Asca
963 2746 992 2769 ta
1013 2741 1071 2770 sibi
1092 2742 1168 2769 loca.
1270 2741 1309 2769 18.
1330 2742 1376 2769 A:
1397 2741 1521 2777 iniquis.

206 2776 392 2838 zszokddff
413 2777 477 2803 celo
498 2777 573 2804 celo.
658 2775 700 2804 33.
721 2776 790 2804 DE:
813 2776 893 2804 Luce
914 2776 953 2806 X.
972 2782 994 2802 ⁰.
1079 2775 1122 2804 35.
1146 2777 1184 2804 E:
1206 2781 1267 2804 tam
1289 2776 1329 2804 in.
1414 2775 1460 2804 36.
1482 2776 1522 2803 E:

205 2812 242 2838 ha
267 2811 306 2838 ita
333 2810 389 2838 ilis.

279 2917 377 2951 5—8.
398 2919 511 2949 Lucae
531 2918 621 2956 XXI,
646 2928 696 2960 ιο,
722 2929 770 2950 11.
857 2918 910 2950 33.
930 2919 1040 2949 Serm.
1063 2919 1166 2950 Prim.
1188 2919 1281 2959 Pars,
1301 2928 1377 2961 pag.
1398 2918 1522 2962 9—-15.

1739 288 1814 334 30⁴)

1591 583 1607 609 'l
1622 583 1656 609 lic
1679 592 1767 610 sext-u

1555 618 1684 679 xxoiitnds
1700 620 1814 657 ‘caused

1644 661 1659 678 v
1682 661 1737 680 sm.
