1986 3380
223 268 358 297 SERMO
373 257 527 315 xxvm]
690 269 901 302 SECUNDA
929 267 1056 300 PARS.

214 388 433 422 extraneos,
458 377 608 414 scilicet
632 378 790 411 Petrum
817 383 853 410 et
875 375 1091 418 Andmam,
1115 372 1350 420 premittens
1368 373 1526 407 Petrum

214 437 295 485 (qui
329 437 615 484 interpretatur
638 436 870 481 agnoscens)
895 441 1100 479 tamquam
1126 430 1381 478 capitaneum
1406 428 1527 464 firmi-

214 504 335 531 tatem
372 494 463 530 fidei
496 500 779 540 agnoscentem
815 499 851 526 et
884 491 1085 525 Andrean]
1126 487 1209 536 (qui
1243 487 1528 535 interpretatur

215 555 383 589 decorus
430 552 469 587 in
520 550 696 587 stacione
740 549 799 585 vel
844 547 984 592 virilis)
1028 548 1077 583 ad
1122 545 1331 582 ecclesiam
1379 544 1529 580 miticia

182 611 501 647 5decomndum.
548 611 656 644 Duos
702 616 833 642 autem
884 605 982 641 alios
1028 605 1168 640 fratres
1209 612 1402 651 cognatos
1437 615 1529 638 suos

214 667 370 705 vocavit
404 668 443 704 in
476 667 601 714 gradu
634 665 726 709 alio,
773 676 862 700 cum
897 664 1091 699 ,Iacobum
1127 661 1210 710 (qui
1244 661 1530 708 interpretatur

214 727 475 774 supplantans
513 723 782 767 festivitatem)
826 720 981 758 vocavit
1022 722 1069 756 de
1108 718 1377 755 sollicitudine
1414 718 1531 753 huius

216 784 355 820 mundi
379 793 416 820 et
438 783 660 819 Johannem
684 780 766 829 (qui
789 779 1077 827 interpretatur
1098 777 1233 825 gracia
1256 776 1343 823 Dei)
1376 775 1531 812 vocavit

216 844 264 878 de
308 843 514 890 voluptate
558 838 722 876 carnali.
768 839 817 873 Et
861 836 955 885 quia
999 835 1063 872 isti
1108 844 1316 883 tamquam
1356 834 1532 870 minores

162 901 256 936 1oin
300 901 434 937 seculo
479 907 591 935 erant
636 910 726 933 cum
767 904 882 944 patre
921 907 1059 931 eorum
1094 895 1276 930 Zebedeo
1309 891 1532 928 reficientes

217 958 333 1003 recia,
368 957 434 994 alii
465 965 598 993 autem
630 955 670 991 in
698 953 927 1002 piscacione
957 954 1154 988 bonorum
1180 952 1337 987 fortune
1361 949 1533 997 amplius

215 1015 424 1064 antiquati,
465 1014 554 1050 ideo
594 1014 683 1049 illos
721 1011 877 1049 vocavit
919 1011 1139 1047 secundum
1173 1008 1293 1045 aliam
1328 1007 1531 1044 racionem

215 1073 448 1122 graciosius,
502 1074 599 1108 dans
644 1071 698 1108 eis
743 1069 994 1118 privilegium
1041 1080 1159 1115 super
1204 1075 1396 1115 cognatos
1442 1079 1533 1101 suos

214 1133 411 1168 trahendo
435 1131 524 1167 illos
548 1143 569 1166 a
594 1128 736 1165 maiori
754 1127 933 1176 periculo
957 1135 994 1163 et
1016 1127 1198 1163 vocando
1223 1137 1290 1161 eos
1313 1125 1532 1161 secundum

162 1193 197 1224 15
214 1189 468 1239 prioritatem
515 1189 731 1237 quandam,
780 1187 830 1222 ad
882 1186 1156 1222 denotandum
1203 1184 1312 1232 quod
1363 1181 1533 1218 carnalis

214 1247 408 1296 cognacio
450 1255 507 1283 est
549 1259 570 1282 a
613 1244 828 1282 vocacione
871 1242 1092 1292 apostolica
1126 1241 1268 1278 aliena.
1313 1239 1534 1288 Reparacio

214 1319 309 1343 vero
342 1305 493 1342 recium
529 1303 680 1340 indicat
722 1301 956 1351 pauperiem
1001 1299 1163 1336 Domini
1199 1307 1463 1347 cognatorum
1499 1307 1535 1334 et

217 1363 444 1413 specialiter
488 1361 800 1411 disposicionem
846 1368 883 1396 et
927 1358 1171 1396 actualitatis
1216 1356 1442 1394 carenciam
1485 1357 1534 1392 ad

220 1423 469 1459 merendum.

161 1493 204 1515 20
278 1480 342 1516 Hii
377 1488 510 1516 autem
545 1480 624 1514 duo
657 1476 800 1514 binarii
846 1475 1035 1512 continue
1080 1483 1116 1510 et
1162 1472 1295 1510 statim
1343 1474 1535 1509 abeuntes

221 1539 413 1574 mandato
447 1535 609 1573 Domini
656 1536 802 1571 nedum
849 1535 994 1569 docent
1040 1531 1261 1568 efficaciam
1306 1529 1535 1567 vocacionis

220 1595 367 1632 Christi
401 1596 470 1632 sed
503 1594 704 1630 instruunt
738 1592 946 1629 ecclesiam
981 1591 1200 1627 secundum
1244 1602 1364 1637 quam
1400 1588 1536 1625 celeri-

219 1663 343 1690 tatem
377 1654 523 1690 debent
556 1665 625 1688 sua
674 1650 827 1687 monita
871 1648 1098 1697 adimpleri.
1144 1647 1359 1685 Evidencia
1403 1655 1535 1683 autem

220 1714 270 1748 ad
302 1713 378 1748 hoc
411 1710 581 1747 incitans
614 1709 687 1745 fuit
709 1707 1006 1757 preeminencia
1031 1705 1126 1742 artis
1150 1704 1331 1754 piscandi
1355 1704 1538 1741 homines

164 1775 203 1807 25
220 1771 324 1806 ultra
358 1778 482 1806 artem
518 1770 659 1805 rudem
693 1780 813 1816 quam
848 1765 958 1814 prius
1003 1765 1239 1801 habuerant.
1286 1764 1387 1799 Cum
1433 1761 1537 1798 enim

224 1827 407 1865 homines
439 1826 621 1876 piscandi
655 1825 732 1862 sint
777 1825 816 1861 in
861 1823 983 1860 maris
1027 1821 1298 1859 sollicitudine
1343 1819 1540 1857 submersi

222 1896 258 1923 et
303 1895 385 1922 rete
430 1885 546 1921 huius
590 1883 831 1933 pisca-:ionis
876 1882 925 1918 sit
978 1881 1211 1917 mandatum
1265 1878 1539 1927 evangelicum

222 1953 450 1981 contextum
484 1941 803 1979 transversaliter
836 1953 927 1977 cum
952 1938 1100 1976 Christi
1130 1937 1308 1975 consiliis
1333 1949 1409 1985 que
1441 1949 1539 1972 nun-

222 2015 342 2052 quam
376 2001 554 2050 indigent
588 1999 779 2049 reparari,
813 2007 922 2047 patet
956 2007 1037 2034 tam
1078 2009 1121 2033 ex
1160 1995 1340 2033 bonitate
1379 1993 1539 2031 termini

166 2065 342 2110 3oquam
388 2059 644 2097 instrumenti
691 2057 862 2106 dignitas
908 2055 1004 2093 artis
1039 2054 1199 2092 Christi.
1246 2057 1327 2090 Nec
1372 2052 1539 2089 dubium

222 2118 318 2168 quin
350 2127 436 2155 tota
468 2117 543 2154 ista
574 2116 738 2154 vocacio
772 2116 821 2152 sit
865 2116 984 2163 plena
1027 2113 1278 2161 congruitate
1323 2120 1360 2148 et
1404 2110 1540 2147 subtili

223 2177 421 2223 misterio;
463 2188 555 2212 nam
597 2175 669 2211 iste
709 2172 990 2223 quaternarius
1029 2171 1190 2219 reliquit
1222 2169 1355 2218 primo
1388 2169 1539 2205 recium

221 2247 386 2271 suorum
419 2233 706 2279 substanciam,
740 2232 916 2268 secundo
950 2238 1076 2266 artem
1110 2238 1311 2265 terrenam
1346 2236 1383 2263 et
1415 2226 1540 2263 tercio

223 2292 511 2341 cognacionem
545 2300 758 2340 paternam
783 2289 943 2326 Christo
968 2300 1066 2336 pure
1092 2286 1265 2323 finaliter
1289 2286 1539 2322 adherentes.

167 2356 204 2388 35
222 2353 271 2387 Et
303 2350 423 2387 istum
457 2349 639 2387 ordinem
674 2350 820 2384 debent
851 2346 925 2384 viri
959 2344 1171 2394 apostolici
1204 2345 1430 2380 observare.
1465 2343 1541 2379 Sed

222 2409 315 2446 licet
331 2408 512 2445 Christus
534 2416 648 2444 vocet
671 2419 744 2443 nos
768 2405 913 2454 sepius,
929 2406 1137 2441 tardamus
1161 2411 1296 2439 tamen
1318 2401 1403 2438 istis
1419 2400 1544 2449 passi-

224 2468 295 2503 bus
328 2466 628 2514 transmigrare,
663 2464 757 2513 quia
789 2464 880 2500 licet
912 2462 975 2499 via
1004 2461 1053 2498 sit
1082 2460 1196 2497 nobis
1226 2460 1321 2496 trita
1343 2468 1381 2496 et
1402 2467 1543 2508 parata

224 2525 264 2562 in
296 2525 443 2562 sanctis
476 2523 682 2573 apostolis,
716 2531 854 2559 tamen
885 2521 925 2557 in
949 2519 1178 2557 defensione
1202 2527 1240 2555 et
1261 2516 1544 2566 predicacione

225 2582 373 2620 Christi
389 2581 581 2630 evangelii
591 2582 715 2631 (quod
731 2589 788 2617 est
803 2579 926 2628 idem)
939 2577 1014 2615 sibi
1030 2576 1301 2615 essencialiter
1315 2575 1544 2612 reticemus.

294 2739 324 2763 4,
341 2730 363 2758 5.
379 2729 447 2757 DE:
470 2728 629 2757 muticiam
651 2727 870 2755 decorandum.
941 2726 968 2754 6.
991 2725 1033 2752 D:
1056 2725 1153 2760 gradu
1173 2723 1233 2751 alio
1254 2722 1364 2757 modo;
1386 2721 1426 2749 E:
1447 2720 1545 2756 gradu

227 2765 386 2793 maiorem.
481 2785 486 2790 .
507 2765 552 2792 A:
574 2763 724 2799 suppletus
746 2762 952 2790 festinantem.
1034 2768 1062 2795 9.
1084 2758 1153 2786 DE:
1174 2758 1224 2785 isti
1246 2757 1340 2785 deest.
1415 2763 1452 2783 12.
1474 2755 1543 2783 DE:

227 2800 297 2828 illis.
373 2807 414 2833 14.
436 2772 504 2826 Dii:
526 2798 676 2826 trahendo
697 2806 761 2825 eos,
836 2797 872 2824 15.
894 2796 938 2823 A:
960 2802 1053 2832 qua-m
1075 2793 1217 2821 carnalis.
1290 2800 1337 2820 20.
1359 2791 1399 2819 E:
1422 2794 1544 2826 statum.

227 2843 272 2869 24.
293 2835 367 2862 AD:
389 2833 535 2862 hominis.
626 2833 667 2860 25.
689 2832 761 2860 AD:
785 2839 900 2858 aurem.
991 2834 1037 2857 20.
1060 2828 1128 2856 DE:
1150 2828 1211 2855 sint
1231 2827 1324 2854 deest.
1410 2833 1454 2864 27.
1475 2824 1544 2851 DE:

227 2869 387 2905 evangelii.
512 2876 561 2904 29,
582 2866 628 2895 30.
650 2867 719 2895 DE:
743 2866 863 2894 numeri
883 2873 986 2901 qnam.
1113 2862 1152 2894 31,
1173 2861 1217 2890 32.
1238 2863 1282 2890 A:
1305 2863 1494 2896 congruitate
1513 2874 1547 2878 —-

228 2904 330 2940 primo
351 2904 444 2931 deest.
517 2902 565 2938 39.
587 2902 656 2930 DE:
679 2902 737 2930 sibi
758 2901 901 2929 totaliter.

1632 494 1735 520 Christ

1592 530 1685 555 called
1708 534 1769 555 two

1566 568 1720 597 strange—rs
1741 564 1798 589 and

1566 603 1626 624 two
1650 598 1798 624 sclazne-2.

1571 1488 1663 1516 Their
1684 1492 1809 1527 prompt

1602 1524 1777 1550 obedience.

1561 2114 1648 2150 The)v
1670 2114 1720 2141 left
1741 2114 1777 2141 all
1800 2118 1829 2140 10

1574 2149 1676 2176 follow
1700 2149 1818 2176 Christ.
