1986 3380
207 287 342 317 SERMO
359 276 481 333 XLIV-l
675 289 889 321 securim
919 287 1041 318 PARs.
1734 280 1750 313 3
1768 292 1774 313 ι
1791 294 1812 325 9

210 397 307 442 Quis
347 409 440 444 ergo
481 395 683 432 menciens
724 397 806 430 Deo
846 394 885 429 in
926 394 1131 441 peccando
1170 405 1252 428 non
1286 393 1523 428 mentiretur

209 455 282 491 sibi
316 464 532 503 antequam
567 462 761 502 perpetuo
796 451 1108 500 dampnaretur?

269 515 308 549 In
360 512 591 561 oppositum
642 511 798 547 videtur
849 511 954 558 quod
1006 507 1200 556 ypocrisis
1252 507 1299 543 sit
1353 507 1524 555 speciale
1551 516 1630 542 Ιὶκωι
1656 525 1722 555 men
1746 517 1815 554 who

209 579 419 619 peccatum
451 569 705 617 singulariter
735 567 1011 604 concomitans
1043 567 1256 602 mendaces
1287 574 1323 601 et
1347 565 1525 613 duplices
1551 552 1806 620 ,ulls'jflsslpglcsslsss

176 632 454 678 5peccatores.
496 627 623 663 Aliter
662 627 766 663 enim
806 625 1079 662 indifferenter
1117 636 1256 660 omnes
1295 632 1526 671 peccatores
1642 615 1650 621 :

210 687 437 724 dicerentur
459 685 651 733 ypocrite,
686 697 775 720 cum
809 694 943 720 tamen
977 682 1100 731 aliqui
1134 682 1268 718 dicant
1298 682 1405 729 quod
1437 690 1528 717 sunt

210 754 441 794 peccatores
475 743 647 780 maiores
680 755 801 791 quam
834 750 924 778 sunt
957 740 1194 789 simpliciter
1223 741 1355 788 quoad
1387 741 1526 775 Deum.

210 804 426 849 Quomodo
472 814 565 849 ergo
611 801 709 837 tales
749 800 788 835 in
826 812 866 835 se
905 799 1095 835 simulant
1134 797 1413 834 sanctitatem?
1453 797 1527 832 Hic

210 861 356 898 dicitur
388 861 496 909 quod
536 858 666 895 omnis
701 857 941 894 criminosus
976 866 1032 893 est
1064 856 1247 904 ypocrita
1280 865 1316 892 et
1350 864 1525 891 econtra.

157 933 192 954 10
267 921 315 955 Et
347 931 420 967 pro
459 917 665 954 solucione
705 929 751 952 ac
791 915 1071 952 declaracione
1104 914 1270 950 materie
1303 915 1524 949 notandum

209 978 317 1026 quod
348 976 554 1024 multiplex
583 984 639 1011 est
663 974 805 1019 diceio,
831 974 981 1010 scilicet
1004 973 1120 1009 realis
1144 973 1204 1008 vel
1238 971 1526 1015 sermocinalis,

209 1035 394 1084 explicita
415 1035 476 1071 vel
498 1033 710 1081 implicita,
735 1033 955 1068 secundum
988 1030 1266 1067 excellenciam
1300 1029 1526 1066 sensibilem

207 1094 268 1131 vel
296 1094 516 1130 secundum
548 1090 873 1140 implicacionem
903 1089 1188 1126 insensibilem.
1224 1091 1301 1124 Isto
1333 1087 1528 1136 premisso

209 1151 443 1189 conceditur
475 1150 650 1198 primum
684 1157 933 1197 assumptum
969 1156 1005 1184 et
1033 1155 1202 1195 negatur
1235 1145 1526 1195 consequencia

155 1212 192 1245 15
209 1211 317 1260 quod
362 1209 500 1246 exinde
551 1221 632 1245 non
683 1207 731 1244 sit
776 1206 907 1243 omnis
950 1206 1133 1254 ypocrita
1185 1204 1424 1241 criminosus
1468 1204 1528 1239 vel

210 1277 386 1313 econtra,
422 1277 458 1304 et
491 1266 547 1303 sic
586 1265 716 1303 omnis
750 1274 939 1314 peccator
973 1273 1030 1300 est
1064 1264 1124 1299 νίν
1157 1263 1303 1312 duplex
1334 1263 1461 1298 animo
1494 1269 1529 1297 et

209 1327 428 1363 inconstans
477 1329 534 1370 (ut
581 1324 677 1360 dicit
728 1326 867 1360 beatus
913 1322 1112 1367 Jacobus),
1162 1321 1257 1370 quia
1302 1320 1399 1357 dicit
1444 1322 1527 1356 Deo

209 1384 447 1421 naturaliter
491 1384 598 1432 quod
644 1381 718 1419 sibi
763 1381 907 1418 serviat
950 1381 1033 1417 sine
1079 1380 1197 1427 culpa
1241 1388 1277 1416 et
1323 1392 1412 1415 cum
1454 1379 1528 1414 hoc

212 1443 308 1479 dicit
347 1442 519 1490 dyabolo
559 1442 667 1489 quod
711 1439 785 1476 sibi
823 1438 968 1476 serviat
1008 1451 1078 1487 per
1117 1446 1347 1486 peccatumss,
1389 1445 1425 1473 et
1473 1436 1529 1472 sic

153 1517 195 1539 20
211 1513 350 1538 omnes
383 1509 615 1548 peccatores
648 1507 738 1535 sunt
770 1499 989 1534 secundum
1024 1496 1199 1544 aliquem
1232 1497 1400 1543 gradum
1434 1507 1530 1543 ypo-

211 1559 321 1605 crite,
356 1558 447 1595 licet
479 1556 675 1606 ypocrisis
707 1557 746 1592 in
780 1556 1007 1592 ostensione
1040 1554 1246 1602 signorum
1279 1552 1527 1590 sensibilium

209 1625 375 1666 propter
407 1615 712 1653 simulacionem
746 1613 970 1651 sanctitatis
1005 1622 1041 1649 et
1074 1612 1314 1661 operacione
1353 1610 1530 1647 indebita

210 1676 420 1724 culparum
450 1673 653 1711 servilium
678 1672 804 1721 magis
829 1671 1076 1720 exprimitur.
1111 1673 1159 1706 Et
1182 1670 1250 1715 sic,
1275 1670 1376 1706 sicut
1399 1669 1529 1705 omnis

208 1732 478 1783 pusillanimis
519 1740 575 1769 est
613 1732 820 1780 superbus,
860 1730 915 1766 sic
954 1729 1084 1766 omnis
1121 1741 1321 1777 pompans
1362 1740 1401 1764 se
1445 1740 1529 1763 esse

155 1791 564 1830 255celeratissimum
612 1799 669 1826 est
706 1788 902 1838 ypocrita,
949 1788 1042 1836 quia
1091 1787 1187 1823 dicit
1226 1788 1276 1823 ad
1315 1785 1527 1822 minimum

210 1849 447 1887 naturaliter
479 1850 588 1898 quod
621 1848 671 1884 sit
703 1856 865 1885 sanctus
898 1855 935 1882 et
969 1845 1064 1882 dicit
1097 1845 1137 1882 in
1169 1844 1300 1882 verbis
1332 1843 1528 1892 implicite

212 1910 320 1958 quod
352 1908 392 1944 in
426 1907 605 1944 moribus
639 1906 688 1943 sit
720 1918 942 1954 perversus.

269 1968 346 2003 Sed
380 1965 473 2015 quia
506 1965 636 2002 maior
667 1964 862 2013 ypocrisis
896 1972 953 2000 est
986 1962 1025 1998 in
1059 1961 1286 1998 ostensione
1324 1960 1529 2008 signorum
1572 1967 1749 2005 Hypocrjsy
1769 1967 1794 1993 is

210 2025 472 2069 sensibilium,
514 2032 556 2059 ut
596 2023 635 2060 in
667 2022 854 2059 veteratis
888 2020 1083 2070 phariseis
1115 2020 1212 2068 legis
1243 2019 1387 2056 veteris
1422 2027 1458 2054 et
1491 2017 1530 2054 in
1555 2004 1810 2071 (ζζῗῖζῗῇῗὲιῖζέξζ

152 2091 195 2124 30
211 2082 385 2132 parvulis
429 2081 624 2131 phariseis
668 2080 841 2129 vulpinis
885 2089 1067 2128 tempore
1105 2078 1201 2126 legis
1241 2076 1401 2122 Christi,
1441 2076 1531 2112 ideo

210 2144 259 2179 de
291 2141 369 2178 illis
402 2141 613 2189 paululum
647 2148 703 2176 est
727 2139 955 2175 dicendum.
989 2139 1038 2173 Et
1071 2136 1204 2186 primo
1236 2136 1394 2172 videtur
1423 2136 1530 2183 quod

209 2197 250 2237 in
294 2199 487 2248 capcione
532 2197 692 2235 habitus
741 2196 801 2233 sui
846 2195 1043 2233 sensibilis
1089 2204 1171 2232 tam
1219 2194 1448 2230 differenter
1494 2201 1530 2229 et

210 2267 440 2295 constanter
463 2258 512 2294 ab
537 2256 624 2293 aliis
657 2263 826 2304 peccant
855 2253 1030 2303 ypocrisi
1063 2253 1102 2289 in
1135 2253 1334 2301 ingressu3
1368 2260 1530 2300 possent

211 2317 317 2354 enirn
361 2324 444 2352 tam
489 2323 638 2359 sancte,
678 2323 759 2350 tam
806 2313 907 2349 iuste
952 2321 989 2349 et
1036 2321 1117 2348 tam
1159 2310 1363 2347 meritorie
1401 2309 1531 2346 vivere

154 2382 193 2415 35
210 2374 294 2412 sine
332 2374 403 2411 tali
443 2373 580 2410 habitu
618 2373 679 2409 vel
724 2372 838 2420 signo
884 2370 1074 2415 sensibili,
1117 2378 1159 2405 ut
1200 2370 1322 2405 modo
1363 2367 1528 2404 faciunt.

211 2435 313 2470 Cum
364 2445 457 2480 ergo
509 2431 599 2468 talis
649 2430 730 2467 vita
781 2430 884 2466 foret
935 2428 1143 2465 occulcior
1194 2436 1232 2464 et
1278 2439 1349 2476 per
1394 2438 1531 2463 conse-

212 2504 338 2541 quens
390 2491 541 2527 mundo
592 2488 764 2526 celacior
816 2497 853 2525 et
915 2486 1162 2532 absconsior,
1213 2485 1370 2523 videtur
1423 2485 1531 2533 quod

283 2635 303 2655 1.
319 2627 363 2654 A:
385 2634 457 2662 ergo
472 2626 566 2653 deest.
634 2623 659 2652 3.
676 2625 704 2652 A
718 2624 749 2651 in
765 2631 880 2658 marg:
901 2622 933 2650 In
949 2621 1147 2658 oppositum:
1168 2621 1204 2648 E:
1230 2620 1279 2648 Ad
1296 2619 1487 2655 oppositum.
1511 2627 1530 2646 1.

178 2680 180 2682 -
213 2662 240 2690 8.
270 2661 339 2689 DE:
369 2661 470 2697 quoad
503 2670 550 2694 se;
579 2660 619 2687 ib.
650 2660 679 2688 A
708 2659 738 2686 in
769 2667 883 2693 marg:
913 2657 1103 2692 Responsio;
1133 2657 1158 2684 E
1187 2656 1217 2683 in
1249 2663 1363 2690 marg:
1394 2655 1531 2681 Solucio.

213 2705 255 2725 10.
276 2697 301 2724 E
320 2697 350 2723 in
372 2704 486 2731 marg:
505 2695 597 2723 Nota.
619 2694 725 2722 Diccio
746 2698 791 2721 est
812 2692 982 2727 multiplex.
1057 2700 1092 2719 11.
1114 2691 1183 2718 DE:
1206 2690 1295 2718 realis
1316 2694 1354 2717 et.
1424 2698 1465 2723 14.
1486 2690 1531 2716 A:

213 2736 356 2768 negetur3
377 2731 417 2758 ib.
438 2733 467 2758 A
487 2730 517 2757 iu
538 2738 652 2765 marg:
676 2738 695 2757 1.
770 2736 816 2755 20.
839 2728 907 2755 DE:
929 2727 1064 2763 aliquam
1085 2727 1238 2761 graciam:
1260 2725 1284 2752 E
1304 2724 1457 2752 correxit:
1479 2724 1532 2751 ali-

214 2775 306 2802 quam
328 2766 493 2793 racionem.
567 2763 609 2793 23.
631 2765 656 2792 E
675 2764 706 2791 in
727 2772 840 2798 marg:
862 2762 954 2790 Nota.
1037 2760 1083 2789 30.
1107 2761 1260 2797 perversis
1281 2768 1361 2786 corr.
1384 2759 1408 2786 E
1429 2768 1443 2786 e
1465 2767 1533 2794 par-

214 2801 303 2828 vulis.
405 2799 447 2828 32.
469 2800 494 2827 D
516 2800 546 2827 in
568 2808 682 2834 marg:
704 2797 848 2826 Monachi
870 2797 1018 2834 ypocrite.
1120 2795 1162 2824 35.
1184 2795 1208 2823 E
1228 2795 1258 2822 in
1280 2803 1394 2829 marg:
1417 2794 1533 2822 Contra

215 2836 384 2863 modernos
402 2835 560 2872 ypocritas
580 2835 610 2862 in
631 2834 746 2861 habitu.
822 2831 865 2868 37.
887 2833 931 2860 A:
954 2831 1080 2859 Christo
1101 2830 1294 2858 absconsior.

292 2931 340 2962 ¹7·
367 2919 484 2952 Jacobi
516 2921 537 2957 l,
564 2917 594 2948 8,
646 2908 652 2918 ’
