1986 3380
189 280 325 309 SERMO
340 269 465 327 xxm]
664 282 877 316 SECUNDA
904 282 1030 316 PARS.
1714 274 1786 308 165

189 399 419 428 sanctorum
453 389 653 438 reliquias,
688 401 778 425 cum
812 388 959 425 scimus
999 389 1107 436 quod
1146 387 1400 435 triumphans
1440 401 1501 424 ec-

190 449 309 486 clesia
341 462 423 485 non
454 448 509 485 sic
542 447 648 485 facit.
690 446 787 492 Quis
832 446 937 482 enim
983 445 1138 482 dubitat
1182 447 1290 493 quod
1324 444 1502 492 Baptista

99 533 159 564 Fo}
189 517 225 544 et
250 507 363 543 multi
387 505 560 554 apostoli
584 514 673 541 sunt
696 504 843 541 nostris
868 503 1109 552 martyribus
1133 504 1192 540 vel
1208 502 1502 540 confessoribus

93 556 174 611 2023
189 565 434 609 sancciores3
474 576 574 612 quos
613 572 750 600 tamen
784 575 828 599 ex
861 575 982 599 causa
1018 574 1100 598 non
1129 557 1132 614 Ι
1163 560 1376 598 excusabili
1415 561 1503 608 plus

156 626 226 660 §et
272 621 533 670 multiplicius
577 622 836 658 honoramus.
883 621 984 656 Cum
1030 632 1122 667 ergo
1168 621 1358 655 debemus
1409 631 1503 655 con—

188 680 355 717 formari
403 679 599 717 voluntati
651 679 782 715 divine
827 687 1022 726 quantum
1068 677 1301 723 sufficimus,
1346 676 1502 713 videtur

188 751 373 775 securum
389 747 517 775 totam
536 746 715 774 nostram
739 735 1000 773 devocionem
1023 735 1063 772 in
1087 735 1291 772 Christum
1316 734 1501 782 colligere

189 806 225 833 et
256 797 407 833 cultum
438 795 645 832 confusum
674 795 721 842 (si
746 804 782 831 et
805 803 1000 843 quatenus
1024 793 1098 830 sibi
1121 792 1331 842 placuerit)
1354 792 1501 829 sanctis

189 856 296 899 dare,
331 863 369 891 et
401 854 566 890 omnino
598 865 671 890 nec
709 853 749 889 in
781 851 1177 901 peregrinacionibus
1209 850 1345 888 necin
1367 863 1502 898 sump-

135 925 173 946 10
187 912 312 949 tuosis
346 911 685 949 honoracionibus
718 910 978 959 reliquiarum
1015 918 1267 946 mortuorum
1307 909 1346 944 in
1386 908 1501 945 terris

188 972 387 1015 excedere,
421 971 489 1006 sed
523 971 659 1006 beatos
692 968 855 1017 spiritus
888 977 1142 1004 mortuorum
1167 980 1257 1004 cum
1281 966 1501 1015 prudencia

187 1030 369 1065 adorare.
405 1029 520 1064 Unde
552 1028 602 1064 ad
626 1028 820 1063 honorem
844 1026 945 1063 foret
969 1035 1201 1063 sanctorum
1226 1034 1262 1062 et
1286 1024 1500 1061 utilitatem
1522 1030 1645 1058 Wealth
1668 1031 1780 1069 »κήτεα

188 1085 352 1123 ecclesie
385 1086 494 1134 quod
528 1085 739 1122 distributa
774 1085 904 1121 forent
933 1084 1178 1133 pauperibus
1202 1083 1347 1120 iocalia
1371 1084 1501 1131 sepul-
1557 1074 1595 1093 ΟΠ
1618 1066 1748 1093 slmnes.

187 1157 362 1190 crorum,
408 1143 551 1192 quibus
589 1144 708 1180 stulte
747 1156 792 1179 ac
832 1142 959 1179 eciam
998 1142 1169 1179 inaniter
1207 1150 1298 1177 sunt
1344 1149 1499 1178 ornata.

133 1203 170 1235 15
188 1202 279 1239 Scio
301 1211 438 1239 tamen
467 1203 575 1250 quod
604 1210 719 1238 acute
749 1210 786 1238 et
815 1201 955 1237 diffuse
985 1202 1171 1248 detegens
1195 1201 1299 1236 hunc
1323 1211 1499 1236 errorem

186 1261 288 1297 foret
321 1273 342 1297 a
375 1259 595 1297 cultoribus
630 1259 834 1307 signorum
875 1268 912 1295 et
951 1258 1080 1295 avaris
1118 1257 1418 1306 reportantibus
1458 1270 1501 1293 ex

187 1318 332 1355 talibus
366 1317 558 1366 sepulcris
592 1319 747 1354 lucrum
782 1317 1015 1354 manifestus
1048 1315 1247 1353 hereticus
1279 1324 1500 1364 reputatus.

186 1379 288 1413 Nam
322 1376 363 1412 in
395 1377 503 1412 cultu
527 1385 564 1412 et
595 1375 858 1412 veneracione
892 1374 1106 1411 eukaristie
1139 1387 1229 1411 cum
1264 1375 1373 1410 cultu
1396 1386 1501 1409 mor-

187 1444 349 1471 tuorum
382 1447 599 1482 corporum
644 1443 764 1482 atque
806 1433 1037 1481 ymaginum
1083 1445 1153 1481 per
1196 1432 1501 1481 generacionem

131 1502 173 1525 20
188 1493 413 1530 adulteram
446 1491 614 1529 ecclesia
646 1500 703 1529 est
735 1493 912 1528 seducta.

656 1628 850 1669 SERMO
882 1629 1028 1668 XXIII.

244 1726 361 1762 Liber
381 1724 650 1775 generacionis
661 1724 751 1760 Jesu
772 1723 930 1772 Christi,
942 1723 1024 1774 filii
1037 1724 1182 1772 David,
1193 1723 1276 1773 filii
1288 1723 1500 1759 Abraham.

187 1783 353 1820 Matthei
388 1785 437 1829 10,
470 1796 500 1819 1.

244 1844 301 1879 De
330 1840 505 1890 quinque
535 1840 644 1877 festis
673 1841 789 1877 beate
810 1839 973 1888 virginis
1003 1840 1078 1876 hoc
1106 1841 1327 1876 secundum
1357 1839 1500 1876 festum
1587 1844 1719 1872 (Ἀπί-κὴ

129 1900 169 1931 25
185 1913 253 1936 sue
286 1899 505 1936 nativitatis
537 1898 811 1947 genealogizat
844 1897 1150 1945 generacionem
1183 1899 1331 1945 Joseph
1370 1906 1406 1934 et
1445 1897 1501 1934 sic
1525 1881 1780 1949 ῃῃξζᾞῇξῗὲᾖέῃ

186 1971 299 1994 suam
339 1967 377 1994 et
415 1957 498 2003 filii,
539 1970 630 1994 cum
669 1969 741 1993 nec
781 1956 980 2004 scriptura
1014 1957 1133 1993 habet
1167 1955 1500 1992 consuetudinem
1589 1949 1714 1985 ²¹0⁵⁶P¹¹·

184 2016 438 2064 genealogias
482 2015 723 2052 feminarum
766 2023 897 2051 texere
941 2016 1010 2050 sed
1047 2014 1239 2060 virorum,
1286 2022 1322 2050 et
1353 2015 1501 2062 „loseph

185 2076 232 2111 de
263 2075 402 2111 eadem
427 2073 534 2110 tribu
556 2074 685 2110 fuerat
709 2085 799 2110 cum
823 2072 950 2109 Maria
979 2085 1051 2109 nec
1075 2072 1194 2109 aliam
1223 2072 1499 2121 genealogiam

184 2131 366 2169 Christus
411 2133 583 2169 habebat
627 2130 873 2176 humanitus,
919 2130 1037 2167 istam
1083 2143 1177 2178 ergo
1226 2130 1501 2178 genealogiam

127 2190 170 2222 30
185 2191 375 2227 debemus
408 2190 590 2238 accipere
622 2197 860 2227 reverenter.
897 2188 999 2234 Quia
1029 2201 1122 2237 ergo
1154 2201 1241 2225 mos
1271 2196 1328 2225 est
1351 2190 1502 2225 Hebre-

185 2261 300 2285 orum
325 2247 469 2297 quibus
494 2248 695 2285 Mattheus
719 2246 877 2295 scripsit
901 2246 1149 2295 evangelium
1174 2259 1291 2283 suum
1315 2246 1502 2283 hebraice

185 2306 446 2343 denominare
478 2306 601 2343 libros
633 2318 725 2342 suos
757 2306 805 2342 ab
838 2317 884 2342 eo
918 2306 1027 2354 quod
1058 2314 1255 2342 tractatur
1288 2305 1328 2341 in
1361 2317 1500 2341 eorum

183 2364 384 2413 principio
435 2365 494 2413 (ut
544 2373 655 2412 patet
700 2362 862 2400 Genesis
908 2365 977 2411 10),
1017 2362 1108 2400 ideo
1159 2363 1500 2400 dicit-Mattheus

185 2422 433 2471 evangelium
471 2435 587 2459 suum
627 2434 711 2458 esse
743 2421 890 2458 librum
922 2420 1201 2469 generacionis
1223 2422 1316 2458 Jesu
1339 2420 1499 2457 Christi.

184 2480 262 2518 Ubi
294 2493 375 2518 non
408 2480 573 2517 dubium
603 2481 712 2529 quod
744 2478 924 2528 loquitur
948 2480 995 2516 de
1027 2478 1292 2527 generacione
1324 2480 1501 2516 humana

224 2637 229 2642 ι
252 2601 277 2630 3.
298 2603 367 2631 DE:
388 2607 417 2630 et
436 2602 678 2642 confessoribus.
798 2611 839 2630 10.
860 2603 904 2630 A:
927 2607 1130 2643 mortuarum.
1252 2611 1286 2642 11:
1308 2602 1378 2629 DE:
1400 2602 1499 2629 bonos

184 2642 320 2677 sp1r‘1tus.
377 2638 418 2665 16.
435 2637 504 2666 DE:
525 2638 583 2677 tali.
598 2638 690 2677 cultu.
747 2644 790 2664 22.
806 2637 862 2664 AD
883 2645 914 2664 m
935 2637 1182 2676 mal-quRIlh
1206 2637 1258 2676 Dis]
1278 2645 1309 2664 1n
1330 2645 1444 2676 marg:
1466 2637 1499 2664 In

182 2672 462 2742 {angilijatehffiiiililte
483 2672 756 2735 (Εε3ζιῑῗὲὲιεξθό
792 2680 836 2708 27.
858 2672 902 2700 A:
923 2673 1184 2734 {gargogiatsdlsict
1195 2676 1223 2699 et
1244 2680 1273 2699 111
1285 2673 1375 2734 3150ch
1393 2674 1498 2733 seqq&

184 2728 278 2769 deest.
315 2717 321 2735 z
452 2728 457 2734 .
582 2729 587 2734 .
670 2717 675 2735 :
706 2715 712 2720 ·
751 2716 843 2742 ipere.
915 2738 918 2741 .
964 2728 970 2733 .
1030 2716 1035 2734 :
1059 2715 1076 2734 u
1132 2715 1169 2734 1c1
1188 2728 1193 2733 .
1321 2727 1326 2732 .
1386 2716 1392 2733 :
1414 2714 1475 2741 quo

254 2824 272 2856 7
300 2823 333 2844 et
357 2823 459 2857 seqq.
493 2814 546 2847 Cf.
578 2814 629 2846 De
656 2813 821 2855 Ecclesia,
853 2823 931 2857 pag.
958 2812 1038 2855 465.
1183 2823 1237 2846 22.
1265 2813 1316 2845 Cf.
1336 2812 1497 2855 Wyclif's

185 2859 353 2891 Sermons
381 2870 435 2892 eo.
460 2860 507 2904 by
536 2860 670 2892 Arnold
698 2861 722 2900 Ι,
747 2870 825 2902 pag.
854 2859 1049 2904 390—392.
1186 2870 1239 2903 27.
1268 2859 1317 2892 Cf.
1344 2860 1493 2902 August.

185 2905 277 2948 Opp.
304 2913 377 2938 tom
404 2906 462 2948 111,
487 2917 567 2950 pars
593 2907 616 2947 1,
642 2917 721 2950 pag.
747 2906 824 2950 573.
