1986 3380
199 285 334 314 SERMO
356 275 406 333 L]
664 287 880 321 SECUNDA
908 287 1032 319 PARS.

198 396 499 444 precluduntur.
561 397 707 432 Sensus
759 403 893 432 autem
952 394 1118 431 interior
1170 404 1207 431 et
1258 395 1509 443 ymaginacio

199 454 370 491 maxime
403 463 498 491 tunc
531 454 571 490 in
602 462 716 502 parte
750 452 950 498 senciunt3
990 462 1296 501 verumptamen
1329 453 1507 490 omnium

197 512 433 549 interiorum
462 525 650 549 sensuum
672 510 861 548 vivacitas
885 519 1050 559 propter
1072 524 1287 559 sompnum
1311 511 1508 548 letiferum

198 579 254 607 est
297 571 440 619 sopita.
505 572 553 606 Et
606 570 699 606 hinc
749 569 951 605 naturales
1014 568 1177 606 eliciunt
1237 569 1367 606 media
1421 582 1508 606 cum

163 628 497 677 5experimentali
556 628 703 664 noticia
754 626 821 675 qui
874 626 951 663 cibi
1010 636 1046 664 et
1104 636 1222 676 potus
1281 641 1372 665 cum
1424 627 1511 664 aliis

198 686 515 723 circumstanciis
554 694 644 722 sunt
683 686 732 722 ad
770 698 985 733 sompnum
1025 685 1255 722 huiusmodi
1295 685 1510 731 inductiva,

197 754 239 781 ut
278 744 417 781 allium
457 753 493 780 et
532 752 650 792 potus
688 743 801 779 fortis
842 751 878 779 et
917 756 1043 780 novus
1081 757 1171 780 cum
1218 744 1358 781 ceteris
1404 757 1512 780 com—

197 802 390 851 plexionis
424 802 654 839 huiusmodi
686 813 762 850 que
795 810 961 849 propter
983 801 1256 839 viscositatem
1289 812 1326 839 et
1357 802 1512 838 fortitu-

198 860 330 897 dinem
366 859 617 897 humiditatis
650 859 803 896 tardius
837 859 1084 907 digeruntur.

145 933 182 954 10
254 918 398 967 Vigilia
431 927 565 955 autem
604 917 799 955 naturalis
838 926 895 954 est
934 918 1086 954 solucio
1127 918 1295 954 istorum
1336 918 1512 967 particu-

197 976 340 1014 larium
381 990 570 1014 sensuum
610 989 690 1012 non
730 975 923 1024 privative
962 976 1150 1024 opposita
1194 978 1262 1013 sed
1307 976 1513 1013 contraria

101 1017 182 1103 22ss
197 1048 368 1084 sompno
405 1035 526 1072 dicto.
556 1031 560 1088 Ι
590 1037 646 1071 De
681 1033 917 1082 incepcione
949 1043 1084 1071 autem
1118 1035 1277 1083 sompni
1312 1044 1348 1071 et
1380 1034 1512 1082 vigilie

197 1107 287 1131 cum
323 1093 410 1131 aliis
435 1092 740 1130 difficultatibus
773 1093 1024 1130 naturalibus
1054 1092 1236 1141 relinquo
1260 1092 1512 1142 philosophis

196 1153 540 1201 pertractandum.
576 1150 680 1188 Satis
705 1150 866 1199 quidem
902 1160 958 1188 est
982 1152 1090 1200 quod
1120 1151 1221 1188 sicut
1253 1151 1293 1188 in
1327 1150 1511 1188 exteriori

142 1215 179 1248 15
197 1210 358 1247 homine
382 1219 472 1247 sunt
495 1222 688 1258 sompnus
712 1217 749 1246 et
770 1208 906 1258 vigilia
928 1210 1144 1255 naturales,
1168 1209 1225 1247 sic
1249 1209 1289 1246 in
1321 1209 1512 1246 interiore

196 1269 358 1305 homine
404 1277 494 1305 sunt
539 1280 734 1316 sompnus
780 1277 817 1305 et
854 1268 988 1316 vigilia
1033 1267 1274 1316 spirituales,
1314 1268 1370 1305 sic
1403 1269 1511 1316 quod

196 1327 414 1376 spiritualis
440 1338 634 1375 sompnus
658 1326 707 1362 sit
726 1325 870 1374 ligacio
894 1340 1083 1363 sensuum
1107 1326 1309 1363 interioris
1338 1325 1511 1363 hominis

197 1385 438 1422 difformiter
478 1384 648 1430 racioni,
688 1393 725 1420 et
765 1384 986 1433 spiritualis
1029 1385 1165 1433 vigilia
1209 1384 1258 1421 sit
1302 1386 1512 1421 attendens

197 1443 398 1480 interioris
433 1442 607 1480 hominis
641 1442 902 1480 conformiter
934 1443 1107 1480 racioni:
1141 1443 1197 1480 sic
1221 1442 1512 1491 proporciona-

139 1502 286 1538 201iter
326 1503 374 1539 de
406 1501 580 1539 naturali
620 1514 791 1549 sompno
832 1511 869 1538 et
908 1501 1043 1550 vigilia
1082 1510 1139 1538 est
1181 1501 1410 1538 dicendum.
1465 1503 1513 1537 Et

195 1569 305 1609 patet
345 1559 646 1597 racionabilitas
690 1560 869 1608 precepti
915 1559 1063 1596 Christi
1108 1561 1315 1608 quomodo
1359 1559 1512 1597 viantes

195 1618 340 1667 singuli
374 1619 545 1655 debeant
576 1618 754 1666 vigilare.

252 1677 347 1714 Tria
380 1686 513 1714 autem
549 1684 640 1713 sunt
673 1688 717 1712 ex
750 1676 821 1713 Dei
855 1676 1116 1725 providencia
1147 1676 1262 1712 nobis
1294 1675 1512 1724 incognita,

195 1735 346 1773 scilicet
390 1734 525 1783 gracia
567 1743 703 1771 nostre
756 1734 1129 1783 predestinacionis,
1184 1734 1266 1771 dies
1318 1733 1513 1783 generalis

140 1795 179 1829 25
196 1793 510 1831 examinacionis
543 1801 580 1830 et
612 1793 738 1831 tercio
761 1794 861 1830 hora
894 1793 1055 1839 mortis;
1089 1792 1179 1829 ideo
1213 1792 1309 1829 dicit
1332 1792 1513 1830 Christus

196 1854 303 1902 quod
336 1860 414 1889 tam
438 1852 627 1889 nescimus
651 1851 749 1888 diem
772 1852 903 1888 iudicii
923 1864 1034 1901 quam
1060 1851 1177 1888 eciam
1202 1851 1341 1887 horam
1364 1851 1511 1887 mortis.

196 1913 244 1947 Et
284 1920 445 1960 oportet
485 1912 594 1959 quod
638 1910 679 1947 in
722 1919 896 1959 utroque
940 1910 1108 1946 istorum
1154 1909 1337 1947 Christus
1381 1909 1513 1946 veniat

197 1971 246 2006 ad
280 1969 453 2006 finaliter
485 1968 760 2006 iudicandum.
804 1971 907 2005 Nam
941 1968 981 2005 in
1014 1969 1114 2005 hora
1153 1967 1294 2005 mortis
1329 1967 1514 2004 diffinivit

196 2027 496 2076 particulariter
539 2026 693 2063 homini
739 2028 945 2075 quomodo
990 2039 1063 2075 pro
1108 2039 1180 2063 suo
1224 2035 1420 2075 perpetuo
1473 2038 1513 2062 se

141 2088 181 2120 30
196 2085 360 2122 habebit
397 2095 434 2122 et
473 2085 514 2121 in
553 2086 616 2122 die
661 2085 799 2122 iudicii
839 2084 1023 2122 diffinivit
1067 2084 1307 2133 generaliter
1351 2085 1514 2133 quibus-

198 2156 368 2193 cunque.
423 2145 524 2180 Cum
565 2157 658 2192 ergo
696 2152 779 2181 tam
813 2143 1085 2192 periculosum
1125 2143 1174 2179 sit
1206 2152 1424 2192 utrumque
1456 2142 1514 2179 iu-

197 2202 361 2249 dicium,
395 2211 507 2251 patet
537 2215 657 2250 quam
697 2202 969 2241 necessarium
1003 2210 1060 2238 est
1091 2201 1292 2238 viantibus
1326 2201 1515 2238 continue

195 2260 378 2309 vigilare3
412 2273 507 2297 nam
547 2260 586 2297 in
624 2272 865 2309 quocunque
904 2268 1010 2296 statu
1049 2259 1180 2296 viator
1219 2259 1376 2307 capitur
1416 2260 1514 2296 hora

198 2319 351 2365 mortis,
369 2319 407 2355 in
423 2318 771 2368 proporcionabili
793 2327 898 2355 statu
921 2317 1219 2366 presentabitur
1240 2317 1280 2354 in
1303 2317 1365 2354 die
1385 2316 1515 2354 finalis

141 2378 181 2411 35
197 2377 354 2424 iudicii;
375 2386 412 2414 et
425 2377 624 2414 subtiliter
639 2376 873 2414 nominatur
891 2389 1016 2412 unum
1036 2375 1304 2412 meditullium
1319 2374 1515 2424 temporis

198 2436 297 2472 hora
331 2436 471 2472 mortis
505 2444 542 2473 et
575 2435 683 2472 aliud
718 2435 801 2472 dies
835 2434 965 2471 finalis
998 2433 1149 2480 iudicii,
1184 2434 1278 2482 quia
1307 2433 1409 2470 sicut
1432 2433 1516 2470 dies

200 2494 351 2530 excedit
390 2495 546 2540 horam,
587 2494 643 2531 sic
682 2493 857 2530 ultimati
896 2491 1035 2530 iudicii
1075 2492 1313 2540 generalitas
1353 2501 1515 2540 superat

269 2661 289 2680 1.
311 2653 354 2680 A:
376 2653 578 2688 ymaginaria.
698 2651 723 2680 3.
745 2653 788 2679 A:
812 2651 959 2683 vivacita:
989 2651 1029 2678 ib.
1051 2652 1096 2679 A:
1119 2659 1287 2687 sompnum
1309 2650 1515 2678 luciferinum.

199 2687 223 2715 5.
244 2687 268 2714 E
289 2687 319 2714 in
340 2695 454 2721 marg:
477 2687 545 2715 Cibi
566 2692 594 2714 et
614 2691 706 2723 potus
728 2695 784 2726 pro
806 2694 927 2713 somno.
995 2694 1021 2722 7.
1043 2687 1087 2714 A:
1110 2690 1138 2713 et
1158 2685 1252 2713 deest.
1327 2694 1355 2722 9.
1376 2686 1419 2713 D:
1442 2686 1515 2713 diri-

198 2726 321 2757 guntur.
378 2730 418 2750 10.
439 2722 463 2749 E
483 2722 513 2749 in
535 2730 648 2756 marg:
664 2721 788 2761 vigilia.
846 2720 883 2749 13.
899 2720 967 2748 DE:
990 2721 1057 2749 aliis
1078 2720 1331 2749 diffinicionibus.
1388 2729 1430 2755 14.
1447 2721 1471 2748 E
1485 2721 1515 2748 in

199 2765 314 2792 marg:
335 2756 426 2784 Nota.
547 2757 589 2784 16.
610 2758 654 2784 A:
677 2757 848 2792 spiritales:
879 2756 919 2783 ib.
940 2755 965 2783 E
985 2755 1015 2783 in
1037 2764 1152 2791 marg.:
1175 2755 1312 2783 Somnus
1334 2755 1515 2791 spiritualis.

200 2792 241 2826 16,
264 2799 302 2826 17.
323 2792 368 2819 A:
391 2792 434 2819 sic
454 2791 536 2827 quod
559 2791 728 2826 spiritualis
749 2791 843 2818 deest.
926 2790 966 2818 18.
989 2791 1057 2818 DE:
1079 2790 1277 2821 deformiter:
1308 2791 1347 2818 ib.
1368 2791 1414 2818 A:
1437 2790 1515 2818 acci-

200 2826 316 2853 dencia.
407 2834 451 2862 19.
470 2827 515 2854 A:
538 2825 626 2854 sicut.
722 2834 769 2854 20.
790 2826 815 2853 E
834 2826 864 2853 in
886 2833 1000 2861 marg:
1020 2825 1145 2865 vigilia.
1235 2824 1278 2853 23.
1300 2825 1326 2852 D
1347 2825 1377 2852 in
1399 2833 1514 2860 marga

198 2860 342 2888 Notabile
362 2860 496 2895 bonurn:
526 2861 566 2888 ib.
587 2860 611 2888 E
630 2861 661 2889 in
682 2869 796 2897 marg:
827 2860 909 2888 Nota
929 2860 1010 2896 quod
1031 2865 1089 2888 tria
1110 2864 1181 2888 sunt
1201 2860 1290 2888 nobis
1312 2868 1347 2887 ex
1368 2860 1422 2888 Dei
1444 2868 1516 2896 pro-

199 2895 339 2923 videncia
358 2895 525 2931 incognita.
597 2896 639 2924 25.
659 2897 705 2924 A:
727 2895 889 2923 exanimis.
971 2894 1017 2923 28.
1039 2895 1106 2923 DE:
1129 2894 1250 2923 diffinit.
1334 2893 1373 2922 31.
1394 2895 1437 2923 D:
1459 2899 1513 2922 est.

200 2929 244 2966 37.
266 2930 305 2958 E:
327 2930 371 2957 sic
390 2930 456 2958 dies
477 2931 628 2966 generalis
648 2930 779 2958 ultimati
799 2929 905 2958 iudicii
928 2934 1061 2965 superat.

1719 281 1790 317 361

1539 925 1685 959 spiritual
1710 926 1791 961 sleep

1560 960 1617 987 and
1641 960 1773 996 waiting.

1551 1682 1654 1710 Three
1674 1682 1778 1717 things

1528 1718 1685 1745 unknown
1702 1722 1733 1745 to
1749 1726 1800 1745 us:

1612 1761 1633 1780 1.
1656 1752 1723 1780 Oui*

1538 1788 1793 1823 predestination,

1546 1831 1571 1850 2.
1587 1822 1654 1850 The
1675 1823 1734 1858 day
1754 1823 1789 1850 of

1581 1857 1750 1892 iudgment,

1546 1891 1570 1920 3.
1586 1892 1654 1920 The
1675 1893 1733 1929 day
1754 1892 1789 1919 of

1615 1927 1714 1954 death.
