1986 3380
213 291 348 320 sERMo
368 280 437 338 vr]
683 294 896 328 SECUNDA
925 294 1051 326 PARs.

212 404 279 439 sed
309 415 433 438 unum
468 402 661 438 talentum
695 400 825 449 signat
858 400 1093 449 recipientes
1126 400 1303 448 graciam
1338 402 1409 439 Dei
1442 403 1525 440 sine

211 460 496 508 negociacione
528 460 588 496 vel
622 471 742 507 opere
774 458 882 496 iuxta
915 459 1025 505 illud,
1058 468 1094 496 et
1117 458 1209 495 licet
1232 459 1307 507 ipsi
1331 461 1526 509 recipiant

212 519 406 555 talentum
431 519 480 554 ad
513 516 572 553 sui
604 517 954 565 dampnacionem,
990 517 1172 554 Christus
1196 526 1330 554 tamen
1354 519 1525 566 gloriose

212 578 334 613 donat
367 577 416 612 ad
450 575 752 623 magnificencie
784 588 852 611 sue
885 574 1217 613 ostentacionem.

179 635 195 668 5
270 635 474 670 Profectus
508 641 564 670 est
597 641 730 670 autem
765 633 914 679 statim,
949 633 1042 683 quia
1075 642 1241 681 propter
1274 635 1379 671 dona
1412 635 1526 683 spiri-

212 692 335 729 tualia
388 704 464 740 que
517 693 640 728 donat
692 693 912 728 seeundum
967 691 1215 728 divinitatem
1270 705 1349 729 non
1395 695 1527 730 tardat

212 750 428 800 quicquam
467 749 598 786 facere
636 750 855 786 secundum
897 749 1205 786 humanitatem.
1244 750 1353 787 Abiit
1392 760 1525 787 autem

213 817 380 856 uterque
404 820 538 844 servus
564 807 691 844 fidelis
715 816 752 844 et
774 807 1006 855 negociatus
1030 816 1086 844 est
1111 807 1354 855 duplicando
1378 810 1527 846 talenta

211 866 251 903 in
284 878 405 914 opere
436 865 616 902 virtuoso
648 866 716 902 sed
754 865 901 902 tercius
941 865 1129 902 deficiens
1169 865 1208 901 in
1248 866 1373 903 tercio
1413 867 1526 915 signo

156 936 195 957 10
210 924 310 961 fodit
343 923 554 972 pecuniam
589 932 626 960 et
658 923 868 960 abscondit
901 923 940 959 in
974 933 1092 969 terra,
1127 925 1288 972 quando
1322 924 1525 973 ingenium

210 983 393 1019 naturale
417 990 453 1018 et
476 983 582 1018 dona
606 981 830 1030 spiritualia
854 981 1055 1018 consumit
1080 981 1120 1018 in
1142 982 1310 1018 terrenis
1334 983 1525 1031 negociis.

209 1042 257 1077 Et
290 1053 370 1076 non
403 1039 571 1088 insurgit
603 1041 652 1076 ad
682 1040 918 1076 elevandum
944 1039 1153 1077 ecclesiam
1179 1041 1228 1076 ad
1253 1040 1398 1078 divina.
1434 1043 1527 1078 Post

210 1099 380 1135 multum
413 1111 506 1134 vero
539 1097 733 1146 temporis
766 1097 860 1146 quia
893 1098 1096 1147 completo
1130 1110 1247 1134 cursu
1285 1098 1414 1136 tocius
1446 1100 1527 1137 via-

209 1156 335 1194 cionis
380 1155 487 1193 venit
526 1155 706 1193 Christus
751 1156 954 1204 positurus
999 1155 1202 1193 racionem
1243 1170 1316 1205 pro
1356 1157 1525 1195 minimo

156 1216 432 1264 15quadrante
465 1215 573 1263 quod
605 1215 654 1251 ab
687 1214 763 1251 isto
809 1223 1026 1263 receperat.
1073 1216 1121 1250 Et
1169 1223 1284 1264 patet·
1321 1216 1525 1253 sentencia

209 1282 336 1310 textus
370 1285 414 1309 ex
447 1284 632 1309 sermone
664 1272 861 1321 proximo.

269 1331 385 1368 Circa
401 1331 476 1367 hoc
492 1330 740 1379 evangelium
760 1332 983 1367 notandum
1005 1332 1126 1379 quod,
1143 1330 1223 1367 sive
1246 1331 1364 1368 fuerit
1383 1333 1522 1369 eadem

210 1390 404 1437 parabola
421 1388 568 1425 Christi
594 1391 698 1425 Luce
714 1390 822 1425 XIXO
845 1389 925 1425 sive
949 1389 1039 1434 alia,
1067 1391 1287 1426 concordat
1309 1389 1523 1439 utrobique

209 1447 424 1493 sentencia,
476 1446 569 1495 quia
614 1448 736 1483 homo
781 1446 846 1483 ille
896 1446 1041 1483 nobilis
1091 1446 1189 1483 abiit
1234 1447 1273 1483 in
1317 1447 1522 1495 regionem

151 1517 193 1540 20
208 1505 468 1553 longinquam
503 1513 540 1541 et
562 1504 635 1540 fuit
658 1516 822 1552 peregre
845 1504 1102 1553 proficiscens
1125 1505 1361 1555 vocavitque
1385 1507 1521 1543 decem

207 1575 341 1600 servos
373 1575 465 1599 suos
489 1571 525 1599 et
549 1562 657 1599 dedit
681 1562 758 1598 illis
782 1562 1081 1599 universitatem
1112 1576 1298 1600 mnarum
1323 1576 1398 1613 que
1432 1573 1523 1601 sunt

208 1622 359 1666 decem,
400 1620 589 1670 quinque,
634 1622 712 1656 duo
756 1621 907 1657 talenta
951 1629 987 1657 et
1031 1621 1329 1670 qualescunque
1367 1622 1524 1659 numeri

207 1679 411 1727 signandi;
445 1687 482 1715 et
515 1678 571 1715 sic
604 1680 651 1715 de
683 1678 805 1715 servis
839 1678 999 1715 Christi.
1034 1681 1115 1716 Nee
1155 1679 1274 1716 refert
1312 1679 1391 1716 sive
1430 1693 1523 1717 con-

206 1737 395 1774 stituatur
427 1749 547 1785 super
579 1736 755 1786 quinque
789 1736 981 1783 civitates,
1015 1736 1097 1774 sive
1120 1736 1241 1774 intret
1263 1737 1304 1774 in
1331 1738 1521 1786 gaudium

148 1801 188 1833 25
206 1796 413 1842 circulare,
447 1795 548 1832 sicut
580 1807 653 1832 nec
686 1795 805 1832 refert
838 1794 918 1832 sive
963 1795 1133 1843 pecunia
1179 1804 1263 1832 erat
1307 1795 1437 1844 posita
1483 1796 1523 1833 in

205 1853 368 1891 sudario
411 1853 492 1890 sive
536 1853 771 1890 abscondita
816 1852 889 1889 fuit
940 1853 979 1889 in
1024 1862 1142 1899 terra,
1190 1866 1263 1890 nec
1307 1855 1419 1891 obest
1463 1855 1523 1891 vel

204 1921 400 1961 repugnat
432 1911 637 1960 evangelio
670 1913 779 1960 quod
810 1925 913 1948 unus
948 1910 1189 1960 evangelista
1224 1912 1332 1960 capit
1367 1922 1523 1949 senten-

205 1970 308 2007 ciam
348 1983 469 2019 quam
516 1969 617 2006 alius
662 1969 841 2017 dimittit,
887 1971 982 2006 dum
1022 1979 1157 2006 tamen
1196 1972 1445 2007 concordant
1482 1971 1522 2007 in

204 2028 408 2065 sentencia
441 2029 491 2065 ad
522 2027 848 2065 instruccionem.
883 2030 931 2064 Et
964 2028 1019 2065 sic
1043 2029 1093 2064 ad
1115 2027 1330 2065 utilitatem
1356 2029 1522 2066 ecclesie

146 2091 188 2123 30
204 2095 241 2124 et
280 2087 363 2123 eius
401 2085 735 2123 informacionem
768 2086 841 2122 fuit
874 2088 982 2135 quod
1016 2086 1188 2135 Spiritus
1221 2087 1391 2124 Sanctus
1430 2087 1522 2124 fecit

204 2157 271 2182 eos
304 2145 343 2181 in
374 2144 504 2181 verbis
542 2143 675 2181 taliter
712 2144 886 2190 variare3
933 2144 1048 2181 aliter
1087 2144 1192 2181 enim
1231 2144 1397 2182 omnino
1437 2154 1522 2182 erat

203 2203 451 2252 superfluum
486 2210 523 2239 et
556 2202 813 2251 nugatorium
848 2202 1052 2251 evangelia
1084 2203 1293 2251 geminari.

262 2262 339 2297 Sed
384 2260 488 2297 circa
534 2261 610 2297 hoc
662 2260 909 2309 evangelium
963 2260 1264 2298 racionabiliter
1316 2261 1522 2298 dubitatur

203 2328 336 2356 utrum
382 2320 521 2356 beatus
561 2318 747 2355 Silvester
792 2318 858 2368 qui
902 2318 1056 2367 primus
1104 2319 1255 2368 recepit
1298 2319 1519 2357 notabilem

145 2382 186 2416 35
203 2377 458 2414 dotacionem
492 2375 657 2413 ecclesie
689 2377 730 2413 in
752 2377 828 2414 hoc
851 2376 1088 2425 peccaverit.
1122 2379 1205 2414 Nec
1228 2377 1393 2414 dubium
1418 2377 1514 2426 quin

203 2435 279 2472 isto
313 2434 460 2472 delicto
494 2434 669 2472 maximo
704 2436 930 2472 maculatur
963 2447 1083 2472 omne
1105 2448 1228 2484 genus
1253 2435 1430 2482 ecclesie,
1464 2436 1520 2473 sic

204 2495 312 2543 quod
337 2495 384 2531 de
407 2493 494 2542 ipsa
517 2493 595 2530 dici
619 2501 753 2542 potest
775 2494 996 2530 secundum
1019 2493 1152 2531 viriles
1185 2502 1320 2542 partes
1354 2494 1520 2531 ecclesie

271 2617 351 2644 2.A:
364 2616 568 2658 negociative;
585 2616 679 2644 ib.A:
694 2616 764 2643 licet
775 2615 923 2651 episcopi.
964 2616 992 2647 6,
1003 2617 1083 2652 7.A:
1099 2615 1337 2643 divinitatem—
1349 2616 1518 2644 secundum

202 2651 297 2679 deest.
345 2660 374 2687 9.
391 2652 429 2679 b:
449 2651 563 2679 tercius
579 2651 672 2678 deest.
722 2659 763 2678 10.
778 2651 823 2678 A:
844 2650 980 2685 quando.
1032 2659 1065 2678 11.
1081 2651 1121 2679 E:
1143 2651 1342 2678 consumerit.
1391 2660 1432 2685 14.
1448 2651 1518 2678 DE:

202 2687 284 2714 venit
303 2686 401 2714 Jesus.
467 2685 504 2714 15.
525 2687 570 2714 A:
592 2690 778 2721 receperant.
845 2693 884 2721 17.
905 2686 950 2713 A:
972 2685 1030 2712 hoc
1051 2685 1151 2719 deest;
1173 2686 1213 2713 ib.
1229 2686 1274 2713 A:
1296 2686 1403 2713 eadem
1423 2686 1517 2713 deest.

202 2729 246 2749 22.
266 2722 311 2749 A:
332 2721 378 2748 vel
399 2720 496 2748 eciam
516 2721 676 2756 qualiscun
702 2729 749 2748 ue.
812 2727 860 2753 24.
881 2721 926 2748 A:
948 2719 1072 2748 intrent.
1128 2728 1172 2756 27.
1195 2720 1312 2748 Codd.:
1336 2729 1517 2756 repugnare.

202 2763 249 2792 29.
271 2755 339 2784 DE:
362 2755 399 2783 ad
420 2755 662 2783 instruccionem
706 2760 778 2782 eest.
833 2755 881 2783 30.
903 2755 973 2783 DE:
995 2754 1060 2782 eius
1081 2754 1334 2782 instruccionem.
1391 2754 1430 2783 31.
1446 2755 1516 2783 DE:

202 2790 529 2825 variari3ib.A:enim
542 2790 636 2817 deest.
675 2789 1020 2826 32.A=mitigatorium.
1058 2788 1101 2817 33.
1111 2789 1233 2818 ADEin
1243 2789 1516 2825 marg.:Dubium.

203 2824 250 2859 34.
265 2826 309 2853 A:
331 2825 450 2861 prim03
472 2825 512 2853 ib.
528 2825 599 2853 DE:
618 2825 785 2853 notabilem
806 2825 900 2852 deest.
956 2823 999 2852 35.
1015 2825 1040 2852 D
1062 2824 1092 2852 in
1114 2833 1229 2860 marg:
1250 2824 1379 2851 Dotacio
1400 2829 1518 2860 tempo-

205 2859 314 2887 ralium
335 2861 468 2888 maculat
487 2861 615 2888 clerum.
671 2859 718 2888 36.
733 2861 778 2888 A:
800 2860 980 2887 maculetur.
1035 2858 1080 2895 37.
1100 2860 1129 2886 A
1148 2859 1178 2887 in
1200 2867 1314 2894 marg:
1334 2858 1516 2894 Responsio.

273 2919 326 2953 35.
354 2919 407 2953 Cf.
434 2921 484 2953 De
510 2921 679 2961 Ecclesia,
705 2931 778 2964 cap.
807 2921 903 2961 XVI,
930 2930 1012 2963 pag.
1041 2919 1106 2964 359
1134 2926 1167 2952 et
1193 2930 1292 2962 seqq.

1564 1332 1642 1360 This
1665 1334 1787 1368 parablc

1565 1368 1779 1404 substantially

1569 1403 1617 1430 the
1639 1411 1722 1430 same
1744 1412 1776 1430 as

1620 1438 1683 1465 that
1703 1438 1732 1465 in

1584 1472 1668 1500 Luke
1688 1473 1767 1501 XIX.

1549 2272 1730 2312 Silvestcr's
1744 2271 1791 2299 sin

1565 2316 1595 2335 111
1617 2312 1776 2342 acceptlng

1567 2342 1676 2369 endow
1682 2347 1774 2369 ment.
