1986 3380
203 300 282 345 406

203 1001 302 1028 Man‘s
317 1001 378 1028 will
396 1005 476 1028 must

215 1036 249 1062 be
271 1036 350 1071 right
371 1036 399 1062 in
421 1037 458 1063 all

238 1070 285 1097 liis
305 1071 434 1098 actions.

259 2336 366 2364 Duties
387 2335 421 2363 of

233 2371 363 2407 prelatos
385 2371 443 2397 and

289 2405 387 2441 ltingS.

788 306 1015 338 JoHANms
1037 305 1218 337 swern?
1237 304 1492 337 SERMONUM
1563 290 1716 348 [samio
1741 302 1802 329 ιγ.

492 413 530 448 Si
571 421 699 449 totum
735 426 879 461 corpus
918 425 1085 461 operum
1128 410 1311 447 habuerit
1352 410 1572 447 lucenciam
1616 412 1805 449 bonitatis

491 471 685 508 naturalis
725 481 761 507 et
795 484 872 508 non
914 470 1097 507 habuerit
1136 470 1342 506 tenebram
1383 470 1576 505 moralem
1615 472 1806 518 superad-

491 529 630 575 ditam,
665 529 737 566 erit
771 529 946 565 lucidum
981 537 1124 573 totum,
1159 526 1253 576 quia
1285 535 1414 563 totum
1449 527 1628 564 bonitate
1662 528 1802 565 morali

491 587 776 624 illuminatum.
831 589 878 622 Et
924 595 1033 634 patet
1073 586 1179 634 quod
1220 598 1301 621 non
1340 585 1568 633 geminatur
1612 585 1805 623 inutiliter

491 646 594 682 idem
620 645 856 693 simpliciter
879 657 921 680 ex
946 645 1100 690 codem,
1137 656 1225 680 cum
1251 643 1359 680 aliud
1383 642 1432 679 sit
1457 655 1602 692 corpus
1635 646 1837 692 operum-15

491 716 575 740 esse
621 704 797 741 lucidum
843 702 1022 739 bonitate
1066 701 1239 739 naturali
1285 710 1322 738 et
1374 700 1482 737 aliud
1536 701 1667 750 ipsum
1722 715 1805 739 esse

491 762 668 799 lucidum
703 761 882 797 bonitate
918 760 1074 805 morali,
1110 773 1200 797 cum
1236 758 1410 808 primum
1445 759 1570 807 possit
1604 772 1688 797 esse
1721 760 1805 797 sine

491 822 681 857 secundo.
736 821 783 854 Et
817 819 908 855 hinc
942 827 1024 855 tam
1059 817 1329 855 communiter
1363 817 1508 854 dicitur
1542 830 1643 866 opus
1677 818 1803 855 eciam

491 880 641 914 bonum
676 879 722 913 de
756 889 899 924 genere
933 889 1015 913 esse
1050 875 1327 925 multipliciter
1358 875 1567 922 viciosum,
1603 877 1677 913 hoc
1712 889 1805 925 ergo

493 938 658 972 docetur
692 934 884 983 implicite
918 935 957 971 in
989 934 1117 971 verbis
1151 933 1326 970 Domini.
1826 946 1864 968 ιο

551 995 735 1030 Secundo
789 994 956 1029 docetur
1009 994 1117 1041 quod
1172 991 1335 1028 moralis
1394 991 1552 1029 bonitas
1605 992 1806 1029 illuminat

493 1052 713 1088 bonitatem
748 1052 974 1088 naturalem
999 1060 1207 1100 tamquam
1233 1050 1320 1099 ipsa
1344 1049 1539 1099 superior,
1574 1063 1652 1087 non
1689 1063 1806 1087 econ-

492 1120 566 1146 tra.
620 1112 668 1146 Et
713 1109 856 1145 iterum
905 1110 1072 1146 docetur
1115 1110 1221 1158 quod
1268 1121 1350 1144 non
1401 1108 1546 1144 sufficit
1599 1109 1803 1146 hominem

494 1169 640 1204 habere
673 1167 943 1204 intencionem
985 1179 1107 1216 penes
1147 1179 1187 1203 se
1227 1175 1378 1203 rectam
1414 1166 1622 1203 moraliter
1654 1166 1693 1202 in
1727 1180 1806 1204 una

493 1225 736 1274 operacione
769 1234 805 1262 et
844 1225 884 1261 in
923 1225 1001 1262 alia
1035 1238 1056 1262 a
1090 1224 1330 1261 rectitudine
1369 1224 1582 1273 obliquari.
1635 1226 1863 1273 Oportet15

494 1284 597 1320 enim
632 1292 759 1320 totam
795 1283 1023 1331 congeriem
1057 1282 1348 1331 operacionum
1373 1283 1434 1319 vel
1467 1295 1635 1331 operum
1670 1296 1806 1320 carere

493 1342 796 1391 quibuscunque
840 1341 1016 1378 tenebris
1060 1341 1285 1378 bonitatum
1332 1340 1562 1378 moralium.
1616 1342 1664 1377 Et
1716 1341 1806 1378 ideo

492 1402 711 1437 secundum
765 1399 882 1436 istam
928 1400 1098 1437 formam
1145 1401 1358 1436 verborum
1404 1399 1578 1435 inculcat
1624 1399 1805 1436 Christus

493 1459 610 1495 istam
655 1457 921 1495 sentenciam:
968 1458 1007 1493 Si
1046 1466 1176 1494 totum
1224 1470 1369 1506 corpus
1414 1469 1580 1506 operum
1626 1456 1803 1494 lucidum

493 1516 609 1553 fuerit
641 1516 821 1553 bonitate
859 1517 920 1553 vel
960 1515 1142 1553 lucencia
1179 1515 1366 1561 naturali,
1407 1524 1444 1552 et
1483 1528 1573 1552 cum
1615 1516 1690 1552 hoc
1723 1528 1804 1552 non
1822 1527 1863 1549 20

492 1574 675 1612 habuerit
720 1574 896 1624 aliquam
943 1583 1099 1623 partem
1143 1575 1401 1611 tenebrarum
1448 1572 1676 1619 moralium,
1731 1573 1804 1610 erit

492 1633 669 1670 lucidum
725 1641 869 1679 totum,
924 1632 1017 1682 quia
1070 1634 1290 1669 secundum
1345 1632 1544 1680 duplicem
1599 1631 1803 1669 racionem

491 1691 643 1728 scilicet
686 1691 911 1728 naturalem
958 1699 995 1728 et
1039 1691 1256 1736 moralem;
1302 1699 1340 1727 et
1385 1703 1474 1727 cum
1520 1689 1706 1726 accidens
1747 1690 1804 1726 in-

490 1750 692 1786 tellectum
746 1749 971 1786 formaliter
1023 1762 1103 1786 non
1146 1757 1279 1797 potest
1323 1761 1407 1785 esse
1459 1747 1535 1784 nisi
1579 1747 1803 1785 subiectum

490 1821 605 1844 suum
631 1807 875 1853 denominet,
900 1807 991 1844 ideo
1015 1806 1125 1844 addit
1142 1806 1323 1844 Christus
1346 1808 1467 1855 quod,
1492 1806 1522 1843 si
1546 1805 1620 1842 ista
1645 1806 1802 1853 fuerint,
1821 1807 1861 1840 25

490 1876 584 1903 tunc
617 1865 822 1914 congeries
856 1878 1023 1914 operum
1063 1864 1164 1902 sicut
1198 1866 1360 1902 lucerna
1398 1863 1563 1913 fulguris
1602 1863 1804 1901 illumina-

490 1924 547 1960 bit
579 1933 630 1961 te.

547 1984 616 2018 Est
650 1990 782 2018 autem
816 1982 879 2017 lux
913 1983 1088 2018 secunda
1110 1981 1205 2018 solis
1229 1982 1377 2026 lumen,
1402 1981 1496 2016 dum
1523 1980 1805 2029 incorporatur

490 2040 529 2076 in
564 2039 697 2076 medio
731 2040 958 2088 dyaphano,
993 2041 1061 2076 sed
1096 2052 1184 2076 cum
1220 2039 1408 2075 reflexum
1434 2038 1551 2075 fuerit
1583 2039 1633 2075 ad
1658 2051 1804 2087 corpus

490 2098 660 2147 politum
697 2107 733 2134 et
767 2097 1036 2146 splendidum,
1078 2106 1172 2134 tunc
1212 2097 1341 2145 fulgur
1381 2096 1538 2133 dicitur.
1594 2096 1804 2155 Recfittido
1822 2098 1863 2131 30

491 2169 583 2204 ergo
608 2155 846 2193 intencionis
869 2157 1002 2204 quoad
1028 2168 1159 2192 mores
1182 2155 1282 2204 polit
1304 2163 1434 2191 totum
1468 2167 1614 2203 corpus
1636 2166 1805 2203 operum

491 2224 527 2251 et
567 2214 660 2251 facit
705 2226 844 2250 omnes
889 2223 1022 2262 partes
1069 2213 1151 2250 eius
1196 2214 1406 2262 splendere
1450 2212 1490 2250 in
1529 2212 1722 2259 moribus,
1768 2221 1805 2249 et

490 2282 585 2309 tunc
619 2281 676 2309 est
709 2274 831 2309 homo
864 2271 930 2308 ille
963 2272 1003 2309 in
1035 2272 1198 2309 lucerna
1232 2271 1410 2319 fulguris.

549 2330 665 2368 Circa
717 2331 793 2367 hoc
847 2330 1095 2378 evangelium
1142 2329 1348 2366 dubitatur
1401 2329 1608 2378 quomodo
1660 2328 1805 2378 prelati

491 2390 635 2426 debent
668 2388 870 2425 illustrare
903 2400 1014 2436 reges
1048 2397 1085 2425 et
1113 2383 1119 2442 Ι
1147 2388 1341 2436 populum
1382 2395 1419 2423 et
1453 2388 1660 2436 quomodo
1694 2399 1804 2434 reges
1821 2376 1906 2445 258·ss

490 2456 527 2483 et
561 2446 763 2496 principes
797 2447 941 2483 debent
982 2445 1121 2483 fulcire
1160 2458 1252 2483 suos
1284 2444 1483 2490 subdit0s3
1524 2457 1598 2481 nec
1637 2444 1802 2482 dubium

492 2504 586 2553 quin
621 2506 696 2542 hoc
729 2504 778 2541 sit
812 2503 990 2541 debitum
1027 2505 1074 2541 de
1113 2504 1198 2552 lege
1232 2503 1407 2540 Domini.
1462 2504 1537 2539 Sed
1577 2511 1662 2539 tota
1702 2502 1805 2539 diffi-

493 2564 621 2600 cultas
654 2571 711 2600 est
743 2574 863 2611 penes
903 2561 998 2611 quid
1038 2561 1218 2598 lucencia
1259 2560 1350 2598 talis
1389 2561 1449 2597 vel
1489 2559 1648 2597 bonitas
1688 2561 1804 2597 debet

493 2621 594 2669 capi.
630 2623 730 2658 Nam
765 2628 1122 2669 quantumcunque
1155 2618 1289 2668 magni
1323 2618 1502 2664 heretici,
1537 2627 1721 2667 apostate
1744 2619 1805 2656 vel

562 2774 595 2794 11.
615 2766 640 2794 E
659 2766 688 2794 in
711 2773 824 2801 marg.:
846 2764 938 2792 Nota.
1014 2773 1051 2793 12.
1073 2765 1116 2793 A:
1137 2769 1296 2801 tamquam
1317 2779 1350 2783 —-
1371 2764 1515 2800 superior
1535 2764 1629 2793 deest.
1699 2764 1737 2793 13.
1757 2765 1803 2793 A:

489 2801 525 2828 131
545 2805 661 2828 certum
683 2801 812 2828 videtur.
959 2808 999 2833 14.
1020 2801 1064 2828 A:
1094 2808 1186 2836 penes
1207 2807 1238 2827 se
1258 2799 1352 2826 deest.
1497 2799 1534 2827 15.
1556 2799 1622 2827 DE:
1654 2800 1712 2827 leni
1734 2800 1802 2828 alia.

490 2836 530 2863 is).
553 2835 622 2864 DE:
643 2835 874 2872 ope-racionem.
958 2836 1000 2864 25.
1022 2835 1066 2863 A:
1090 2843 1179 2862 suum
1202 2833 1358 2867 domnion
1389 2833 1428 2861 ib.
1451 2833 1520 2861 1³13:
1542 2834 1687 2862 Christus
1707 2834 1801 2862 deest.

488 2871 533 2898 28.
555 2871 599 2898 A:
620 2871 666 2899 vel
686 2871 807 2905 lumen3
837 2870 877 2898 ib.
899 2869 922 2897 Ε
943 2869 971 2897 in
994 2878 1060 2897 mar
1086 2880 1109 2897 .:
1131 2870 1260 2897 Lumen.
1375 2875 1423 2904 29.
1446 2868 1469 2895 E
1489 2868 1518 2909 ij]
1541 2877 1654 2897 marra:
1678 2869 1801 2904 Fulgur.

488 2904 526 2933 31.
543 2906 587 2933 A:
609 2905 690 2941 pulit.
746 2903 790 2933 33.
804 2905 858 2932 DE
878 2905 907 2932 in
930 2912 1043 2939 marga
1091 2904 1224 2943 ccliiii-do
1245 2902 1441 2942 intenciouiS.
1497 2902 1544 2938 33.
1560 2889 1663 2931 Alsin
1686 2911 1800 2939 marg:

491 2939 644 2974 Dubium3
666 2940 690 2967 Ι)
711 2940 740 2967 in
763 2948 877 2975 marg:
901 2939 1073 2966 Dubitamr.
1147 2938 1196 2967 30.
1216 2939 1262 2967 A:
1283 2937 1447 2965 sublectos-
