1986 3380
193 2246 261 2275 The
281 2246 346 2274 first

209 2285 331 2309 servant

133 2321 311 2353 represents
331 2323 400 2342 men

151 2353 186 2380 os
203 2350 382 2387 apostolica!

202 2387 336 2415 labours.

715 279 939 311 JOHANNIS
959 280 1141 312 WYCLIF
1161 281 1417 314 samonum
1518 268 1672 325 [smnio
1695 281 1730 308 v.

419 384 614 432 inquiunt,
656 398 726 420 nnn
766 386 948 421 habemus·
987 398 1118 435 regem
1159 386 1231 421 nisi
1266 388 1459 423 Cesaram.
1507 390 1553 423 Et
1594 398 1728 425 tamen

417 451 501 478 tota
541 443 772 490 persecucio
806 443 909 479 facta
944 443 981 479 in
1016 456 1186 490 persona
1220 445 1366 480 Christi
1402 446 1729 493 persecucionein

419 500 590 536 futuram
632 500 670 535 in
712 500 901 536 membris
941 500 1020 537 suis
1053 501 1200 549 signat:
1235 503 1376 549 prelati
1410 503 1636 551 superiores
1670 516 1730 540 ec-

418 557 535 593 clesie
575 558 639 605 qui
676 559 820 594 debent
859 571 942 594 esse
983 558 1086 594 cives
1119 561 1396 607 apostolorum
1433 571 1469 597 et
1505 561 1628 609 magis
1662 563 1731 597 do-

419 615 570 651 mestici
589 615 658 651 Dei
681 616 821 652 odiunt
845 616 1119 664 multipliciter
1141 617 1346 654 dominum
1363 620 1494 654 ,lesuin
1513 619 1729 659 Christum.
1749 624 1765 656 5

419 674 584 709 dicentes
629 673 667 709 in
715 674 855 710 effectu
896 686 985 710 cum
1026 674 1301 711 sacerdotibus
1342 676 1499 724 templi:
1542 678 1732 712 ΝυΙιιιηιις

418 731 516 767 hunc
550 744 720 781 regnare
751 744 868 781 super
900 746 978 767 nos.
1015 735 1114 769 Nam
1147 746 1228 769 non
1262 743 1444 781 regnaret
1483 747 1601 782 super
1642 734 1731 771 illos

418 788 493 824 nisi
533 788 627 837 ipsis
667 789 946 826 obedientibus
984 790 1059 837 legi
1098 803 1166 826 sue
1201 800 1237 827 et
1276 792 1533 840 sequentibus
1567 805 1656 829 euin
1692 792 1730 828 in

417 847 497 883 vita
543 856 579 882 et
619 860 752 895 opere,
798 849 865 884 sed
906 847 945 883 in
983 848 1088 884 facto
1128 848 1304 885 dicentes
1342 850 1572 897 oppositum
1612 850 1649 885 in
1690 864 1731 886 re

419 904 606 940 diffidunt
640 907 743 941 hunc
773 905 1005 949 Dominum,
1040 919 1129 942 cum
1164 906 1247 954 ipse
1281 907 1529 943 humillimus
1563 907 1730 944 vivendo
1751 923 1789 944 10

418 962 539 998 vitam
579 963 879 1011 pauperrimam
920 963 991 999 fuit
1031 977 1052 1000 a
1087 965 1224 1001 mundi
1257 965 1527 1001 sollicitudine
1562 965 1731 1002 maxime

418 1022 638 1068 elongatus.
676 1021 751 1069 Ipsi
781 1031 915 1058 autem
946 1022 1263 1070 arrogantissimi
1301 1032 1337 1059 et
1368 1025 1516 1059 mundo
1546 1023 1731 1059 ditissimi

420 1078 589 1115 maxime
618 1079 852 1116 seculariter
876 1088 1016 1127 regunt
1042 1081 1256 1125 mundum;
1283 1080 1372 1117 ideo
1397 1082 1567 1129 allegata
1591 1090 1731 1118 contra

419 1149 485 1172 eos
513 1136 593 1173 vita
622 1137 769 1174 Christi
800 1137 1015 1185 exemplari
1045 1147 1082 1174 et
1112 1138 1296 1174 doctrina
1326 1139 1490 1175 salutari
1520 1140 1579 1175 vel
1610 1139 1731 1175 simu-

419 1195 502 1230 lant
531 1196 591 1231 vel
626 1195 721 1231 false
749 1196 906 1243 glosant
936 1205 972 1231 et
1002 1195 1139 1232 dicunt
1170 1195 1209 1231 in
1238 1208 1279 1231 re
1308 1196 1548 1244 proditorie;
1583 1198 1732 1233 Recede
1753 1203 1788 1234 15

417 1265 438 1287 a
463 1253 582 1298 nobis,
605 1253 807 1289 ssione-iant
833 1253 982 1288 viarum
1007 1261 1161 1288 tuarum
1190 1254 1376 1289 uolumus.
1411 1256 1459 1289 Et
1482 1254 1537 1290 sic
1561 1254 1730 1291 tradicio

419 1310 575 1347 Cesaris
615 1320 651 1346 et
683 1310 919 1347 Antichristi
959 1311 1172 1356 extollitur,
1206 1312 1275 1347 sed
1307 1312 1366 1348 lex
1405 1311 1597 1359 evangelii
1639 1325 1732 1348 con-

419 1368 639 1417 tempnitur
672 1378 754 1404 tam
788 1368 1116 1405 consideracione
1149 1381 1270 1417 quam
1303 1369 1342 1405 in
1375 1369 1554 1417 practica
1594 1371 1732 1406 volun-

418 1435 512 1463 tate.
557 1428 605 1462 Et
643 1439 780 1463 revera
817 1426 892 1463 ista
925 1426 1157 1475 persecucio
1190 1426 1425 1463 Antichristi
1465 1427 1617 1464 excedit
1650 1437 1731 1464 tam

419 1484 682 1520 diuturnitate
721 1497 841 1533 quam
881 1484 1102 1533 ypocritica
1148 1484 1366 1521 calliditate
1405 1485 1731 1534 persecucionem
1749 1503 1791 1524 20

419 1555 497 1591 qua
536 1542 717 1578 Christus
761 1542 834 1578 fuit
879 1543 919 1578 in
962 1555 1135 1591 persona
1178 1542 1343 1591 propria
1388 1556 1458 1591 per
1503 1545 1732 1581 sacerdotes

419 1600 515 1648 legis
558 1600 701 1636 veteris
745 1609 990 1648 persecutus.
1044 1603 1238 1637 Notemus
1280 1602 1411 1649 (rogo)
1449 1602 1602 1649 legatos
1641 1615 1730 1638 cum

420 1658 537 1694 bullis
562 1658 703 1695 missos
726 1671 748 1694 a
770 1659 894 1695 latere
917 1658 1151 1696 Antichristi
1181 1668 1217 1695 et
1249 1658 1454 1695 videamus
1488 1659 1582 1707 quid
1617 1670 1732 1696 sonat

419 1717 469 1753 ad
493 1715 795 1753 edificacionem
820 1716 984 1753 ecclesie
1007 1718 1225 1753 secundum
1250 1717 1375 1764 legem
1400 1717 1605 1765 evangelii,
1637 1718 1733 1766 quin

419 1774 560 1822 pocius
583 1774 721 1810 dicunt
744 1774 938 1823 implicite
962 1776 1069 1824 quod
1091 1775 1234 1811 nolunt
1258 1775 1333 1822 legi
1359 1775 1505 1811 Christi
1530 1776 1732 1824 regnantis
1750 1781 1788 1814 25

421 1845 539 1880 super
573 1845 639 1869 eos
672 1832 812 1869 subici.

479 1891 556 1926 Sed
588 1892 744 1939 factum
790 1898 845 1927 est
889 1898 928 1926 ut
972 1890 1154 1927 Christus
1201 1891 1347 1927 rediret
1397 1890 1437 1927 in
1488 1891 1550 1928 die
1594 1891 1731 1928 iudicii

419 1956 574 1998 accepto
604 1961 726 1999 reguo
749 1950 969 1985 secundum
998 1961 1211 1985 numerum
1241 1961 1360 1997 quem
1390 1949 1573 1985 diffinivit
1601 1958 1731 1986 totum

421 2019 586 2054 regnum
616 2007 794 2043 celorum
825 2016 1000 2043 statuere
1033 2014 1067 2043 et
1099 2007 1207 2043 iussit
1241 2007 1374 2043 vocari
1402 2019 1549 2052 servos,
1582 2007 1733 2044 scilicet

422 2065 597 2112 prelatos
641 2064 807 2101 ecclesie
846 2073 883 2101 et
922 2065 1171 2112 evangelicos
1210 2065 1343 2113 quibus
1381 2066 1543 2101 dederat
1580 2066 1732 2115 copiosa
1751 2071 1792 2104 30

421 2123 629 2158 carismata
663 2124 712 2159 ad
736 2122 1003 2159 edificandam
1037 2122 1261 2169 ecclesiam,
1295 2131 1337 2158 ut
1370 2122 1550 2159 notificet
1583 2124 1733 2160 mundo

422 2189 617 2228 quantum
649 2180 842 2217 mercedis
872 2180 965 2217 iusti
995 2180 1189 2229 recipient
1213 2193 1255 2217 ex
1279 2180 1472 2229 dignitate
1494 2180 1734 2229 negociandi

420 2239 481 2274 vel
532 2238 705 2275 ociandi.
759 2239 916 2275 Primus
963 2246 1088 2275 autem
1134 2238 1295 2287 signans
1339 2238 1444 2275 viros
1489 2238 1734 2286 apostolicos

422 2296 639 2344 duplicavit
677 2297 841 2343 talenta,
876 2298 969 2332 dum
1010 2296 1195 2344 dispersit
1234 2296 1274 2332 in
1312 2296 1479 2332 ecclesia
1517 2298 1734 2344 prudenter

423 2362 459 2390 et
498 2353 708 2402 diligenter
745 2356 796 2391 ad
835 2354 918 2391 eius
959 2354 1264 2391 edificacionem
1301 2354 1453 2390 semina
1492 2354 1602 2391 verbi
1642 2354 1788 2399 Dei335

423 2420 460 2448 et
489 2411 545 2448 sic
575 2413 714 2449 decem
737 2413 887 2449 talenta
910 2412 1066 2461 quesita
1089 2412 1246 2460 signant
1269 2411 1569 2448 universitatem
1594 2411 1733 2460 populi

423 2482 544 2518 quam
588 2469 660 2506 viri
704 2470 918 2519 apostolici
958 2470 1133 2507 Domino
1179 2469 1422 2519 quesierunt.
1470 2471 1546 2506 Sed
1592 2469 1631 2506 in
1670 2469 1733 2506 die

490 2590 516 2619 3.
537 2591 610 2620 AD:
632 2591 805 2627 signantem
826 2591 866 2619 E:
889 2592 1020 2628 signant.
1102 2592 1129 2620 8.
1150 2593 1194 2620 A:
1217 2591 1404 2619 odientibus.
1480 2599 1521 2619 ιο.
1543 2591 1611 2619 DE:
1633 2591 1733 2619 hnmi-

422 2626 491 2654 lins.
583 2634 616 2654 11.
639 2626 680 2653 D:
703 2626 809 2654 mundi
831 2627 1099 2661 consideracione;
1120 2627 1160 2654 E:
1182 2626 1444 2654 confederacione.
1536 2625 1576 2654 18.
1598 2626 1640 2654 D:
1661 2634 1733 2654 con-

423 2661 595 2688 siderative.
692 2669 735 2688 22.
757 2661 824 2688 DE:
847 2670 918 2697 ergo
940 2670 1030 2697 rogo;
1060 2662 1100 2689 ib.
1120 2663 1149 2689 A
1170 2661 1199 2688 in
1221 2669 1334 2696 marg:
1365 2660 1480 2688 Contra
1499 2669 1630 2696 papam:
1659 2661 1682 2688 13
1703 2661 1731 2688 in

423 2704 536 2731 marg:
557 2695 638 2723 Nota
658 2695 828 2731 diligenter.
889 2695 932 2724 23.
954 2696 996 2723 D:
1018 2700 1129 2723 sonant
1200 2696 1245 2723 28.
1266 2696 1306 2724 E:
1329 2695 1450 2734 rego(!).
1507 2694 1548 2734 {⁴3-
1570 2695 1609 2722 E:
1631 2700 1730 2723 autem

424 2739 546 2765 servns3
568 2730 607 2757 ib.
624 2730 676 2757 ΗΕ
696 2731 724 2758 in
748 2739 861 2765 marg:
884 2730 1005 2758 l‘rimns
1026 2739 1142 2758 servus.
1216 2729 1257 2758 35.
1279 2731 1323 2758 A:
1345 2730 1489 2765 diligens3
1510 2730 1550 2757 ib.
1566 2731 1609 2757 A:
1631 2731 1731 2758 xerba.

495 2802 548 2834 23.
564 2802 619 2835 Cf.
634 2801 796 2834 'rhomae
814 2802 1057 2843 Walsingham
1085 2803 1170 2834 Hist.
1191 2801 1382 2843 Ang1.‚ed.
1397 2801 1568 2844 Ri1ey,11‚
1585 2813 1621 2845 7¹
1637 2821 1663 2826 -
1678 2813 1732 2846 7²·

426 2849 480 2882 30.
506 2849 625 2889 Vulg.:
664 2849 796 2887 Quibus
829 2848 927 2881 dedit
955 2849 1147 2891 pecuniam
1184 2851 1223 2880 ut
1253 2849 1361 2881 sciret
1392 2852 1562 2890 quantum
1591 2849 1733 2892 quisque

424 2896 636 2942 negociatus
661 2899 761 2928 esset.
