1986 3380
197 297 334 326 SERMO
356 287 438 344 xii]
570 337 574 341 .
662 300 878 332 SECUNDA
906 300 1030 332 PARS.

198 410 254 452 (ut
288 407 451 456 quidam
486 406 597 454 dicit)
634 406 697 442 isti
732 406 933 442 homicide
978 407 1025 442 de
1069 419 1212 453 genere
1246 407 1369 453 Caym
1417 416 1506 443 sunt
1531 414 1596 440 Tim
1619 414 1794 447 generatim)

198 466 236 502 in
282 467 356 502 hoc
402 465 563 501 nomine
608 473 781 512 quatuor
827 464 1032 500 literarum
1080 464 1251 511 figurati,
1300 464 1353 500 ita
1398 474 1439 500 ut
1479 468 1508 501 C

197 524 303 560 dicat
327 523 577 564 Carmelitas,
601 524 634 558 A
656 522 980 569 Augustinenses‚
1005 524 1035 558 Y
1051 521 1278 564 Yacobitas‚
1304 525 1341 558 M
1368 523 1508 558 fratres

197 582 383 618 Minores,
425 584 472 617 Et
510 581 610 617 sicut
656 579 882 617 inordinate
922 582 1146 628 procedunt
1190 580 1229 615 in
1274 593 1408 627 opere,
1454 580 1507 616 ita

163 639 456 676 §nominantur
494 647 725 687 prepostere
764 637 804 674 in
842 647 1015 686 quatuor
1053 637 1195 674 litteris
1235 637 1506 675 huius-verbi.

195 699 253 733 Ab
288 698 361 734 ista
395 696 658 745 generacione
692 697 830 743 Caym,
866 697 940 733 hoc
966 705 1034 736 est,
1069 709 1091 733 a
1115 696 1302 744 periculis
1327 695 1366 731 in
1401 696 1507 732 falsis

194 755 382 792 fratribus
415 755 541 791 libera
572 767 645 790 nos
678 754 861 790 Domine.

252 817 332 850 Nec
364 814 467 849 valet
500 814 548 849 ad
583 811 886 849 excusacionem
912 811 1119 848 homicidii
1144 814 1252 860 quod
1286 814 1505 849 secundum

194 872 298 919 leges
345 872 554 916 humanas,
608 880 645 906 et
696 883 767 918 per
819 882 1068 918 consequens
1120 872 1340 906 secundum
1403 871 1507 918 leges

141 943 177 962 10
193 929 360 965 fratrum
395 929 485 966 licet
513 928 789 976 multipliciter
813 928 1010 965 occidere.
1045 928 1226 977 Supponi
1253 929 1357 964 enim
1392 930 1508 965 debet

193 987 390 1023 catholice
423 988 531 1035 quod
563 1000 644 1023 non
676 987 768 1023 licet
802 986 987 1023 occidere
1019 986 1094 1022 nisi
1119 999 1162 1023 ex
1185 986 1352 1023 caritate
1386 1000 1506 1035 quam

192 1045 379 1082 occidens
424 1046 571 1081 habere
616 1046 733 1081 debet
779 1044 905 1082 eciam
952 1046 1001 1081 ad
1052 1045 1243 1081 occisum.
1291 1047 1372 1081 Nec
1416 1045 1509 1081 licet

192 1103 411 1151 quemlibet
435 1104 759 1152 quandocunque
794 1112 831 1139 et
864 1096 1232 1151 quomodocunque
1264 1103 1435 1139 voluerit
1469 1103 1508 1140 in

191 1161 436 1198 occisionem
470 1162 592 1198 talem
625 1174 892 1209 prorumpere
925 1162 993 1197 sed
1027 1170 1187 1209 oportet
1222 1161 1504 1198 auctoritatem

139 1219 292 1267 i5regis
337 1229 374 1256 et
419 1219 761 1268 approbacionem
808 1219 1111 1256 communitatis
1155 1219 1195 1256 in
1235 1219 1315 1256 suis
1354 1220 1507 1267 legibus

191 1286 414 1325 acceptare,
449 1286 486 1314 et
519 1277 684 1314 omnino
721 1279 779 1321 <ut
811 1286 922 1326 patet
954 1278 1165 1325 theologis)
1200 1278 1347 1314 habere
1371 1291 1393 1314 a
1416 1290 1508 1326 rege

192 1348 329 1383 regum
365 1345 401 1373 et
434 1335 586 1383 legibus
611 1336 690 1372 suis
714 1336 924 1373 licenciam
950 1345 987 1372 et
1011 1335 1354 1384 approbacionem
1378 1335 1507 1373 tocius

191 1393 356 1430 ecclesie
400 1394 700 1442 triumphantis.
747 1396 795 1430 Et
840 1394 871 1430 si
911 1394 951 1430 in
991 1395 1237 1431 secularibus
1276 1394 1432 1430 actibus
1466 1404 1507 1430 ut

191 1451 304 1487 bellis
343 1464 559 1499 regnorum
600 1462 637 1488 et
677 1452 835 1489 iudiciis
873 1452 1133 1500 politicorum
1172 1452 1271 1488 illud
1310 1452 1359 1488 sit
1404 1452 1506 1500 peri-

133 1522 175 1542 ἰο
191 1510 389 1554 culosum,
425 1522 470 1546 eo
505 1511 612 1558 quod
646 1511 775 1557 alege
809 1510 942 1547 divina
966 1510 1218 1559 frequencius
1243 1509 1505 1558 discrepatur,

190 1576 341 1616 quanto
376 1567 500 1615 magis
533 1567 573 1603 in
607 1567 835 1604 homicidiis
868 1569 1037 1605 fratrum
1073 1578 1110 1605 et
1142 1568 1315 1605 aliorum
1348 1568 1506 1616 religio-

189 1638 325 1661 sorum
359 1638 435 1674 que
468 1638 490 1662 a
522 1625 763 1662 fundacione
807 1627 1024 1662 voluntatis
1070 1627 1198 1674 prime
1237 1627 1373 1675 regule
1418 1628 1506 1675 plus

192 1683 450 1720 discordant?
482 1684 591 1720 Alias
625 1693 759 1720 autem
785 1684 1128 1721 auctorizaciones
1161 1685 1201 1720 in
1223 1684 1506 1733 punicionibus

191 1750 227 1778 et
260 1741 529 1778 occisionibus
574 1742 743 1778 fratrum
788 1755 869 1779 non
914 1751 1099 1790 expetant
1142 1742 1219 1779 nisi
1266 1742 1506 1791 sophisticas

135 1801 212 1836 25a
245 1800 383 1836 mundi
427 1799 677 1848 principibus
711 1800 854 1849 quibus
899 1800 1072 1837 illudunt
1116 1814 1188 1849 per
1232 1801 1506 1849 suggestiones

188 1857 430 1906 ypocriticas
475 1867 512 1894 et
557 1857 762 1906 arguciam
809 1871 922 1895 suam
968 1872 990 1895 a
1033 1858 1297 1896 similitudine
1345 1858 1504 1896 simiali.

189 1915 395 1965 Numquid
446 1915 646 1953 credimus
698 1918 805 1965 quod
857 1919 996 1953 beatus
1040 1919 1199 1954 Marcus
1249 1917 1311 1954 vel
1360 1917 1505 1966 aliquis

190 1975 468 2022 apostolorum
485 1974 611 2011 eciam
636 1975 821 2011 Scarioth
844 1975 884 2011 in
908 1975 982 2012 ista
1005 1976 1186 2012 versucia
1206 1975 1263 2012 sic
1285 1975 1505 2023 processit?

190 2033 302 2069 Patet
341 2045 385 2068 ex
424 2032 595 2069 cronicis
629 2034 736 2081 quod
775 2046 876 2079 non3
921 2046 998 2082 que
1043 2033 1204 2071 cronice
1247 2043 1414 2082 possunt
1455 2036 1504 2070 ad

133 2090 174 2123 30
189 2091 450 2127 destruendas
473 2091 567 2127 istas
589 2091 789 2128 versucias
813 2091 1021 2140 applicari.
1056 2094 1137 2128 Nec
1161 2100 1321 2140 oportet
1344 2092 1502 2129 fidelem

188 2157 321 2185 tacere
352 2148 561 2185 veritatem
587 2148 719 2185 dicere
748 2149 833 2186 istis
857 2149 987 2192 sectis,
1022 2150 1115 2198 quia
1138 2150 1178 2186 in
1203 2149 1339 2186 multis
1364 2163 1502 2187 eorum

142 2212 147 2217 '
188 2206 284 2243 latet
316 2206 497 2255 pronitas
532 2207 830 2244 emendacionis
864 2217 901 2244 et
934 2207 1139 2256 mitigacio
1168 2207 1316 2245 furoris
1348 2208 1389 2244 in
1418 2209 1505 2245 aliis

188 2273 353 2313 propter
386 2278 484 2313 quas
518 2266 634 2301 debet
668 2265 796 2302 fidelis
830 2278 873 2302 ex
914 2266 1081 2303 caritate
1124 2279 1244 2315 quam
1290 2267 1410 2303 habet
1455 2269 1504 2304 ad

189 2322 397 2359 ecclesiam
432 2332 469 2359 et
502 2323 609 2371 ipsos
642 2333 808 2372 peccata
841 2337 979 2361 eorum
1015 2334 1051 2361 et
1084 2337 1180 2362 sana
1202 2325 1381 2362 remedia
1413 2339 1505 2373 pro-

131 2383 171 2416 35
188 2381 380 2429 mulgare.
410 2383 459 2417 Et
480 2389 562 2418 non
586 2383 717 2419 solum
742 2383 943 2419 scolastici
968 2392 1035 2419 aut
1064 2383 1279 2431 populares
1302 2382 1504 2432 simplices

96 2430 256 2492 F0¹3sed
299 2451 392 2475 secu
420 2435 424 2493 Ι
452 2440 555 2476 lares
600 2440 753 2476 domini
799 2442 944 2477 debent
997 2453 1135 2478 cavere
1187 2454 1210 2478 a
1254 2442 1505 2479 contamina-

96 2485 159 2520 ¹94
188 2496 370 2534 cionibus
409 2498 749 2546 pseudofratrum,
790 2498 884 2547 quia
921 2508 1137 2548 postquam
1183 2499 1368 2537 seminati
1413 2509 1503 2537 sunt

257 2628 276 2647 1.
297 2621 326 2647 A
345 2620 375 2647 iu
397 2628 511 2656 marg:
543 2620 658 2655 Caym:
689 2620 714 2648 D
735 2620 766 2648 in
787 2629 900 2656 marg:
932 2622 1075 2650 Monachi
1103 2622 1259 2658 Caymite;
1291 2622 1315 2649 E
1335 2623 1366 2650 in
1388 2631 1500 2658 marg:

187 2653 283 2690 Caym
305 2654 392 2690 origo
412 2655 553 2682 fratrum.
574 2655 825 2684 Fundamentum
846 2661 978 2692 quatuor
999 2661 1163 2684 sectarum.
1230 2666 1270 2685 10.
1291 2658 1337 2685 A:
1359 2657 1501 2693 Supponi

185 2693 298 2717 tamen.
372 2698 406 2717 11.
426 2691 470 2718 A:
492 2691 576 2726 quod
596 2690 751 2718 occidens.
817 2690 857 2718 18.
877 2691 903 2719 E
922 2691 953 2718 in
975 2700 1089 2727 marg:
1110 2692 1201 2720 Nota.
1267 2692 1307 2727 18,
1325 2700 1367 2728 19.
1387 2693 1433 2720 A:
1454 2692 1499 2719 vel

187 2723 283 2751 bellis.
383 2722 429 2752 23.
450 2724 685 2760 punicionibus;
706 2724 747 2753 E:
769 2725 1059 2761 practizacionibus.
1168 2734 1182 2754 2
1206 2748 1211 2753 .
1233 2726 1304 2754 DE:
1326 2735 1362 2754 ne
1385 2726 1500 2754 andum

186 2758 357 2797 credimus;
385 2759 411 2787 E
430 2760 564 2787 correxit
582 2760 613 2788 in
634 2767 747 2793 marg:
778 2760 861 2788 Num
887 2761 955 2794 uid;
986 2761 1026 2789 ib.
1047 2762 1091 2788 A:
1121 2769 1170 2789 cre
1195 2761 1277 2789 imus
1296 2770 1358 2797 quo
1400 2761 1500 2795 ἀθετεῖς

187 2793 227 2820 lb.
244 2795 289 2820 A:
310 2793 463 2821 Mattheus
483 2794 539 2821 vel.
614 2793 658 2822 30.
674 2794 744 2822 DE:
766 2795 855 2822 debet
896 2796 981 2823 delis,
1055 2795 1098 2823 33.
1115 2795 1184 2823 DE:
1207 2796 1319 2823 fideles.
1393 2794 1439 2829 34.
1455 2796 1499 2823 A:

187 2836 243 2854 sua
263 2828 407 2856 remedia.
489 2828 530 2857 35.
551 2829 596 2856 A:
617 2830 735 2865 populi.
819 2829 862 2866 37.
885 2831 910 2857 D
931 2831 961 2858 in
983 2839 1098 2866 marg:
1119 2831 1222 2866 glossa
1244 2830 1428 2858 Bohemica:
1452 2830 1499 2857 Od

187 2870 392 2899 naprznenye‚
412 2863 443 2891 id
464 2868 519 2900 est,
541 2872 558 2891 a
578 2864 856 2892 contaminacione.

260 2934 285 2956 1.
311 2919 364 2955 Cf.
391 2923 514 2966 Suppl.
531 2924 699 2966 Trialogi,
724 2935 802 2968 pag.
828 2936 910 2968 444.

1585 453 1612 476 ol
1635 450 1743 485 (2:13111.

1559 821 1628 847 {mv
1651 827 1761 848 [annot

1577 856 1679 891 lssblil'y
1702 857 1749 883 llic

1542 890 1630 917 frixus
1653 891 1679 917 in
1694 891 1779 930 'their

1551 931 1769 960 persecutions.
