1986 3380
173 843 337 870 l‘reacliers
359 850 428 877 may

175 884 279 917 accept
301 878 381 904 what
404 877 428 904 is

164 914 295 943 incudum,
323 913 372 940 but
400 921 438 939 110

255 957 349 975 more.

192 1424 310 1452 l'rivate
332 1430 409 1452 sects

163 1468 275 1487 saxonr
295 1468 380 1486 more
400 1460 434 1487 of

181 1496 225 1521 sin
248 1495 319 1522 than
342 1495 416 1522 does

174 1530 242 1556 cixil
266 1529 417 1564 lordsliip.

752 315 973 347 JOHANNIS
991 315 1175 348 wvcmr
1195 317 1452 349 sennonem
1528 303 1678 361 [SERMO
1700 314 1765 341 vn.

453 419 592 457 fratres
626 422 772 458 liabent
806 422 873 457 sed
908 421 1070 459 indubie
1103 424 1151 459 de
1185 422 1316 470 egenis
1350 422 1594 471 pauperibus
1630 423 1764 459 multis

454 479 698 526 blasphemis
736 480 941 516 fraudibus
977 480 1062 527 ipsa
1097 481 1283 529 spoliant.
1332 484 1377 517 Et
1415 494 1504 517 cum
1537 481 1614 517 iam
1644 481 1764 517 sensi-

453 536 585 572 biliter
614 547 800 585 gravatur
824 550 987 585 regnum
1014 538 1051 574 in
1076 539 1184 575 omni
1209 552 1351 586 genere
1381 552 1542 575 suarum
1568 539 1763 587 parcium,

452 607 558 631 nunc
583 595 680 631 moti
706 595 982 632 misericordia
1007 607 1205 634 cessarent
1228 599 1277 634 ab
1302 598 1375 634 ista
1400 597 1539 645 rapina
1555 597 1766 644 dyabolica

453 664 669 700 egenorum
725 663 761 690 et
805 666 969 702 regnum
1016 655 1239 692 addisceret
1284 656 1461 703 regulam
1504 654 1612 691 Pauli
1658 656 1800 703 quodi>

453 711 517 759 qui
542 707 547 764 Ι
575 711 631 748 sic
664 712 800 748 ocians
840 725 913 748 non
953 713 1105 749 laborat
1144 726 1187 750 ex
1229 713 1394 750 ficcione
1434 713 1650 749 elemosine
1693 726 1765 748 non
1785 703 1863 763 ¹:0¹3

452 770 667 806 manducet.
1789 759 1848 792 ¹9⁰

512 828 739 864 Secundum
756 837 889 865 autem
907 838 1186 877 argumentum
1207 829 1324 866 infert
1340 831 1446 878 quod
1462 829 1534 866 viri
1551 828 1767 876 evangelici

454 879 654 935 accipiant
693 895 783 935 post
821 886 1124 924 edificacionem
1165 887 1330 924 ecclesie
1369 889 1417 924 ab
1457 887 1533 923 illis
1572 887 1639 935 qui
1678 887 1767 935 plus

454 954 644 993 aptantur
683 946 733 981 ad
772 944 870 981 illud
908 945 986 982 vite
1024 946 1250 983 necessaria
1290 947 1508 982 moderate.
1555 946 1630 981 Sed
1671 944 1825 993 quidxo

454 1004 529 1039 hoc
567 1005 616 1039 ad
646 1004 726 1040 alta
754 1011 791 1039 et
819 1002 937 1039 nimis
966 1013 1201 1052 sumptuosa
1231 1003 1388 1040 edificia
1418 1013 1454 1040 et
1485 1005 1535 1040 ad
1564 1003 1767 1051 superflua

453 1061 620 1098 fratrum
672 1061 852 1098 convivia
895 1062 956 1098 vel
1004 1063 1053 1098 ad
1103 1061 1358 1098 inhonestum
1405 1070 1441 1098 et
1485 1070 1766 1110 sumptuosum

452 1131 665 1156 numerum
701 1119 973 1156 discolorum?

509 1177 557 1213 Et
596 1177 765 1214 tercium
807 1186 1089 1225 argumentum
1128 1176 1245 1213 infert
1285 1178 1392 1225 quod
1425 1177 1567 1213 fratres
1599 1189 1680 1212 non
1712 1177 1767 1213 la-

452 1236 594 1271 borent
616 1236 677 1272 vel
706 1248 786 1271 non
816 1243 1056 1271 consumant
1079 1235 1310 1271 thesaurum
1341 1234 1451 1282 regni
1475 1247 1545 1282 per
1568 1234 1767 1282 privilegi·
1789 1235 1824 1267 ¹5

452 1292 612 1329 aciones
648 1302 684 1329 et
718 1292 1043 1340 dispensaciones
1075 1292 1236 1329 frivolas
1268 1291 1518 1329 Antichristi.
1559 1293 1673 1329 Unde
1709 1293 1767 1339 (ut

451 1350 505 1386 ait
521 1350 685 1399 quidam
701 1350 848 1397 socius)
864 1351 980 1398 longe
1004 1349 1230 1387 evidencius
1253 1350 1435 1399 implicat
1458 1349 1597 1398 religio
1612 1349 1767 1398 privata

452 1417 662 1456 peccatum
697 1421 817 1457 quam
853 1407 966 1444 civile
999 1407 1237 1445 dominium.
1272 1411 1373 1445 Nam
1407 1407 1537 1456 ipsum
1571 1420 1615 1444 ex
1648 1420 1767 1444 causa

452 1466 599 1514 triplici
639 1466 820 1515 implicat
858 1467 1018 1514 culpam
1057 1467 1107 1502 ad
1140 1466 1352 1503 minimum
1386 1465 1594 1511 venialem,
1634 1465 1766 1514 primo

452 1524 545 1572 quia
592 1525 719 1573 legem
771 1525 819 1560 de
869 1523 1244 1561 communicacione
1296 1526 1493 1561 bonorum
1546 1525 1765 1560 secundum
1784 1536 1825 1558 20

451 1590 599 1619 statum
651 1581 900 1627 innocencie,
955 1583 1176 1619 secundum
1221 1591 1370 1619 statum
1416 1581 1684 1631 apostolicum
1730 1590 1767 1618 et

451 1642 671 1677 secundum
716 1649 864 1677 statum
910 1640 1038 1688 patrie
1082 1641 1376 1677 observandum
1421 1640 1540 1677 nimis
1580 1639 1765 1676 excludit.

451 1700 553 1734 Nam
583 1698 681 1735 nulli
706 1698 832 1746 magis
855 1707 946 1734 sunt
968 1697 1227 1747 proprietarii
1250 1698 1290 1735 in
1314 1698 1457 1735 effectu
1480 1711 1601 1747 quam
1625 1698 1766 1735 fratres

452 1755 492 1792 in
526 1756 712 1793 domibus
745 1765 782 1793 et
821 1756 974 1793 cunctis
1013 1756 1068 1793 eis
1107 1756 1396 1802 adiacentibus,
1437 1769 1525 1793 cum
1566 1756 1766 1793 seculares

450 1815 512 1850 vel
549 1814 588 1850 in
619 1814 700 1851 vita
731 1815 793 1851 vel
831 1814 871 1850 in
910 1823 1040 1851 morte
1072 1815 1177 1851 bona
1221 1827 1292 1852 sua
1326 1816 1476 1851 mundo
1511 1814 1764 1859 distribuant,
1784 1816 1823 1849 25

451 1872 593 1909 fratres
643 1881 776 1909 autem
821 1873 927 1909 bona
972 1872 1111 1909 mundi
1155 1872 1385 1921 importune
1429 1873 1685 1910 accumulant
1729 1880 1766 1908 et

452 1942 524 1967 nec
563 1930 603 1967 in
639 1930 719 1967 vita
757 1942 830 1967 nec
867 1930 907 1966 in
945 1939 1075 1967 morte
1112 1929 1198 1978 ipsa
1239 1932 1389 1967 mundo
1426 1930 1689 1979 participant3
1728 1938 1766 1966 et

452 2001 541 2025 cum
586 2001 667 2025 non
711 1989 858 2025 habent
902 2001 924 2025 a
968 2000 1059 2037 rege
1104 1988 1314 2025 licenciam
1360 1989 1416 2025 sic
1459 1988 1661 2025 alienandi
1703 1988 1765 2025 vel

452 2046 630 2083 donandi
668 2047 774 2083 bona
810 2047 919 2095 regni
953 2059 1030 2095 que
1068 2045 1144 2095 ipsi
1183 2051 1239 2091 (ut
1277 2046 1479 2096 inquiunt)
1519 2045 1764 2083 dominative

452 2105 599 2141 habere
627 2117 707 2141 non
731 2113 933 2153 poterunt,
957 2117 1078 2153 quam
1103 2104 1328 2152 proditoria
1352 2104 1433 2153 regi
1457 2113 1494 2141 et
1517 2116 1639 2152 regno
1662 2104 1763 2141 foret
1780 2109 1822 2142 30

451 2161 612 2199 illorum
646 2161 818 2199 donacio
848 2162 1108 2199 Antichristo.

510 2221 695 2257 Secundo
728 2219 821 2269 quia
861 2220 975 2257 civile
1008 2219 1231 2257 dominium
1270 2219 1502 2269 implicatur
1534 2228 1571 2256 et
1603 2219 1764 2256 fulcitur

452 2277 638 2315 humanis
662 2278 813 2326 legibus
836 2277 1093 2327 imperfectis,
1109 2278 1190 2315 vita
1214 2287 1347 2315 autem
1371 2279 1539 2314 fratrum
1563 2286 1600 2314 et
1623 2290 1762 2314 eorum

451 2335 664 2384 possessio,
704 2335 795 2372 licet
833 2335 873 2372 in
911 2336 1135 2384 primordio
1174 2336 1361 2373 omnibus
1400 2335 1476 2372 illis
1515 2335 1762 2382 renuncient‚

450 2402 758 2443 verumptamen
797 2395 1002 2431 redeundo
1034 2395 1085 2431 ad
1117 2395 1288 2432 cadaver
1319 2393 1605 2442 temporalium
1638 2393 1764 2430 instar
1781 2399 1820 2431 35

451 2451 562 2489 canis
583 2451 794 2500 implicant
816 2464 857 2489 se
878 2451 1055 2500 negociis
1082 2452 1330 2489 secularibus
1352 2452 1440 2501 plus
1464 2464 1585 2501 quam
1610 2450 1763 2488 domini

521 2676 541 2696 1.
561 2668 606 2697 A:
627 2668 749 2696 habere.
822 2667 850 2697 8.
865 2668 894 2696 A
913 2667 943 2696 in
965 2675 1078 2705 marg:
1101 2667 1276 2696 Secundum
1297 2671 1530 2703 argumentum;
1551 2666 1576 2695 D
1597 2667 1627 2695 in
1649 2675 1763 2704 marg:

451 2703 500 2731 Ad
522 2703 709 2738 secundum3
739 2702 763 2730 E
783 2702 813 2731 in
837 2711 950 2738 marg:
973 2710 998 2730 2.
1124 2703 1150 2730 8.
1173 2707 1333 2737 amantum
1362 2702 1402 2729 ib.
1424 2702 1448 2729 D
1470 2701 1500 2729 in
1522 2709 1634 2737 marga
1666 2702 1695 2730 id
1717 2707 1762 2730 est

452 2737 513 2772 apti
538 2742 607 2765 sunt
628 2737 709 2765 dare.
808 2746 841 2766 11.
862 2738 906 2766 A:
928 2742 956 2764 et
976 2737 1069 2765 deest.
1167 2736 1203 2765 13.
1226 2737 1265 2765 E:
1286 2736 1526 2773 discipulorum.
1621 2745 1661 2770 Μ.
1683 2737 1712 2765 Α
1731 2737 1761 2764 in

452 2780 566 2807 marg.:
586 2772 731 2800 Tercium
753 2776 984 2808 argumentum3
1005 2772 1029 2799 E
1049 2772 1078 2799 in
1100 2780 1213 2807 marg.:
1235 2771 1260 2799 3.
1360 2779 1402 2805 14,
1424 2771 1459 2799 15.
1481 2771 1554 2798 AD:
1576 2771 1761 2799 laborarent.

452 2814 490 2833 Γ.
512 2809 556 2834 A:
579 2807 681 2834 socius
702 2807 795 2834 deest.
867 2815 906 2835 21.
927 2806 968 2834 E:
988 2806 1166 2834 innocencie
1187 2822 1217 2825 ——
1239 2811 1351 2833 statum
1373 2807 1472 2840 deest;
1494 2806 1534 2833 ib.
1551 2805 1575 2833 E
1595 2805 1624 2833 in
1647 2814 1760 2842 marg:

450 2822 704 2877 lfeligioprivata
726 2842 805 2883 sapit
826 2846 983 2878 peccatum
1005 2850 1099 2877 supra
1118 2841 1205 2869 civile
1226 2840 1410 2868 dominium.
1559 2848 1606 2874 24.
1629 2840 1697 2868 DE:
1719 2840 1762 2868 eis

451 2876 545 2903 deest.
654 2876 695 2904 25.
718 2877 786 2904 1)ss:
809 2876 924 2904 mundo
944 2876 1038 2904 deest.
1151 2874 1195 2904 32.
1216 2876 1245 2903 A
1265 2875 1293 2903 in
1317 2883 1429 2910 marg.:
1451 2882 1475 2902 2.
1584 2874 1598 2902 3
1616 2897 1629 2902 ..
1650 2876 1695 2903 A:
1718 2883 1762 2903 re-

452 2910 618 2945 nuncians3
649 2910 716 2938 DE:
740 2911 906 2939 renunciet.
995 2909 1040 2939 35.
1061 2910 1129 2938 DE:
1150 2911 1259 2938 iterum
1282 2910 1448 2938 redeundo.
1538 2909 1585 2938 36,
1617 2909 1647 2937 ῖς
1668 2917 1760 2947 quam

450 2945 515 2973 Deo
535 2945 630 2972 alens.
644 2945 678 2980 (1)

1979 2207 1986 2328 -m.n.„.
1980 2125 1986 2187 Δ...
1983 2086 1986 2091 .

1972 2418 1986 2426 Ι
