1986 3380
149 294 221 317 tto

200 527 234 545 ιιΓ
257 518 313 545 lille
334 527 348 544 at

150 553 298 579 xxntnnn's
322 553 396 580 bend

209 588 280 615 witi)
305 588 342 614 'its

179 623 373 657 superfluous

181 663 368 684 orn-anienis.

179 924 369 951 llrnnltard's

189 964 358 993 argument.

191 1445 309 1480 Appen!
332 1451 361 1472 t«)

175 1481 327 1515 authority
349 1482 377 1506 οἵ

220 1516 334 1542 Samis.

193 1921 278 1949 More
299 1921 358 1948 and

158 1961 275 1992 greater
294 1956 398 1983 saints

141 1992 215 2018 liare
229 1991 413 2018 maintained

737 290 960 322 ionANNJs
980 289 1164 322 wvcru?
1183 290 1438 323 sizRMONUM
1503 276 1654 334 [SERMO
1677 287 1742 317 xv.

429 400 509 434 Nec
540 397 706 434 dubium
739 396 835 444 quin
866 397 1007 433 fratres
1038 396 1130 433 facti
1161 396 1340 445 episcopi
1364 405 1454 433 sunt
1478 398 1527 433 ad
1552 398 1627 433 hoc
1651 410 1742 434 con-

428 455 560 492 silium
595 455 767 503 amplius
801 454 980 502 obligati.

485 515 712 550 Secundum
765 513 989 560 exemplum
1041 512 1080 548 in
1131 525 1209 561 quo
1261 521 1548 561 comparantur
1597 513 1742 549 novelli

426 572 586 608 ordines
633 570 875 607 monstruosi
924 579 980 606 est
1025 571 1072 606 de
1117 570 1246 618 capite
1297 571 1474 607 mulieris
1518 572 1622 607 ultra
1671 584 1741 608 sua

427 629 625 666 naturalia
660 628 826 677 palliato
859 640 928 676 per
962 628 1200 676 multiplicia
1233 638 1482 665 ornamenta.
1517 628 1582 665 Sic
1616 629 1774 665 eciam}

428 689 521 724 dum
551 686 768 724 effeminati
799 687 1017 722 secundum
1049 686 1258 734 religiones
1290 699 1379 722 suns
1410 686 1584 735 privatas
1616 686 1743 722 domi-

427 755 573 782 nantur
618 744 796 789 ecclesie,
842 753 1031 781 onustant
1081 744 1282 792 simplices
1328 745 1408 780 suis
1453 744 1743 781 tradicionibus

429 803 741 840 int'undabilibus
786 803 889 838 ultra
935 803 1011 838 hoc
1051 804 1158 851 quod
1204 802 1281 838 sint
1326 815 1526 850 synagoga
1571 803 1610 838 in
1660 803 1744 850 lege

427 862 547 898 veteri
582 869 761 897 onerata.

485 922 531 956 Et
555 919 722 955 tercium
748 918 971 966 exemplum
1007 927 1063 954 est
1097 921 1204 967 quod
1235 920 1309 956 ista
1340 922 1485 957 nedum
1518 929 1574 956 est
1603 920 1744 956 similis
1765 933 1802 954 to

427 977 587 1025 argucia
620 978 687 1013 sed
726 975 853 1024 gulosi
895 989 1121 1012 mensuram
1164 979 1468 1026 quomodolibet
1507 978 1744 1015 excedentis.

428 1037 465 1071 Si
491 1035 594 1072 enim
620 1034 832 1083 (inquiunt)
854 1035 1066 1071 observare
1098 1037 1316 1072 secundum
1349 1037 1424 1073 hoc
1454 1036 1620 1084 pallium
1652 1049 1744 1073 con-

427 1093 656 1143 tinenciam,
695 1092 984 1129 abstinenciam
1023 1093 1081 1128 vel
1122 1106 1382 1142 quoscunque
1430 1094 1527 1130 ritus
1565 1107 1657 1131 suos
1695 1094 1744 1130 sit

429 1151 677 1187 meritorium
724 1160 843 1198 atque
889 1159 1085 1195 sanctum,
1126 1163 1220 1197 ergo
1261 1164 1329 1199 per
1368 1153 1498 1188 locum
1540 1165 1561 1188 a
1602 1152 1744 1189 maiori

428 1210 527 1245 foret
544 1210 631 1256 plus
652 1208 879 1255 religiosum
898 1208 1011 1255 plura
1035 1216 1071 1243 et
1088 1209 1292 1255 penaliora
1316 1209 1497 1246 striccius
1520 1211 1744 1247 observare.
1765 1212 1801 1244 15

428 1267 491 1303 Sic
522 1267 625 1303 enim
657 1275 828 1313 arguunt
856 1265 983 1312 gulosi
1014 1267 1121 1313 quod
1152 1267 1199 1303 de
1229 1267 1381 1303 cibario
1411 1268 1582 1304 delicato
1619 1268 1745 1316 magis

429 1325 640 1373 proficient
680 1336 889 1372 quousque
928 1322 1159 1371 ingurgitati
1203 1325 1346 1362 suerint
1381 1334 1417 1362 et
1450 1325 1489 1362 in
1520 1326 1747 1362 valetudine

430 1382 611 1430 eorporis
644 1381 849 1418 infirmati.

487 1442 671 1477 Secunda
714 1439 823 1476 racio
868 1438 1101 1487 principalis
1141 1453 1260 1489 quam
1305 1440 1597 1489 solempnizant
1641 1449 1746 1477 secte

429 1499 583 1536 novelle
622 1507 665 1534 ut
703 1497 909 1534 stabiliant
940 1497 1045 1534 viam
1083 1511 1195 1534 suam
1237 1507 1294 1534 est
1332 1497 1425 1535 ista:
1471 1498 1585 1535 Multi
1617 1498 1744 1535 sancti
1761 1511 1804 1533 20

432 1557 648 1605 (inquiunt)
667 1556 885 1592 fundarunt
909 1564 945 1592 et
968 1557 1230 1592 observarunt
1254 1557 1325 1592 hos
1348 1556 1527 1602 ordines;
1552 1570 1627 1605 que
1651 1569 1744 1605 ergo

429 1615 529 1651 foret
567 1613 823 1663 presumpcio
862 1626 985 1650 unum
1025 1613 1226 1650 tantillum
1267 1613 1449 1661 ignarum
1483 1623 1602 1663 atque
1636 1615 1746 1652 here-

429 1672 552 1710 ticum
598 1672 706 1720 ipsos
749 1671 822 1708 niti
855 1671 1092 1719 infringere?
1130 1674 1231 1708 Nam
1272 1671 1373 1708 sicut
1412 1672 1595 1709 faciendo
1634 1673 1746 1721 ponit

429 1731 662 1779 blaspheme
707 1727 768 1782 (ut
818 1725 1021 1782 inquiunt)
1068 1742 1111 1766 os
1161 1742 1276 1765 suum
1328 1729 1366 1766 in
1412 1731 1562 1776 celum;
1609 1739 1646 1767 et
1697 1732 1746 1767 ad

429 1789 703 1825 roborandum
748 1787 865 1825 istam
904 1787 1148 1824 sentenciam
1189 1788 1361 1835 allegant
1401 1789 1586 1825 doctores
1623 1801 1747 1825 novos
1765 1792 1802 1823 25

431 1846 626 1895 plurimos
660 1855 696 1882 et
730 1847 902 1882 decreta.

488 1906 566 1942 Sed
611 1905 661 1941 ad
706 1903 811 1940 istud
856 1913 1137 1952 argumentum
1179 1904 1330 1941 dictum
1371 1914 1428 1941 est
1468 1904 1600 1953 sepius
1639 1905 1747 1953 quod

430 1962 560 2011 ipsum
586 1962 733 1999 sorcius
758 1962 902 1998 militat
925 1971 1065 1999 contra
1088 1962 1208 2011 ipsos,
1234 1975 1323 1999 cum
1348 1964 1482 2011 plures
1505 1962 1747 1999 Strenuiores

140 2027 190 2053 me
208 2027 271 2053 rulo
289 2026 413 2062 οιΗοι)Γ
431 2029 467 2057 et
490 2020 729 2057 scienciores
757 2019 1009 2056 stabilierunt
1032 2021 1213 2057 ordinem
1237 2029 1420 2057 nostrum
1445 2030 1481 2057 et
1505 2022 1747 2057 mandarunt

193 2061 258 2089 Scri
265 2066 293 2096 pt
300 2071 315 2088 ιι
322 2070 361 2088 re.

430 2079 537 2127 quod
554 2080 602 2115 de
625 2091 695 2115 sua
719 2078 854 2126 regula
869 2091 945 2127 que
970 2087 1026 2115 est
1041 2078 1239 2126 scriptura
1262 2091 1375 2115 sacra
1398 2079 1470 2115 sub
1491 2079 1747 2115 anathemate
1764 2082 1805 2114 30

427 2149 509 2173 non
541 2137 746 2173 auferatur
778 2136 929 2184 aliquid
962 2137 1023 2172 vel
1061 2138 1246 2182 addatur,
1279 2149 1416 2185 ymmo
1456 2149 1545 2173 cum
1580 2135 1746 2185 quilibet

429 2194 668 2231 christianus
699 2195 843 2231 habeat
872 2207 987 2230 suum
1021 2195 1200 2239 modum,
1225 2203 1334 2243 patet
1357 2196 1465 2243 quod
1495 2195 1746 2231 observando

429 2252 638 2289 caritatem
672 2261 728 2288 est
763 2253 906 2288 modus
935 2251 1091 2288 vivendi
1120 2248 1125 2306 l
1154 2251 1351 2289 sensibilis
1379 2261 1586 2301 tamquam
1620 2264 1746 2301 prope
1763 2233 1845 2311 1170ὲῇ

429 2310 690 2358 impertinens
714 2311 998 2347 observandus.
1033 2311 1109 2347 Sed
1140 2319 1276 2347 caveat
1307 2309 1546 2347 christianus
1574 2322 1623 2347 ne
1654 2322 1745 2346 cum

429 2368 497 2405 tali
532 2370 653 2405 modo
678 2367 746 2417 qui
779 2377 836 2404 est
860 2369 1008 2404 bonum
1040 2381 1110 2416 per
1142 2367 1327 2405 accidens
1360 2368 1409 2404 sit
1442 2380 1562 2417 supra
1596 2369 1744 2404 bonum
1763 2371 1802 2405 35

429 2425 584 2462 virtutis
622 2427 683 2463 vel
720 2426 852 2474 gracie
892 2427 1173 2474 desponsatus;
1213 2439 1305 2463 narn
1345 2425 1506 2463 libertas
1544 2425 1746 2474 religionis

430 2483 591 2520 Domini
638 2484 804 2534 requirit
844 2485 951 2533 quod
991 2492 1134 2520 cuncta
1172 2483 1268 2521 talia
1312 2483 1515 2520 sensibilia
1554 2496 1630 2532 que
1665 2496 1746 2520 non

429 2550 520 2578 sunt
548 2541 713 2579 virtutes
742 2542 802 2578 vel
835 2541 967 2589 gracie
999 2541 1091 2578 licet
1115 2541 1221 2578 fideli
1253 2554 1359 2578 nunc
1393 2541 1607 2587 dimittere,
1640 2553 1746 2578 nunc

500 2673 524 2702 3.
545 2676 573 2703 A
594 2675 623 2702 in
646 2683 761 2710 marga
791 2675 969 2703 Secundum
991 2677 1185 2712 exemplum:
1216 2677 1240 2705 E
1261 2677 1290 2705 in
1312 2683 1426 2711 marg:
1454 2683 1479 2703 2.
1606 2684 1647 2703 10.
1668 2676 1695 2703 A
1717 2675 1746 2703 in

430 2718 496 2738 mar
520 2720 544 2738 .:
566 2709 711 2738 Tercium
734 2711 926 2745 exemplunm
948 2710 972 2738 E
987 2711 1015 2738 in
1032 2719 1147 2746 marg.:
1168 2710 1193 2739 3.
1263 2720 1301 2740 η.
1317 2712 1361 2738 A:
1384 2711 1548 2738 observare
1569 2710 1744 2738 observat-c.

431 2753 468 2776 12,
492 2753 498 2772 ι
523 2767 528 2772 .
551 2745 619 2772 liti:
642 2745 830 2772 continuam.
919 2753 958 2780 ¹7·
980 2745 1048 2772 DE:
1072 2746 1218 2781 proficiet.
1308 2754 1348 2781 ιι).
1370 2746 1398 2773 A
1419 2745 1447 2772 in
1470 2753 1582 2772 marm:
1603 2745 1745 2772 Secunda

429 2779 583 2818 obit-ecio:
605 2779 628 2807 E
644 2779 672 2818 in
690 2788 802 2815 marg:
825 2780 965 2807 Secunda
987 2779 1079 2807 racio.
1136 2788 1179 2807 22.
1196 2781 1240 2808 A:
1261 2785 1311 2808 aut
1333 2780 1429 2807 illum.
1486 2765 1586 2807 23.²l›:
1610 2784 1746 2815 pont1nt;

430 2815 470 2842 ib.
501 2814 609 2842 codd.:
640 2818 728 2842 sicut.
871 2821 918 2848 24.
949 2813 1017 2842 DE:
1049 2814 1164 2842 scilicet
1194 2815 1387 2850 blasplienie;
1421 2814 1460 2841 ib.
1491 2813 1559 2842 DE:
1591 2819 1620 2842 ut
1649 2814 1744 2842 deest.

430 2857 474 2883 ²7·
496 2850 524 2876 A
544 2849 573 2876 in
596 2857 709 2884 marg.:
732 2848 920 2884 impons-im
942 2847 965 2875 E
986 2849 1015 2876 in
1038 2857 1151 2884 marga
1174 2849 1308 2877 Solucio.
1399 2850 1443 2876 28.
1466 2849 1534 2877 DE:
1557 2854 1743 2877 sti-entiores.

430 2891 477 2919 29.
500 2885 537 2910 ti:
559 2888 586 2911 et
608 2883 791 2911 sancciores.
861 2882 897 2910 1³1.
921 2883 943 2910 Ε
964 2883 992 2910 in
1016 2891 1129 2919 marga
1152 2883 1235 2911 Modi
1258 2883 1468 2918 sensibiter(!)
1488 2888 1559 2911 sunt
1579 2883 1745 2911 christiane

432 2918 570 2954 religioni
593 2918 834 2954 impertinentes.
907 2918 949 2953 35,
971 2918 1018 2946 30.
1040 2918 1080 2945 12:
1103 2919 1197 2953 legem
1221 2918 1352 2946 virtutis.
