1986 3380
207 292 342 321 SERMO
364 283 503 340 xxxii]
679 295 889 328 sECtJNDA
921 296 1045 327 PARs.

206 415 333 448 suam,
358 411 400 438 ut
434 415 571 439 eorum
605 403 850 439 sentenciam
884 412 1003 450 atque
1037 403 1211 439 officium
1249 403 1519 439 confirmaret.

207 462 395 496 Formam
436 469 569 496 autem
611 461 744 508 regule
783 474 903 508 quam
944 460 983 496 in
1022 473 1092 497 sua
1132 461 1415 509 predicacione
1456 463 1520 497 de—

206 519 373 554 buerant
413 520 624 554 observare
665 519 773 554 dedit
814 518 1131 567 prohemialiter,
1173 520 1266 554 dum
1307 518 1362 555 sic
1405 519 1518 555 dixit:

206 576 346 612 Ales-sis
384 577 532 624 quidem
578 577 711 623 multa,
751 577 923 626 operarii
954 589 1044 612 vero
1072 578 1210 625 pauc&
1247 585 1386 627 rogate
1424 590 1520 627 ergo

173 634 400 669 §dominum
447 635 579 670 messis
625 642 663 669 ut
709 635 834 670 mittat
873 635 1074 683 operarios
1118 635 1153 670 in
1200 647 1358 671 messem
1397 648 1520 679 suam,

205 692 271 727 ubi
295 691 449 728 videtur
478 692 684 728 intendere
714 694 822 740 quod
852 701 932 729 tam
966 694 1012 728 de
1042 692 1169 728 iudeis
1194 706 1313 741 quam
1337 693 1520 740 gentibus

205 758 297 785 sunt
331 750 478 785 multus
516 751 689 798 populus
728 763 770 786 ex
810 750 886 786 fide
929 763 1049 798 quam
1084 752 1189 787 Deus
1223 760 1259 787 et
1291 751 1521 799 patriarche

206 808 245 843 in
274 819 341 844 eos
370 816 552 844 severant
572 821 608 844 -a
639 808 950 844 conversacione
979 808 1201 844 infidelium
1232 811 1519 857 segregandus;

205 866 274 901 sed
306 865 423 913 pauci
456 875 547 902 sunt
579 865 646 914 qui
679 865 796 903 istam
830 865 1078 902 habilitatem
1114 867 1251 915 populi
1286 868 1521 904 reducerent

151 937 190 958 10
205 924 255 960 ad
284 924 550 971 completum3
581 924 670 960 ideo
702 937 791 960 cum
822 924 872 960 sit
901 925 1051 960 donum
1082 925 1326 961 descendens
1358 938 1379 962 a
1408 933 1521 975 patre

204 981 400 1017 luminum
434 984 541 1030 quod
572 981 777 1019 christiani
805 982 861 1019 sic
884 982 1047 1028 faciant,
1072 982 1128 1018 illi
1158 982 1343 1030 discipuli
1376 984 1521 1019 debent

203 1052 346 1087 rogare
370 1040 580 1077 dominum
595 1042 728 1077 Jesum
746 1040 963 1085 Christum,
980 1049 1022 1076 ut
1047 1040 1179 1077 mittat
1199 1054 1291 1077 suos
1315 1040 1521 1090 operarios

204 1097 243 1133 in
277 1110 449 1134 messem
484 1112 596 1135 suam
629 1099 762 1135 taliter
794 1107 1053 1135 maturatam.

263 1155 462 1192 premisso
509 1165 643 1193 autem
693 1157 768 1193 isto
813 1156 1024 1206 prohemio
1070 1157 1239 1205 iniungit
1283 1158 1520 1194 mandatum

150 1213 282 1250 15sive
317 1214 528 1251 consilium
563 1216 670 1264 quod
704 1215 805 1251 irent
839 1216 888 1252 ad
922 1215 1027 1251 istud
1060 1215 1258 1252 officium:
1283 1216 1350 1262 Ite,
1379 1215 1519 1264 inquit.

203 1274 279 1308 Sed
313 1272 406 1320 quia
429 1273 665 1310 Antichristi
699 1282 757 1310 est
781 1274 910 1310 celare
943 1273 1220 1310 difficultatem
1255 1273 1314 1310 sui
1354 1273 1519 1317 ordinis,

204 1329 386 1367 Christus
419 1331 602 1368 faciendo
636 1331 883 1368 contrarium
919 1330 1013 1368 dicit
1047 1332 1155 1380 quod
1188 1332 1301 1367 mittit
1331 1345 1394 1368 eos
1425 1332 1521 1368 sicut

202 1401 327 1439 agnos
364 1389 464 1425 inter
502 1390 612 1439 lupos
652 1386 713 1441 (ut
752 1389 976 1438 expositum
1018 1398 1075 1426 est
1114 1402 1299 1426 sermone
1337 1389 1520 1438 proximo

1728 301 1748 326 b)

1758 291 1775 326 w

1792 290 1805 321 :x

205 1448 252 1482 de
304 1446 399 1495 ipsis
450 1448 676 1501 apostolis).
728 1447 851 1484 Addit
896 1456 1029 1484 autem
1076 1447 1256 1485 Christus
1308 1447 1520 1484 consilium
1545 1454 1647 1482 Christ
1669 1459 1811 1484 commus

146 1506 449 1542 zoremovendo
508 1507 672 1542 modum
725 1505 838 1542 istius
889 1505 1011 1542 officii
1063 1505 1326 1543 tardativum:
1379 1506 1520 1553 Nolite,

204 1563 344 1611 inquit,
374 1571 540 1612 portare
570 1565 765 1600 sacculum
799 1576 916 1613 neque
942 1577 1081 1614 peram
1114 1577 1232 1613 neque
1263 1565 1520 1601 calceamenta

203 1629 237 1657 et
270 1621 456 1658 neminem
484 1634 560 1671 per
593 1623 691 1658 viam
725 1622 1011 1667 salutaveritis;
1042 1622 1109 1658 ubi
1143 1631 1296 1658 certum
1332 1631 1388 1659 est
1412 1623 1520 1670 quod

201 1679 276 1715 ista
315 1688 489 1727 quatuor
533 1692 606 1716 nec
650 1688 742 1716 sunt
787 1679 955 1716 consilia
999 1693 1071 1717 nec
1117 1689 1306 1728 precepta
1352 1680 1426 1716 nisi
1473 1681 1519 1716 de

202 1745 353 1786 quanto
392 1746 483 1774 sunt
516 1739 564 1774 ab
598 1738 732 1775 officio
766 1737 1060 1786 predicacionis
1092 1738 1304 1775 tardativa.
1345 1738 1519 1784 Quidam

146 1801 184 1833 25
202 1795 306 1832 enim
353 1795 579 1833 diffidentes
624 1798 671 1833 de
709 1796 782 1833 Dei
827 1796 1087 1844 providencia
1131 1805 1294 1845 portant
1339 1797 1520 1833 sacculos

201 1853 281 1890 sive
320 1866 472 1901 peram,
509 1867 582 1902 pro
623 1854 734 1891 cuius
768 1854 1046 1903 complecione
1078 1854 1198 1891 nimis
1231 1856 1438 1892 retardant
1471 1856 1519 1891 ab

200 1911 335 1948 officio
367 1912 602 1960 predicandi
636 1921 672 1949 et
702 1921 990 1961 congregantes
1023 1912 1141 1950 nimis
1174 1913 1271 1950 talia
1303 1914 1520 1950 ostendunt

201 1982 241 2006 se
285 1970 374 2018 plus
417 1983 491 2019 pro
535 1971 750 2019 temporali
791 1972 1007 2007 commodo
1048 1984 1169 2020 quarn
1209 1984 1282 2020 pro
1322 1971 1519 2019 spirituali

201 2028 357 2076 premio
380 2029 602 2077 predicare.
637 2031 685 2065 Et
708 2029 813 2066 idem
846 2038 903 2065 est
926 2028 1119 2066 iudicium
1144 2031 1192 2065 de
1216 2028 1520 2078 desperantibus

144 2089 186 2121 30
202 2087 402 2134 superflue
461 2087 660 2124 calceatis.
722 2087 788 2124 Isti
840 2096 976 2124 tamen
1034 2100 1114 2124 non
1174 2096 1371 2136 repugnat
1423 2087 1519 2136 quin

202 2144 520 2192 evangelizantes
551 2158 624 2194 pro
658 2146 748 2182 loco
782 2154 818 2182 et
841 2154 1024 2194 ternpore
1057 2146 1298 2182 calceentur.
1332 2148 1381 2182 Et
1413 2144 1518 2182 idem

202 2211 261 2239 est
310 2202 502 2239 iudicium
555 2204 602 2240 de
653 2203 968 2240 salutacionibus
1020 2203 1244 2241 mundiales
1297 2205 1518 2240 secundum

201 2261 355 2298 fabulas
394 2262 618 2298 mundanas
665 2275 686 2298 a
726 2261 987 2298 conversione
1026 2264 1076 2299 ad
1117 2262 1336 2299 Dominum
1377 2261 1519 2299 distra-

201 2318 399 2355 hentibus.
445 2319 559 2356 Absit
598 2329 733 2356 autem
772 2320 930 2356 fidelem
971 2321 1132 2357 credere
1171 2320 1375 2358 Christum
1416 2321 1519 2357 salu-

143 2377 401 2414 35tacionem
467 2379 627 2415 brevem
686 2378 726 2414 in
779 2378 952 2415 Domino
1012 2378 1092 2415 suis
1156 2378 1520 2427 evangelizantibus

201 2434 428 2483 prohibere,
463 2448 553 2472 cum
594 2435 767 2484 apostoli
809 2435 868 2472 sui
902 2436 1148 2485 reliquerant
1180 2436 1297 2473 istam
1331 2437 1518 2473 formam.

259 2494 560 2542 Consequenter
582 2507 675 2531 vero
705 2494 815 2531 addit
838 2494 1010 2532 formam
1039 2494 1226 2531 introitus
1251 2496 1300 2531 ad
1323 2495 1519 2543 populum

201 2553 535 2589 convertendum:
560 2553 601 2588 In
625 2565 887 2602 quamcunque
910 2554 1079 2600 domum,
1102 2552 1243 2601 inquit,
1267 2554 1518 2599 intraveritis,

270 2659 289 2678 ι.
312 2652 356 2678 A:
378 2655 607 2679 consumarem.
698 2652 725 2679 8.
746 2652 787 2679 E:
809 2652 839 2679 in
861 2652 921 2685 eis:
952 2653 992 2680 ib.
1014 2653 1038 2680 D
1060 2653 1089 2680 in
1112 2661 1225 2688 marg:
1248 2653 1284 2680 ad
1306 2661 1413 2680 vocem
1435 2662 1519 2680 seve-

201 2690 282 2713 rant:
304 2694 320 2712 a
341 2694 408 2713 sero
428 2701 461 2704 —
483 2686 509 2713 is
532 2702 558 2705 —
583 2695 657 2713 rere.
745 2695 785 2714 ιο.
809 2687 848 2714 E:
871 2688 988 2715 donum
1010 2687 1181 2716 Dominini.
1269 2687 1306 2715 13.
1330 2688 1398 2715 DE:
1420 2688 1519 2715 taliter

200 2721 417 2747 innaturatam.
491 2720 533 2748 16.
555 2721 624 2748 DE:
646 2721 869 2749 difficilitatem.
950 2729 995 2749 20.
1018 2722 1042 2749 D
1064 2723 1094 2750 in
1116 2731 1230 2758 marg:
1253 2723 1411 2753 Saccnlns,
1435 2731 1517 2758 pera,

199 2756 416 2788 calceamenta,
438 2755 810 2794 salutacioprohibentnr
829 2765 845 2784 a
861 2756 986 2784 Christo
1007 2757 1043 2784 de
1065 2762 1180 2793 quanto
1203 2758 1358 2784 retardant
1379 2757 1515 2784 officium

200 2789 391 2824 predicandi.
472 2797 520 2823 24.
542 2791 569 2817 A
590 2799 619 2817 in
642 2799 756 2826 marg:
778 2791 859 2819 Nota
880 2792 1123 2826 exposicionem.
1198 2800 1242 2827 27.
1265 2793 1307 2819 D:
1330 2792 1516 2825 inimicalia;

200 2825 239 2852 E:
260 2824 384 2851 inimica
405 2824 485 2851 talia.
541 2826 586 2852 28.
609 2825 676 2853 DE:
699 2834 755 2860 pro
776 2826 837 2853 tali.
893 2825 936 2853 32.
959 2827 1027 2854 DE:
1049 2826 1221 2854 mundiales
1242 2827 1359 2854 scilicet
1379 2827 1514 2854 fabulas.

198 2858 240 2886 33.
262 2858 331 2886 DE:
352 2859 554 2886 conversione
575 2860 747 2888 hominum.
819 2860 863 2896 33,
884 2861 931 2895 34.
954 2861 1071 2888 Codd.:
1093 2861 1308 2889 distrahentes.
1331 2861 1470 2889 Correxi.

265 2929 298 2961 4.
326 2920 438 2951 Lucae
464 2920 507 2961 X,
534 2930 563 2952 2.
666 2920 715 2953 ι5.
743 2920 787 2953 ib.
815 2920 844 2954 3.
944 2920 996 2954 26.
1023 2921 1068 2954 ib.
1095 2932 1127 2964 4.

1566 1490 1646 1517 them
1669 1492 1786 1526 against

1578 1525 1657 1552 what
1680 1527 1780 1554 would

1562 1561 1703 1588 interfere
1725 1562 1796 1588 with

1535 1595 1612 1622 their
1635 1597 1808 1632 prcaching.
