1986 3380
192 296 327 324 SERMO
348 285 471 344 XLVI]
667 299 879 333 SECUNDA
904 300 1032 332 PARS.

192 408 299 454 quod
332 405 480 453 petitur
514 406 681 447 evenire,
716 416 751 442 et
786 419 872 443 cum
909 420 978 454 per
1008 406 1280 442 adversarium
1315 415 1398 443 tota
1432 407 1503 443 ista

192 463 460 500 communitas
494 464 533 500 in
568 465 642 500 hoc
675 464 768 500 facit
803 464 1006 501 meritorie
1039 472 1075 500 et
1109 464 1286 503 licenter,
1326 465 1504 512 sequitur

192 522 321 569 prima
351 535 456 570 pars.
494 525 641 557 Notum
671 522 832 570 quidem
857 531 913 558 est
935 523 1042 570 quod
1076 521 1334 558 ecclesiarum
1359 535 1503 570 appro-

190 579 415 627 priaciones
434 588 470 616 et
495 580 660 615 fratrum
686 581 839 616 novelle
857 580 1100 616 inserciones
1123 581 1270 616 nedum
1296 581 1504 616 destruunt

156 638 173 671 5
190 638 336 674 multas
368 637 552 673 basilicas
587 647 622 673 ct
652 638 889 674 elemosinas
915 639 1133 674 secundum
1159 637 1342 674 ordinem
1366 638 1503 686 primi—

189 695 312 731 tivum
358 697 425 731 sed
466 696 611 731 multas
653 695 806 732 animas
851 698 1045 732 seducunt
1092 708 1167 744 que
1212 696 1328 732 aliter
1373 696 1502 732 forent

188 762 336 799 sancte,
360 766 447 789 cum
471 754 647 790 novellas
666 753 945 790 observancias
970 754 1232 790 introducunt
1255 762 1298 790 ut
1323 754 1441 790 fidem
1468 763 1503 790 et

189 811 396 859 antiquam
431 810 577 847 Christi
611 811 845 859 religionem
878 813 938 848 vel
971 811 1134 860 sopiunt
1165 812 1226 848 vel
1259 820 1460 848 enervant.

247 870 431 905 Secunda
475 877 609 905 autem
654 882 746 916 pars
792 878 901 917 patet
947 882 989 905 ex
1034 869 1363 906 consideracione
1408 869 1500 906 ista:

133 938 172 960 10
189 928 288 962 Cum
330 926 477 962 Christi
522 926 661 974 religio
705 936 742 963 et
780 927 876 975 legis
923 940 991 963 sue
1036 927 1211 964 attencio
1250 928 1299 963 sit
1338 937 1503 975 propter

186 984 280 1021 istas
302 984 498 1021 novitates
522 985 740 1033 plurimum
766 984 976 1030 diminuta,
1003 985 1096 1034 quia
1119 985 1150 1022 si
1174 994 1258 1022 tota
1282 986 1502 1034 occupacio

184 1042 353 1079 istorum
393 1055 590 1079 novorum
623 1055 812 1091 generum
848 1044 1017 1080 collecta
1049 1043 1167 1080 fuerit
1199 1056 1298 1092 pure
1331 1045 1378 1080 ad
1411 1057 1503 1081 nos—

186 1102 370 1147 cendum,
401 1103 641 1137 servandum
673 1110 709 1137 et
733 1102 1018 1138 declarandum
1050 1102 1175 1149 legem
1208 1110 1245 1138 et
1267 1101 1501 1149 religionem

185 1158 344 1204 Christi,
390 1159 477 1207 quis
523 1159 679 1195 dubitat
720 1159 815 1208 quin
860 1159 1056 1196 stantibus
1102 1160 1188 1196 aliis
1233 1159 1396 1208 paribus
1442 1161 1502 1196 lex

131 1218 167 1252 15
185 1217 331 1253 Christi
361 1225 397 1253 et
427 1230 497 1253 sua
527 1217 666 1265 religio
695 1217 798 1254 foret
828 1219 875 1254 de
904 1226 1016 1254 tanto
1047 1217 1243 1254 extensius
1266 1219 1501 1255 observata?

241 1277 289 1311 Et
313 1276 446 1324 quoad
475 1275 641 1312 terciam
671 1285 826 1324 partem
857 1285 966 1324 patet
997 1275 1272 1324 multipliciter
1294 1278 1500 1325 quomodo

184 1341 400 1382 antequam
424 1333 497 1369 iste
521 1343 625 1370 secte
649 1333 877 1370 introducte
900 1343 990 1370 sunt
1016 1334 1152 1370 debuit
1176 1346 1258 1370 esse
1282 1334 1499 1383 proposcio

183 1390 285 1427 inter
308 1400 387 1428 tres
416 1399 549 1439 partes
579 1391 743 1428 ecclesie
768 1392 990 1438 militantis,
1014 1392 1165 1428 scilicet
1188 1391 1290 1428 inter
1320 1392 1498 1438 clericos,

184 1449 370 1486 dominos
389 1458 426 1485 et
444 1450 644 1497 vulgares3
670 1463 758 1486 cum
785 1463 877 1498 ergo
897 1452 945 1487 ad
964 1450 1176 1498 religiones
1194 1450 1369 1498 privatas
1388 1460 1499 1487 tanta

184 1507 452 1544 communitas
476 1517 533 1543 est
556 1510 770 1553 abstracta,
795 1517 904 1556 patet
930 1506 932 1560 Ι
961 1510 1068 1557 quod
1091 1517 1251 1557 oportet
1273 1508 1383 1545 illam
1408 1522 1500 1557 pro-

182 1565 416 1612 porcionem
436 1567 570 1613 quoad
588 1566 757 1602 istorum
782 1566 951 1602 tercium
972 1567 1141 1603 deficere
1160 1576 1197 1602 et
1215 1566 1442 1614 specialiter
1459 1567 1500 1603 in

180 1623 470 1669 laborantibus,
490 1632 532 1659 ut
551 1623 872 1671 agricultoribus,
898 1624 938 1660 in
961 1624 1189 1672 pastoribus
1209 1634 1245 1660 et
1265 1625 1498 1662 artificibus.

180 1683 262 1717 Nec
278 1681 444 1718 dubium
462 1681 558 1730 quin
572 1694 734 1718 necesse
750 1682 812 1727 sit,
829 1682 913 1719 istis
929 1683 1046 1719 sectis
1062 1691 1217 1719 tantum
1234 1682 1499 1731 spoliantibus

180 1751 202 1775 a
225 1739 432 1787 republica
461 1741 508 1776 de
538 1740 676 1776 mundi
708 1740 876 1786 diviciis,
908 1750 950 1777 ut
981 1741 1251 1777 communitas
1276 1741 1436 1778 deficiat
1458 1741 1498 1778 in

122 1798 162 1831 25
179 1798 370 1834 solvendo
396 1798 503 1834 clero
527 1807 563 1834 et
588 1798 761 1835 dominis
779 1800 1000 1835 secundum
1021 1799 1204 1836 ordinem
1225 1798 1497 1847 primitivum3

180 1864 216 1892 et
248 1855 350 1892 forte
379 1865 539 1904 oportet
569 1858 678 1905 quod
710 1856 782 1893 iste
816 1859 892 1894 due
925 1866 1059 1905 partes
1091 1857 1131 1893 in
1163 1869 1309 1906 penam
1343 1857 1496 1906 peccati

179 1913 408 1950 omissionis
447 1914 502 1951 sic
543 1914 822 1963 temporaliter
860 1915 939 1952 sint
976 1915 1126 1964 punite.
1173 1917 1363 1964 Magnum
1404 1929 1498 1964 ergo

179 1973 302 2008 robur
334 1973 454 2008 habet
488 1973 748 2009 observancia
780 1973 955 2010 limitum
989 1973 1086 2022 legis
1121 1974 1283 2010 Christi.

237 2031 315 2066 Sed
346 2030 564 2079 replicatur
594 2032 864 2068 communiter
892 2033 1000 2081 quod
1033 2032 1214 2069 Christus
1247 2032 1374 2068 multa
1406 2032 1498 2068 fecit

120 2089 163 2122 30
179 2097 215 2124 et
260 2087 356 2124 dixit
399 2088 611 2126 occasione
655 2102 827 2138 quorum
873 2091 1000 2127 multa
1038 2091 1145 2127 mala
1185 2099 1398 2127 evenerant
1439 2091 1498 2138 (ut

177 2154 286 2194 patet
318 2147 485 2183 Matthei
517 2148 635 2192 XVO).
683 2147 791 2194 Quid
828 2160 922 2197 ergo
960 2148 1045 2185 istis
1084 2148 1292 2185 ordinibus
1324 2149 1385 2185 vel
1417 2148 1497 2185 suis

93 1486 166 1517 Fol.

90 1536 168 1564 221⁰

1714 293 1789 339 337

1546 414 1649 441 lfsiars
1671 414 1768 447 injure

1607 449 1708 483 pairish

1577 485 1737 511 churchcs.

1528 876 1622 903 Their
1644 877 1790 904 noveltics

1565 912 1661 939 divort
1683 921 1749 939 mci]

1541 946 1618 973 from
1641 947 1771 974 Christ's

1617 982 1700 1008 laws.

1573 1282 1736 1310 Excessive

1564 1318 1695 1345 number
1714 1319 1749 1345 of

1601 1353 1703 1388 clergv

1541 1385 1766 1422 impoverishes

1575 1423 1625 1449 the
1645 1428 1730 1450 state.

1548 2097 1574 2125 It
1593 2097 1618 2125 is
1640 2106 1656 2125 a
1676 2098 1751 2126 false

1529 2137 1691 2168 argument
1711 2134 1775 2161 that

1517 2167 1624 2195 Christ
1643 2176 1707 2195 was
1727 2169 1778 2196 the

178 2204 547 2251 elemosinantibus,
594 2205 686 2242 licet
730 2207 779 2242 ab
829 2205 906 2243 illis
958 2206 1267 2243 occasionaliter
1312 2202 1654 2244 eveniantoccflsiw
1670 2203 1783 2231 ofevil.

177 2263 304 2299 multa
355 2263 485 2300 mala?
536 2266 638 2300 Nam
691 2263 798 2300 iuxta
848 2265 958 2301 illam
1011 2264 1227 2301 stulticiam
1274 2266 1494 2302 secundum

176 2330 457 2369 argumentum
506 2321 717 2369 Augustini
765 2323 899 2358 nullus
951 2322 1090 2359 artifex
1135 2323 1283 2359 faceret
1327 2323 1495 2372 quodvis

119 2379 159 2413 35
176 2391 290 2427 opus.
335 2381 413 2416 Sed
452 2381 503 2416 ad
542 2393 672 2428 pauca
712 2381 758 2417 de
798 2381 883 2429 lege
923 2380 995 2417 Dei
1033 2380 1293 2429 respicientes
1333 2383 1380 2418 de
1419 2381 1494 2418 levi

175 2437 274 2473 tales
319 2437 502 2486 argucias
546 2438 830 2486 pronunciant.
883 2440 1048 2476 Certum
1087 2439 1248 2488 quidem
1289 2448 1346 2476 est
1385 2441 1494 2488 quod

175 2494 357 2532 Christus
382 2496 508 2532 multa
530 2496 623 2532 fecit
646 2496 859 2534 occasione
883 2510 1052 2546 quorum
1079 2499 1162 2543 (sed
1186 2497 1289 2533 male
1313 2501 1494 2546 accepta)

175 2552 289 2589 multi
308 2553 463 2590 fuerant
481 2553 664 2602 peiorati,
678 2554 771 2604 quia
787 2555 903 2592 aliter
917 2568 999 2592 non
1018 2555 1167 2592 diceret
1178 2556 1391 2602 (Joh.XV0‚
1408 2560 1490 2599 22):

175 2611 219 2646 Si
259 2623 332 2648 non
379 2612 564 2649 venissem
609 2620 645 2649 et
690 2614 839 2650 locutus
877 2614 930 2650 eis
969 2626 1041 2650 non
1071 2614 1254 2663 fuissem,
1289 2621 1492 2663 peccatum

242 2721 267 2761 52
284 2722 311 2750 6.
325 2723 369 2750 A:
394 2722 586 2758 primitivum
607 2724 702 2752 deest.
783 2724 811 2759 5,
833 2733 858 2760 7.
880 2725 925 2752 A:
947 2724 1067 2752 animas
1090 2741 1118 2744 -—
1141 2733 1211 2752 cum
1232 2724 1327 2753 deest.
1400 2725 1427 2753 8.
1448 2725 1491 2753 D:

175 2761 338 2792 sopmunt;
367 2757 408 2785 E:
439 2758 572 2794 sapiunt.
716 2767 744 2795 9.
771 2760 816 2787 A:
847 2759 966 2795 Quarta
995 2764 1115 2794 autem3
1144 2759 1185 2787 ib.
1213 2759 1238 2787 E
1263 2759 1293 2787 in
1321 2768 1437 2796 marg:
1465 2767 1491 2787 2.

174 2799 216 2830 ¹4.-
237 2791 307 2819 DE:
328 2791 448 2819 dubitat
467 2793 748 2822 circumstantibus.
833 2794 874 2822 16.
895 2794 920 2822 E
940 2795 970 2822 in
992 2803 1106 2830 marg:
1128 2792 1152 2821 3.
1236 2802 1275 2822 21.
1295 2796 1340 2823 A:
1361 2795 1491 2822 istorum

174 2830 277 2853 trium.
376 2834 419 2854 22.
441 2828 485 2855 A:
506 2828 755 2856 laboriatoribus.
854 2836 897 2864 27.
918 2830 963 2857 A:
985 2834 1066 2857 sunt.
1168 2828 1212 2857 28.
1233 2830 1278 2857 A:
1300 2829 1488 2865 legitimum

174 2860 243 2888 DE:
263 2860 339 2896 legis
359 2861 453 2889 deest.
550 2870 597 2899 29.
618 2863 643 2891 E
662 2863 693 2891 in
715 2872 829 2899 marg:
849 2863 1023 2900 Replicacio
1043 2864 1074 2891 in
1095 2864 1287 2900 oppositum.
1379 2864 1425 2892 30.
1446 2866 1491 2892 A:

174 2896 270 2922 multa
289 2901 449 2924 venerant.
528 2895 567 2925 31.
590 2898 632 2925 D:
655 2898 739 2934 Quid
762 2903 807 2926 est
826 2898 911 2933 istis;
938 2899 979 2927 E:
1001 2907 1036 2927 ex
1056 2898 1134 2926 istis.
1208 2898 1252 2935 37.
1273 2899 1314 2927 E:
1335 2904 1380 2926 est
1401 2900 1491 2927 male.

174 2928 219 2957 38.
243 2931 286 2958 A:
308 2930 464 2967 peioravi;
484 2931 526 2960 ib.
542 2932 567 2959 D
589 2932 619 2959 in
641 2933 728 2961 cod.:
750 2933 836 2961 dixit.

1311 2993 1352 3016 22
