1986 3380
159 292 293 321 SERMO
314 281 435 338 X1.1x.j
628 290 841 328 SECUNDA
869 289 997 321 PARs.

159 410 282 439 tatem
317 401 381 437 isti
415 399 666 438 cachinando
698 398 849 435 faciunt
881 394 1100 445 ypocritice
1139 395 1189 430 ad
1222 393 1378 430 lucrum
1413 392 1472 429 sui

161 469 197 497 et
231 458 610 507 strangulacionem.

219 519 369 555 Contra
414 518 484 553 hos
530 515 666 552 simias
711 514 827 550 debet
867 511 994 549 fidelis
1034 512 1131 547 dure
1170 518 1336 554 certare,
1383 521 1470 545 cum

162 576 238 613 sint
292 574 466 624 pharisei
523 582 560 610 et
617 572 753 621 spuria
808 570 1044 607 vitulamina
1097 567 1261 605 cautelis
1314 566 1472 614 dyaboli

128 635 404 670 5introducta.
451 633 564 669 Unde
608 629 783 678 pharisei
828 626 1127 677 possessionati7
1173 639 1263 662 cum
1310 624 1474 661 cautelis

163 705 302 729 eorum
356 690 482 738 magis
536 688 776 737 percipiunt,
835 700 915 722 non
967 685 1205 735 permittunt
1258 684 1365 732 quod
1419 682 1473 718 hii

163 758 416 799 penetrantes
450 749 592 784 domos
625 755 662 783 et
695 745 924 782 hillerantes
958 743 1135 792 hospites
1159 754 1284 790 usque
1307 743 1357 778 ad
1381 754 1474 777 con-

163 807 441 856 sumpcionem
482 807 625 842 domos
664 816 754 840 suas
793 802 968 851 privatas
1007 809 1231 850 penetrant,
1271 801 1340 836 sed
1383 799 1474 835 soli-

163 866 254 903 tarii
299 865 338 901 in
384 866 505 900 domo
550 875 648 910 vaga
699 861 793 898 satis
838 872 1013 909 paupere
1059 860 1327 903 includantur,
1382 857 1475 906 quia

110 938 148 959 10
165 926 222 970 (ut
238 923 423 972 inquiunt
446 922 678 970 prudentes)
705 919 814 968 prius
838 920 887 955 ad
911 917 1066 955 abbatis
1089 917 1269 953 tabulam
1292 915 1473 952 ordinem

164 983 275 1018 illum
311 983 357 1017 de
390 979 622 1028 irreligiosis
655 977 1000 1026 superfluitatibus
1024 976 1282 1012 defamabant
1317 983 1352 1010 et
1376 974 1477 1010 forte

164 1054 186 1077 a
224 1038 508 1088 penetracione
554 1035 785 1073 huiusmodi
824 1036 928 1072 ultra
968 1034 1214 1071 minstrallos
1252 1031 1477 1068 immediati

164 1097 393 1147 raptoribus
437 1109 519 1133 non
564 1096 789 1140 cessabunt,
835 1102 1051 1141 antequam
1097 1090 1265 1128 ecclesia
1303 1091 1478 1127 cautelas

165 1155 384 1194 catholicas
408 1163 549 1192 contra
572 1153 822 1190 hilleratores
845 1153 944 1189 tales
968 1150 1204 1188 circuientes
1234 1161 1306 1198 per
1327 1147 1478 1197 patrias

111 1218 147 1250 15
165 1214 384 1252 ordinaret.
430 1214 544 1250 Unde
577 1210 843 1260 spoliaciones
880 1210 980 1246 tales
1020 1221 1090 1257 per
1123 1207 1408 1245 contenciones
1442 1215 1479 1242 et

165 1285 319 1322 pugnas
351 1271 563 1308 vendicant
595 1279 803 1318 tamquam
838 1269 957 1317 leges.
1003 1269 1191 1315 Temptet
1224 1278 1317 1314 ergo
1351 1264 1479 1301 fidelis

165 1332 349 1380 negando
371 1329 456 1366 istis
480 1328 644 1366 canibus
659 1327 727 1376 qui
743 1327 949 1364 circueunt
968 1325 1173 1365 rcivitatem
1189 1323 1479 1373 spoliacionem

165 1390 227 1427 vel
259 1388 514 1425 saturitatem
550 1385 780 1423 huiusmodi
814 1394 851 1422 et
882 1384 1032 1422 videbit
1071 1384 1181 1432 quod
1213 1382 1269 1419 sic
1307 1382 1348 1418 in
1381 1381 1481 1418 facie

169 1448 490 1484 murmurabunt.
543 1448 592 1482 Et
622 1445 779 1482 videtur
812 1444 919 1492 quod
953 1444 1000 1479 de
1031 1442 1118 1491 lege
1149 1440 1313 1477 Domini
1346 1440 1481 1476 fideles

111 1520 153 1543 20
170 1507 340 1543 debeant
392 1504 446 1541 sic
494 1512 704 1552 temptare,
751 1515 841 1539 cum
888 1501 995 1538 iuxta
1039 1500 1192 1537 morale
1235 1498 1480 1547 principium

169 1563 438 1601 elemosinans
476 1563 593 1598 debet
633 1560 759 1608 magis
798 1559 1004 1608 egentibus
1043 1567 1080 1595 et
1119 1557 1285 1606 captivis
1321 1555 1481 1593 Domini

169 1622 291 1660 cicius
342 1620 559 1669 impertiri3
605 1628 642 1656 et
694 1619 770 1655 isto
814 1617 1014 1667 principio
1066 1625 1222 1653 servato
1274 1627 1481 1663 nunquam

169 1682 285 1717 debet
317 1679 463 1717 talibus
496 1677 691 1727 apostatis
724 1685 807 1714 tam
841 1677 947 1713 laute
981 1684 1017 1712 et
1050 1675 1213 1723 copiose
1247 1675 1294 1710 de
1327 1683 1484 1721 tempo-

168 1738 319 1776 ralibus
351 1736 566 1787 provideri.
600 1738 682 1772 Nec
715 1736 845 1773 solum
880 1747 971 1771 cum
1005 1732 1169 1770 cautelis
1204 1731 1483 1769 mendicorum

112 1801 152 1834 25
168 1796 404 1834 Antichristi
449 1803 640 1832 oneratur
685 1792 853 1831 ecclesia
893 1792 1041 1830 Christi
1085 1793 1154 1828 sed
1198 1790 1401 1839 antiquius
1447 1797 1484 1826 et

169 1855 376 1904 patencius
430 1867 521 1891 cum
566 1851 874 1901 possessionatis
919 1850 1128 1899 phariseis,
1173 1858 1216 1886 ut
1261 1847 1482 1893 monachis,

169 1913 372 1951 canonicis
412 1921 449 1949 et
493 1911 548 1948 eis
587 1910 797 1948 similibus,
843 1908 1031 1946 Officium
1078 1908 1184 1945 enim
1231 1919 1370 1944 eorum
1412 1906 1484 1942 fuit

168 1972 209 2008 in
241 1985 313 2008 suo
339 1971 471 2020 primo
495 1969 663 2007 introitu
685 1981 805 2017 parce
828 1977 865 2004 et
889 1966 1085 2016 penaliter
1108 1967 1297 2015 plangere
1320 1973 1487 2014 peccata

169 2030 310 2080 populi
338 2042 429 2066 cum
453 2028 646 2076 Baptista.
681 2028 758 2064 Sed
782 2027 903 2063 modo
927 2027 1050 2062 bucce
1082 2025 1249 2073 pingues
1283 2033 1319 2060 et
1352 2024 1485 2069 rubee,

114 2092 155 2125 30
171 2088 396 2126 crassitudo
427 2086 575 2124 ventris
605 2094 642 2122 et
664 2085 794 2122 tocius
817 2084 998 2132 corporis
1023 2083 1317 2129 contradicunt,
1350 2094 1486 2130 ymmo

169 2147 383 2184 vendicant
421 2154 630 2193 tamquam
669 2143 753 2180 iure
791 2142 1035 2179 hereditario
1076 2142 1183 2190 quod
1223 2153 1342 2189 super
1373 2140 1487 2177 villas

172 2214 210 2242 et
242 2204 392 2253 patrias
426 2215 546 2252 super
580 2201 746 2239 comites
780 2200 1050 2238 dominentur.
1086 2200 1200 2237 Unde
1231 2199 1369 2236 dicunt
1402 2198 1487 2246 qui-

172 2265 264 2300 dam
298 2263 406 2312 quod
443 2269 582 2299 venter
619 2260 759 2298 talium
800 2267 858 2296 est
890 2258 1073 2307 specialis
1107 2257 1280 2306 coquina
1313 2256 1488 2305 dyaboli.

172 2324 274 2358 Nam
313 2321 377 2357 isti
422 2327 605 2368 apostate
644 2327 680 2355 et
717 2318 900 2366 ydolatre
945 2324 1082 2354 amant
1118 2324 1275 2353 ventres
1320 2328 1412 2351 suos
1452 2323 1489 2351 et

117 2384 156 2418 35
173 2380 361 2429 pudenda
395 2391 533 2415 eorum
568 2377 784 2413 intrinseca
816 2384 1025 2424 tamquam
1061 2373 1227 2421 domini,
1274 2386 1364 2410 cum
1399 2381 1490 2409 sunt

174 2440 221 2475 de
254 2437 431 2486 capitulo
465 2449 605 2473 eorum
645 2448 818 2484 quorum
852 2436 958 2470 Deus
990 2441 1127 2469 venter
1160 2440 1229 2469 est.
1265 2431 1371 2478 Quid
1394 2443 1488 2479 ergo

173 2496 274 2533 foret
295 2503 431 2533 venter
454 2507 594 2532 eorum
617 2493 693 2530 nisi
717 2492 890 2542 coquina
914 2491 1074 2540 dyaboli
1101 2491 1141 2527 in
1163 2503 1242 2540 qua
1274 2489 1488 2539 prandium

243 2653 268 2682 3.
290 2653 314 2681 Ε
334 2653 364 2680 in
385 2661 500 2688 marg:
522 2652 634 2681 Satane
655 2651 749 2678 simee
760 2650 803 2686 (l).
916 2658 946 2683 4.
968 2648 1036 2676 DE:
1059 2648 1111 2683 qui
1132 2648 1257 2675 cautelis
1278 2647 1330 2682 (E:
1351 2647 1488 2679 cautela).

175 2691 203 2717 o.
224 2690 268 2716 A:
291 2687 373 2724 quod
394 2688 435 2715 hii
456 2687 554 2715 twice.
627 2695 654 2722 7.
669 2687 713 2714 A:
737 2693 833 2720 usque
854 2685 948 2712 deest.
1026 2692 1053 2720 7,
1069 2683 1096 2711 8.
1112 2683 1182 2710 DE:
1204 2682 1490 2710 consumacionem.

175 2724 202 2751 S.
224 2724 269 2751 A:
292 2727 460 2758 penetrent.
523 2730 564 2750 10.
585 2722 630 2749 A:
651 2726 684 2748 ut
703 2720 833 2748 abbatis.
897 2727 931 2747 11.
953 2718 1021 2746 DE:
1044 2718 1206 2753 religiosis.
1273 2716 1311 2745 13.
1331 2718 1376 2744 A:
1397 2717 1491 2744 eccle-

176 2759 221 2786 sia
242 2758 335 2794 deest.
410 2765 452 2791 14.
474 2757 518 2784 A:
540 2757 709 2784 hillatores.
789 2756 830 2782 16.
851 2755 895 2782 A:
919 2754 1016 2789 legem
1037 2754 1127 2789 legeS.
1202 2761 1241 2788 17.
1262 2752 1331 2779 DE:
1353 2751 1490 2779 notando

175 2793 260 2826 istis;
291 2793 332 2820 ib.
353 2793 396 2820 A:
418 2791 602 2819 circuerunt.
688 2789 730 2818 18.
750 2791 796 2818 A:
818 2790 863 2816 vel
885 2788 1090 2816 securitatem.
1177 2795 1219 2823 19.
1240 2787 1285 2814 A:
1307 2786 1345 2814 Et
1364 2786 1489 2813 videbit.

176 2828 218 2856 25.
234 2827 302 2855 DE:
324 2826 510 2855 Antichristi
531 2826 631 2859 deest;
652 2825 693 2853 ib.
708 2825 754 2853 A:
776 2823 890 2852 Christi
910 2823 1003 2851 deest.
1025 2841 1028 2842 ν
1058 2830 1107 2858 29.
1122 2822 1168 2850 A:
1190 2822 1320 2857 pinoues
1340 2825 1369 2848 et
1388 2821 1490 2853 rubei;

177 2863 218 2890 ib.
239 2863 268 2890 A
287 2862 317 2889 in
340 2870 454 2897 marg.:
475 2861 520 2888 De
539 2861 601 2888 vita
621 2860 864 2892 monachorum;
890 2858 914 2886 E
933 2858 964 2885 in
986 2866 1099 2893 marg:
1127 2857 1241 2884 Habitu
1267 2865 1284 2883 o
1305 2855 1489 2883 ociancium.

179 2896 217 2925 31.
238 2897 278 2924 E:
299 2897 329 2924 in
352 2905 382 2924 re
402 2895 596 2923 hereditaria.
693 2894 737 2922 32.
758 2892 984 2927 Comitatusffl.
1081 2891 1123 2920 33.
1144 2891 1169 2919 E
1188 2892 1218 2919 in
1241 2899 1356 2926 marga
1377 2890 1492 2919 Venter

178 2931 301 2968 pinguis
322 2931 464 2959 monachi
486 2935 531 2957 est
550 2930 683 2966 coquina
703 2928 828 2957 diaboli.
902 2926 942 2956 35.
961 2927 1030 2955 DE:
1052 2935 1121 2954 eum
1144 2927 1216 2954 sint.
1264 2949 1266 2952 ,
1464 2935 1467 2940 »

1681 277 1756 324 357

1507 631 1748 658 Possessioncr's

1534 666 1728 702 precautions

1534 701 1652 736 against
1673 701 1722 727 the

1575 736 1675 763 friars.

1540 1795 1651 1823 Monks
1671 1794 1730 1821 and

1499 1838 1615 1857 canons
1637 1837 1687 1857 are
1707 1829 1772 1856 also

1500 1873 1515 1892 a
1537 1865 1654 1892 burden
1674 1868 1704 1891 to
1725 1864 1774 1891 the

1569 1899 1704 1928 Church.
