1986 3380
218 292 354 323 SERMO
374 282 458 343 xii]
695 296 910 330 SECUNDA
936 295 1063 329 PARS.

216 405 410 441 honorem
445 403 516 440 Dei
549 412 586 440 et
618 404 786 440 salutem
811 402 1038 440 animarum
1064 403 1229 439 ecclesie
1253 403 1530 451 principaliter

216 462 493 510 predicaverit‚
527 470 584 498 est
618 461 986 498 excommunicatus
1016 461 1226 507 hereticus,
1257 461 1530 509 prevaricator

217 520 398 556 omnium
434 520 717 556 mandatorum
752 520 933 568 decalogi
967 528 1004 556 et
1038 532 1108 567 per
1132 531 1378 567 consequens
1402 519 1530 555 homi-

218 577 318 618 cida,
354 586 390 614 et
421 590 510 614 cum
541 578 589 614 de
619 577 753 614 multis
786 577 974 614 fratribus
1006 586 1089 614 tam
1122 577 1163 613 in
1196 577 1304 614 scola
1337 589 1457 625 quam
1493 577 1531 613 in

184 635 314 671 510eis
347 635 546 672 ruralibus
576 636 651 672 hoc
683 635 892 683 contingit,
926 635 1105 684 sequitur
1139 636 1187 671 de
1218 634 1296 671 illis
1329 635 1401 671 hec
1425 636 1531 671 dete-

216 694 358 729 standa
383 693 601 730 conclusio.
626 696 729 730 Nam
752 702 1110 742 quantumcunque
1132 692 1343 730 veritatem
1366 705 1530 741 evange-

214 750 333 787 licam
367 751 455 799 quis
487 750 754 800 predicaverit
787 751 996 788 assistente
1028 763 1181 788 veneno
1220 750 1338 787 huius
1370 750 1530 787 infamis

216 808 372 854 binarii,
408 809 663 846 manifestum
693 818 750 846 est
773 810 881 857 quod
906 809 1135 857 predicacio
1159 809 1243 845 eius
1267 821 1310 845 ex
1331 821 1531 845 venenosa

214 866 480 904 effumacione
513 875 699 904 manente
739 867 942 904 soliditate
978 867 1166 904 veritates
1206 866 1433 915 evangelice
1474 866 1531 903 in-

160 937 196 957 10
214 924 295 960 ficit
328 925 550 962 audientes.
590 925 656 962 Sic
689 925 795 962 enirn
830 925 964 974 liquor
997 934 1357 974 quantumcunque
1392 924 1531 961 saluti-

213 982 319 1018 ferus
360 995 523 1020 currens
567 996 638 1032 per
682 996 904 1020 venenosos
949 984 1110 1020 canales
1155 995 1199 1020 ex
1243 982 1531 1020 commixtione

211 1040 352 1077 veneni
371 1040 562 1078 intoxicat
576 1050 801 1090 gustantes3
821 1050 858 1078 et
873 1041 929 1078 ita
941 1043 1092 1078 nedum
1107 1050 1199 1079 sunt
1214 1041 1531 1090 prevaricatores

212 1098 331 1146 primi
356 1099 537 1136 mandati
570 1099 751 1148 decalogi
783 1101 851 1137 sed
874 1099 1069 1149 simplicis
1092 1099 1232 1148 populi
1256 1099 1531 1148 multipliciter

212 1156 426 1194 homicide.
461 1158 563 1194 Cum
597 1158 703 1194 enim
737 1157 788 1195 sit
819 1158 963 1207 triplex
995 1157 1274 1204 homicidium,
1325 1158 1476 1194 scilicet
1509 1170 1531 1194 a

159 1216 195 1249 15
212 1228 347 1261 manu,
381 1228 403 1252 a
435 1215 583 1264 lingua,
617 1217 666 1253 ab
699 1216 909 1253 iracundia
931 1217 992 1253 vel
1015 1228 1227 1262 consensu,
1252 1216 1399 1252 dicitur
1422 1216 1530 1264 quod

212 1272 314 1310 sicut
347 1273 551 1311 homicida
583 1274 715 1323 primo
748 1274 897 1312 occidit
929 1287 970 1311 se
992 1274 1124 1323 ipsum
1157 1274 1432 1322 spiritualiter,
1473 1273 1530 1310 sic

211 1331 284 1368 iste
316 1340 421 1368 secte
453 1331 643 1369 occidunt
676 1345 767 1369 suas
800 1341 934 1381 partes
973 1345 1044 1381 per
1082 1332 1451 1369 incarceracionem
1493 1341 1529 1368 et

211 1389 311 1426 alios
346 1390 489 1427 modos
523 1391 776 1437 manualiter,
812 1392 921 1440 quod
960 1391 992 1426 si
1033 1391 1082 1427 sit
1119 1403 1271 1437 verum,
1311 1403 1402 1427 curn
1442 1399 1524 1426 tam

211 1447 434 1495 proditorie
456 1447 581 1485 inficit
605 1448 834 1497 principum
858 1448 1063 1497 regaliam,
1086 1458 1195 1497 patet
1212 1450 1319 1498 quod
1344 1449 1525 1497 ipsorum

153 1517 196 1538 20
212 1505 375 1542 interest
408 1505 511 1542 sicut
544 1515 580 1543 et
612 1506 741 1543 tocius
775 1507 942 1543 ecclesie
966 1508 1171 1543 destruere
1195 1509 1271 1543 hoc
1294 1516 1527 1555 peccatum3

210 1576 304 1600 nam
336 1565 487 1601 nedum
520 1564 560 1600 in
593 1565 822 1602 carceribus
844 1577 984 1613 regum
1008 1566 1077 1601 sed
1101 1564 1189 1601 aliis
1213 1564 1528 1601 infundabilibus

211 1621 331 1658 nimis
364 1622 560 1659 extraneis
593 1622 847 1660 incarcerant
879 1636 1016 1671 regum
1041 1622 1165 1671 legios
1189 1632 1226 1659 et
1250 1623 1458 1669 occidunt;
1492 1630 1530 1659 et

213 1692 303 1716 cum
336 1680 413 1717 hoc
444 1682 687 1729 pretendunt
721 1694 765 1718 ex
797 1681 1037 1718 auctoritate
1070 1693 1208 1729 regum
1243 1690 1280 1718 et
1313 1693 1528 1729 regnorum

213 1737 311 1784 fieri,
346 1738 604 1776 manifestum
638 1748 698 1776 est
729 1741 839 1789 quod
872 1741 922 1776 ad
955 1751 1022 1776 eos
1056 1739 1229 1788 pertinet
1252 1741 1329 1776 hoc
1362 1740 1530 1776 abscon-

155 1798 194 1830 25
213 1796 340 1832 ditum
385 1806 595 1845 peccatum
649 1798 867 1844 destruere,
921 1810 971 1834 ne
1024 1810 1067 1834 ex
1119 1810 1316 1835 consensu
1368 1797 1531 1846 ipsimet

213 1856 484 1893 destruantur.

270 1914 476 1959 Quantum
510 1913 561 1950 ad
594 1913 860 1950 homicidium
891 1927 912 1950 a
941 1913 1088 1962 lingua,
1124 1915 1272 1951 clamat
1302 1913 1529 1951 communis

212 1971 462 2019 experiencia
502 1973 611 2021 quod
649 1972 819 2009 fratrum
860 1972 1072 2009 mendacia
1110 1973 1299 2009 occidunt
1332 1972 1527 2021 populum

211 2028 330 2065 nimis
364 2030 549 2066 multum.
604 2032 652 2066 Et
685 2039 796 2079 patet
828 2033 886 2077 (ut
918 2030 997 2067 alia
1029 2032 1202 2078 taceam)
1236 2032 1342 2080 quod
1377 2030 1529 2067 invere-

154 2088 195 2121 30
212 2088 341 2124 eunde
374 2088 552 2125 clamant
585 2101 656 2137 per
689 2088 840 2137 patrias
871 2088 1009 2125 fideles
1033 2088 1181 2126 Christi
1205 2101 1292 2126 esse
1315 2088 1526 2135 hereticos,

118 2136 196 2198 ¹³0ss
211 2145 305 2194 quia
338 2145 477 2183 dicunt
515 2155 552 2183 et
592 2148 738 2184 docent
775 2146 986 2184 veritatem
1027 2147 1118 2184 fidei
1147 2142 1152 2201 Ι
1182 2148 1229 2184 de
1273 2156 1527 2184 sacramento

117 2193 178 2227 ¹9³
211 2203 362 2240 altaris.
396 2206 477 2241 Nec
510 2204 675 2241 dubium
717 2204 815 2254 quin
853 2204 931 2242 sint
968 2213 1013 2241 ut
1050 2205 1282 2242 huiusmodi
1326 2205 1527 2242 homicide

210 2274 232 2298 a
265 2261 419 2310 lingua3
451 2262 528 2311 ipsi
563 2262 667 2299 enim
699 2262 883 2300 nesciunt
916 2263 1048 2300 dicere
1080 2264 1231 2312 populo
1261 2265 1309 2300 de
1333 2263 1528 2312 quiditate

210 2319 326 2356 huius
377 2320 620 2357 sacramenti
671 2322 780 2370 quod
822 2321 1064 2358 sensibiliter
1107 2321 1290 2368 sentitur,
1343 2321 1527 2358 manibus

151 2381 192 2414 35
209 2379 465 2415 sacerdotum
518 2378 717 2428 frangitur
768 2388 806 2416 et
848 2392 920 2428 per
964 2392 1004 2416 se
1048 2380 1132 2417 sine
1183 2379 1415 2417 inherencia
1466 2379 1528 2416 vel

210 2435 424 2473 existencia
456 2446 728 2474 consecratur.
763 2438 841 2475 Sed
874 2438 1012 2475 dicunt
1044 2450 1086 2475 se
1108 2450 1195 2475 esse
1223 2446 1526 2475 consecratores

209 2494 484 2532 accideneium
518 2504 556 2532 et
585 2495 732 2533 virtute
761 2508 831 2533 sue
854 2495 1152 2533 benediccionis
1175 2509 1321 2545 panem
1345 2496 1526 2533 oblatum

210 2650 216 2656 ⁶
279 2625 301 2645 1.
321 2617 365 2645 D:
397 2617 510 2645 Glossa
530 2617 698 2646 Bohemica
722 2617 753 2646 in
775 2627 890 2654 marg:
921 2619 939 2646 k
963 2619 1045 2655 piety
1070 2619 1152 2655 zlym
1180 2619 1348 2656 mnychom
1375 2619 1525 2652 lharzom,

209 2651 239 2679 id
260 2656 315 2687 est,
337 2652 463 2680 ebullire
483 2652 574 2680 malis
593 2653 756 2681 monachis
776 2654 939 2681 mencienti
966 2663 1010 2681 us.
1086 2654 1113 2682 8.
1133 2655 1178 2682 A:
1201 2663 1237 2682 ex
1256 2661 1411 2682 venenosa
1431 2653 1524 2680 deest.

210 2695 244 2714 11.
266 2686 384 2715 Codd.:
406 2695 597 2722 venenosas;
618 2688 659 2716 ib.
680 2689 724 2716 A:
746 2689 896 2716 causales.
999 2697 1036 2716 12.
1058 2690 1103 2716 A:
1126 2693 1314 2725 egustantes.
1418 2696 1459 2722 14.
1480 2688 1524 2715 A:

209 2721 290 2749 Dum
312 2722 410 2756 enim3
430 2722 470 2749 ib.
486 2723 559 2750 Ain
581 2731 696 2759 marg:
717 2723 931 2751 Homicidium
953 2724 1081 2759 triplex3
1102 2724 1143 2751 ib.
1164 2723 1189 2751 E
1209 2725 1239 2752 in
1261 2731 1377 2760 marg:
1398 2722 1526 2761 Triplex

209 2756 416 2784 homicidium
438 2757 521 2793 quod
542 2758 651 2785 fratres
672 2758 852 2793 practisant.
934 2758 974 2786 16.
996 2758 1051 2786 ΑΕ
1071 2759 1101 2786 in
1123 2767 1238 2794 marg:
1261 2767 1282 2786 1.
1357 2767 1395 2794 17.
1417 2758 1459 2785 D:
1481 2765 1526 2784 m-

209 2791 436 2830 carnacionem.
504 2800 545 2820 21.
567 2792 684 2820 Codd.:
705 2793 846 2826 casibus;
868 2793 1007 2821 Cori-exi.
1076 2801 1119 2821 22.
1140 2794 1215 2821 AD:
1237 2802 1355 2829 regum.
1420 2791 1462 2820 23.
1486 2793 1524 2819 hss:

211 2833 305 2861 regni.
384 2834 429 2862 27.
451 2826 507 2854 ΑΕ
526 2827 556 2854 in
578 2835 693 2863 marg.:
715 2835 740 2854 2.
809 2836 870 2867 ⁴29.
893 2828 961 2856 DE:
984 2828 1065 2864 quod
1089 2833 1181 2864 patet.
1262 2828 1309 2856 30.
1330 2829 1375 2856 A:
1397 2828 1524 2859 clamat:

211 2859 252 2887 ib.
273 2861 318 2899 A?
340 2869 407 2899 esse
428 2861 524 2889 deest.
633 2861 677 2889 32.
697 2863 742 2889 A:
765 2871 838 2898 qum
861 2868 941 2890 sunt.
1051 2862 1094 2890 33.
1116 2864 1144 2890 A
1164 2863 1193 2890 in
1216 2872 1330 2899 marg:
1352 2862 1468 2898 Opinio
1489 2861 1526 2888 de

211 2899 384 2922 eucaristia.
483 2895 525 2924 35.
545 2897 591 2924 A:
613 2897 810 2925 sacerdotum
830 2897 925 2925 deest.
1024 2896 1071 2925 30.
1092 2897 1161 2925 DE:
1184 2898 1398 2931 inexistencia;
1420 2897 1459 2923 ib.
1480 2898 1524 2923 A:

211 2934 410 2958 consecratur
429 2946 463 2950 —
482 2939 549 2958 esse
569 2931 664 2959 deest.
738 2931 782 2967 37.
803 2933 848 2959 A:
870 2933 1026 2960 collatum.

1336 2979 1386 3012 63·

1767 289 1816 326 83

1567 411 1734 448 Preaching
1754 413 1802 440 for

1552 454 1659 480 wrong
1680 447 1810 474 motives

1547 481 1649 507 makes
1665 490 1680 508 a
1697 482 1818 509 heretic.

1597 1279 1663 1308 The
1685 1286 1763 1308 sects

1561 1315 1714 1350 imprison
1736 1316 1794 1343 and

1574 1355 1627 1385 put
1647 1354 1677 1377 to
1699 1350 1788 1378 death

1545 1385 1624 1412 their
1645 1386 1811 1412 members.

1564 1918 1653 1955 They
1673 1919 1796 1947 slander

1553 1954 1716 1990 preachers
1735 1955 1806 1982 who

1550 2032 1565 2051 a
1570 1998 1637 2051 [3801ῗῖ
1633 1998 1656 2051 ta
1661 1990 1692 2051 Ifh
1698 1990 1773 2052 {Ullilg
1777 2030 1812 2051 st.
