1986 3380
193 274 271 318 4⁴32

277 1509 308 1536 In
331 1509 380 1536 the

217 1545 273 1572 Jud
300 1548 381 1571 ment
404 1544 439 1571 all

204 1580 263 1607 will
309 1588 323 1606 e
343 1579 452 1606 asked:

246 1614 353 1642 “Have
374 1622 409 1649 γε

206 1650 395 1677 understood
418 1649 454 1675 ull

206 1686 290 1712 these
311 1684 414 1719 things
424 1684 445 1711 k*

779 284 1003 316 JOHANle
1024 283 1204 314 wrcrir
1225 283 1482 315 sssaiionuiu
1513 269 1666 326 [seruo
1691 280 1794 308 mn.

541 389 650 424 Sicut
696 390 799 426 enim
847 391 955 426 sinus
989 391 1147 425 Abralic
1194 389 1263 425 fuit
1304 390 1539 437 capacitatis
1579 390 1699 429 finite,
1739 391 1795 427 sic

483 455 518 482 ct
553 446 801 495 principatus
848 447 1058 484 cuiuslibet
1104 447 1229 484 sancti
1276 447 1432 484 celestis
1478 448 1599 485 curie.
1648 451 1688 485 ln
1722 448 1795 485 ista

482 517 575 551 crgo
621 506 843 554 capacitate
892 507 940 542 ad
988 506 1277 542 beatitudinem
1326 505 1365 541 in
1412 506 1620 543 ecclesiam
1657 506 1794 542 trium-

482 563 670 610 phantem
708 564 915 601 miserunt.
950 563 1041 612 quia
1077 564 1236 600 mittent
1259 563 1408 600 iudices
1441 563 1480 600 in
1506 564 1614 601 finali
1648 564 1796 601 iudicio

483 622 676 668 reprobos
722 622 817 658 istos
862 622 968 657 foras
1014 624 1149 670 quoad
1198 623 1303 658 hunc
1346 634 1574 665 numerum,
1621 623 1713 660 licet
1747 624 1829 659 ad5

483 687 642 727 tempus
676 679 791 716 electi
824 679 901 716 sint
935 679 974 715 in
1009 680 1218 716 ecclesiam
1256 680 1512 717 militantem.

540 737 722 774 Christus
755 747 889 774 autern
924 737 1070 774 limitat
1104 748 1275 786 tempus,
1323 740 1486 787 quando
1521 738 1594 774 erit
1628 738 1795 774 istorum

482 795 725 843 apparencia
758 795 797 831 in
832 796 992 832 effectu:
1027 797 1102 843 Sic,
1127 796 1268 845 inquit,
1303 797 1376 832 erit
1398 796 1433 832 in
1467 797 1797 833 consummacione

481 854 620 892 seculi:
662 854 820 889 exibunt
863 854 997 904 angeli
1038 862 1072 890 et
1116 855 1350 903 separabunt
1402 855 1524 890 malos
1576 855 1622 891 de
1673 855 1796 891 medio

482 911 683 947 iustorum.
719 914 799 948 Nec
833 911 997 948 dubium
1034 912 1130 961 quin
1164 912 1293 961 angeli
1319 911 1390 949 Dei
1423 921 1505 949 tarn
1530 914 1578 949 de
1611 912 1796 949 humanis
1818 928 1855 948 ιο

482 968 729 1017 principibus
774 982 895 1019 quam
930 971 977 1006 de
1011 970 1144 1007 celesti
1179 970 1352 1007 exercitu
1389 972 1633 1019 separabunt
1670 972 1796 1008 malos

482 1027 676 1075 prescitos
710 1029 757 1064 de
791 1027 980 1064 comitiva
1014 1028 1210 1065 iustorum
1253 1029 1633 1077 predestinatorum,
1660 1042 1796 1077 ymmo

483 1098 525 1121 ex
558 1084 702 1121 virtute
736 1085 869 1122 divina
902 1087 1067 1134 propria
1103 1087 1354 1124 consciencia
1399 1086 1482 1123 sine
1526 1087 1798 1136 repugnancia

483 1144 557 1180 hoc
591 1143 786 1192 implebit,
821 1153 857 1180 et
891 1145 1160 1192 complebitur
1194 1145 1310 1182 finale
1343 1145 1535 1182 iudicium
1576 1147 1795 1182 secundum

483 1202 653 1238 formam
680 1214 755 1251 que
779 1202 925 1238 dicitur
940 1203 1105 1240 Matthei
1123 1205 1261 1239 XXV0.
1287 1205 1367 1240 Nec
1391 1212 1448 1240 est
1472 1203 1797 1252 parvipendenda
1819 1207 1854 1239 15

482 1259 556 1295 ista
580 1260 796 1306 sentencia,
822 1260 915 1309 quia
941 1262 1002 1308 (ut
1026 1274 1118 1310 sepe
1142 1261 1303 1309 dicitur)
1339 1262 1391 1298 ibi
1425 1262 1498 1298 erit
1519 1262 1641 1312 fletus
1663 1263 1796 1310 quoad

482 1330 626 1366 penam
646 1327 726 1355 tam
748 1318 930 1367 corporis
950 1332 1070 1368 quam
1091 1319 1224 1356 anime
1248 1327 1281 1356 et
1303 1320 1453 1356 stridor
1471 1320 1643 1356 alencium
1664 1321 1796 1369 quoad

483 1377 690 1413 horrorem
716 1377 996 1425 perpetuitatis
1020 1390 1136 1426 pene;
1163 1379 1269 1427 quod
1288 1379 1421 1414 nullus
1440 1378 1569 1414 viator
1587 1378 1797 1426 parvipen-

482 1436 592 1470 deret
615 1434 691 1470 nisi
715 1434 882 1471 forsitan
906 1435 1135 1472 discredens
1159 1437 1264 1473 hunc
1287 1436 1504 1472 terminum
1538 1436 1587 1472 sit
1619 1436 1794 1473 insanus.

539 1491 694 1529 Fideles
727 1502 860 1530 autem
895 1493 961 1542 qui
993 1494 1131 1542 legunt
1153 1494 1291 1542 sapide
1316 1494 1460 1531 librum
1484 1494 1563 1531 vite
1596 1494 1796 1531 intellexe—
1812 1508 1854 1529 20

483 1559 574 1586 runt
619 1552 691 1587 hec
739 1551 889 1597 omnia,
936 1551 1030 1601 quia
1077 1552 1179 1589 sicut
1226 1552 1265 1588 in
1312 1553 1388 1589 fide
1428 1554 1499 1589 hec
1532 1553 1709 1601 legerant
1742 1551 1796 1588 ita

483 1610 651 1645 credunt
684 1617 721 1645 et
754 1610 830 1646 hoc
862 1611 1027 1646 verbum
1062 1610 1209 1648 Christi
1234 1609 1385 1647 dictum
1409 1611 1621 1660 apostolis:
1647 1611 1797 1647 Intelle-

450 1683 455 1692 ·
481 1667 575 1703 ‚ritis
598 1667 666 1703 lzec
689 1668 846 1703 omnia?
867 1668 1087 1716 porrigitur
1111 1668 1416 1718 quibuscunque
1442 1668 1607 1717 prelatis
1631 1668 1796 1706 ecclesie

483 1733 520 1761 et
554 1725 722 1771 curatis;
757 1734 794 1762 et
828 1726 922 1762 boni
955 1739 1001 1763 ac
1033 1726 1145 1763 scioli
1180 1736 1347 1775 possunt
1381 1727 1512 1764 dicere
1535 1727 1670 1763 Eciam
1705 1740 1795 1764 curn

485 1782 633 1820 Christi
668 1783 888 1832 discipulis.
924 1786 1001 1821 Sed
1035 1797 1125 1821 cum
1159 1798 1239 1821 non
1283 1784 1332 1821 sit
1368 1785 1599 1833 fingendum
1635 1787 1797 1822 menda-
1815 1789 1852 1821 25

485 1841 589 1877 cium
629 1841 730 1878 tanti
776 1841 931 1888 iudicis,
974 1843 1069 1891 quid
1103 1843 1236 1880 dicent
1267 1843 1402 1891 ydiote
1437 1843 1503 1892 qui
1542 1843 1796 1892 preferuntur

484 1907 650 1947 propter
683 1899 940 1937 affeccionem
967 1913 1087 1949 quarn
1113 1902 1259 1938 habent
1282 1902 1331 1937 ad
1355 1901 1525 1950 gloriam
1549 1903 1795 1938 mundanam

485 1966 521 1993 et
555 1957 796 2006 temporalia
831 1957 947 1994 huius
979 1958 1057 1995 vite
1091 1968 1128 1995 et
1161 1972 1242 1996 non
1266 1969 1431 2008 propter
1463 1959 1654 2008 gaudium
1689 1961 1796 2009 quod

486 2016 633 2052 habent
684 2015 894 2052 serviendo
947 2016 1113 2054 ecclesie
1169 2026 1206 2054 et
1260 2019 1452 2054 merendo
1505 2017 1794 2055 beatitudinem

485 2081 650 2121 propter
695 2073 962 2110 ministerium
1008 2076 1115 2124 quod
1160 2075 1312 2112 faciunt
1356 2075 1396 2112 in
1439 2084 1545 2113 statu
1585 2075 1726 2112 humili
1760 2084 1797 2112 et
1814 2080 1854 2112 30

485 2143 683 2180 paupere3
717 2144 799 2168 non
832 2141 954 2169 restat
988 2133 1064 2170 illis
1097 2133 1193 2182 quid
1227 2133 1405 2171 dicerent
1449 2133 1525 2171 nisi
1558 2133 1796 2183 accipiendo

486 2189 825 2238 dampnacionem
861 2199 1100 2239 perpetuam
1125 2191 1333 2240 responsio
1356 2192 1553 2240 negativa.
1588 2191 1628 2229 Si
1662 2201 1794 2229 autem

485 2247 573 2296 quis
606 2247 747 2284 talium
780 2248 821 2286 in
844 2248 954 2286 finali
987 2249 1137 2286 iudicio
1161 2249 1322 2287 Christo
1350 2251 1591 2299 respondeat
1614 2249 1796 2299 querenti

484 2306 519 2342 si
559 2306 795 2343 intellexerit
839 2307 906 2343 hec
950 2308 1075 2343 omnia
1123 2309 1232 2357 quod
1282 2321 1377 2355 non,
1430 2308 1595 2345 indubie
1640 2320 1683 2345 ex
1728 2320 1796 2345 ore

485 2363 651 2412 proprio
683 2363 928 2401 iudicabitur
960 2378 1095 2403 servus
1117 2378 1311 2415 nequam;
1344 2366 1374 2403 si
1399 2375 1533 2403 autem
1560 2366 1796 2403 menciendo
1813 2369 1853 2403 35

486 2421 626 2458 dixerit
658 2422 809 2471 Eciam,
843 2423 916 2460 erit
950 2425 1118 2461 mendax
1151 2423 1418 2461 insolubiliter
1450 2424 1661 2461 iudicatus.
1696 2426 1796 2462 Cum

486 2492 579 2528 ergo
632 2480 815 2517 doctrina
868 2481 1075 2531 utriusque
1127 2482 1356 2519 testamenti
1410 2481 1460 2519 sit
1504 2482 1667 2531 prelatis
1714 2491 1795 2519 tam

485 2537 723 2584 necessaria,
757 2539 841 2575 ideo
874 2540 996 2576 omnis
1025 2541 1152 2577 scriba
1176 2541 1311 2577 doctus
1343 2539 1381 2576 in
1405 2540 1603 2577 militante
1627 2539 1796 2577 ecclesia

486 2596 553 2644 qui
586 2595 660 2632 rite
693 2598 914 2633 secundum
948 2599 1075 2635 Deum
1109 2598 1358 2647 preponitur,
1398 2599 1535 2635 similis
1568 2606 1623 2635 est
1654 2598 1800 2634 homini

480 2654 767 2704 patrifamilias
798 2655 863 2704 qui
893 2656 939 2692 de
970 2656 1153 2693 thesauro
1184 2668 1252 2693 suo
1276 2657 1435 2706 profert
1463 2668 1560 2693 nova
1589 2664 1624 2693 et
1653 2663 1794 2693 vetera.
1809 2669 1854 2702 40

557 2785 598 2812 ¹9-
619 2778 663 2804 A:
684 2777 722 2804 sit
743 2777 877 2805 infamis.
959 2786 1006 2813 24.
1027 2779 1070 2806 A:
1092 2787 1126 2806 ac
1147 2778 1260 2806 stolidi.
1345 2777 1388 2806 32.
1411 2778 1479 2807 nE:
1502 2782 1680 2814 perpetuam
1702 2778 1795 2806 deest,

484 2810 531 2845 3i.
554 2811 622 2838 nli:
644 2812 869 2846 intellexeriti55
899 2813 938 2840 ib.
960 2814 1004 2840 A:
1027 2814 1081 2841 hec
1101 2813 1205 2841 omnia
1225 2813 1326 2848 dccs13
1357 2814 1396 2841 ib.
1418 2814 1458 2841 E:
1480 2813 1581 2842 dubie.
1683 2812 1730 2841 36.
1750 2814 1793 2842 A:

485 2846 581 2874 eciam
603 2846 703 2881 deest;
723 2846 762 2874 ib.
778 2848 823 2875 A:
844 2847 1045 2875 mendicacio.

563 2919 611 2950 ¹4·
639 2907 803 2940 Matthaei
832 2909 922 2949 ΧῙΙΙ,
950 2908 1004 2941 50.
1102 2919 1154 2941 22.
1183 2909 1226 2941 ib.
1257 2909 1310 2942 51.
