1986 3380
227 278 365 307 SERMO
387 268 442 325 κη]
699 282 914 314 SECUNDA
942 283 1068 314 PARS.
1782 287 1832 323 29

227 397 263 424 et
287 388 374 424 aliis
397 387 576 435 patribus
600 386 801 435 prioribus
825 400 868 423 ex
890 389 1055 424 traduce
1079 389 1147 423 sed
1170 388 1344 424 naturali
1376 389 1538 426 racione

227 459 305 494 qua
344 459 424 482 non
457 444 723 492 degeneravit.
763 445 871 481 Abiit
905 454 1038 482 autem
1074 445 1113 481 in
1147 445 1351 493 regionem
1387 447 1538 494 longin-

227 516 361 552 quam,
403 504 563 552 quando
603 502 834 539 incarnatus
876 516 915 539 se
954 503 1086 551 ipsum
1120 503 1333 540 exinanivit
1366 505 1538 541 formam

227 561 327 598 servi
351 560 565 609 accipiens.
598 560 719 608 Regio
744 570 878 597 autem
902 561 1121 609 longinqua
1145 571 1202 597 est
1225 570 1351 598 status
1375 563 1538 599 humani

195 619 382 667 5generis
412 618 478 667 qui
508 619 623 655 valde
653 618 773 655 distat
804 632 824 655 a
855 628 962 655 statu
999 619 1231 665 divinitatis,
1258 628 1295 655 et
1318 620 1386 656 illa
1409 620 1540 657 abicio

228 677 307 713 sive
341 676 529 713 discessio
563 685 621 712 est
653 689 725 724 per
757 690 797 713 se
829 676 938 713 verbi
974 677 1209 713 minoracio.
1244 678 1375 714 Causa
1408 688 1541 714 autem

229 735 359 771 finalis
399 734 514 770 huius
554 734 749 771 abicionis
783 734 855 771 fuit
887 734 1070 782 graciosa
1104 734 1272 771 dileccio
1305 736 1543 772 salvacionis

229 792 393 829 ecclesie
416 792 636 828 militantis.
664 794 757 829 Post
779 805 890 829 arras
913 802 1047 829 autem
1066 792 1363 841 redempcionis
1379 795 1545 831 humani

228 850 382 899 generis
429 859 465 887 et
510 851 756 898 completum
804 851 1093 887 commercium
1139 863 1318 888 reversus
1359 861 1416 888 est
1455 865 1544 888 cum

173 923 211 944 10
228 917 342 957 parte
382 907 583 957 captivata
622 910 841 945 ascendens
882 908 922 945 in
955 909 1083 945 celum
1119 918 1156 945 et
1189 918 1280 957 post
1314 909 1545 946 missionem

228 966 400 1015 Spiritus
439 966 575 1003 Sancti
608 976 750 1003 vocata
782 966 1041 1004 universitate
1074 967 1283 1004 hominum
1318 967 1392 1004 sibi
1425 968 1546 1005 servi-
1587 975 1631 1003 He
1652 976 1736 1009 gives
1758 976 1805 1003 his

228 1025 386 1061 encium
432 1024 541 1061 dedit
586 1023 662 1061 illis
707 1025 906 1073 gradatim
945 1038 1026 1062 non
1073 1026 1203 1062 solum
1243 1027 1348 1062 bona
1387 1026 1545 1062 fortune
1561 1015 1835 1078 Μᾷῗῑᾉῃξῇἶέζῃ,

228 1096 304 1132 que
328 1091 418 1119 sunt
444 1081 611 1119 minima
634 1095 707 1119 nec
733 1083 863 1119 solum
888 1085 994 1120 bona
1016 1091 1160 1120 nature
1183 1096 1259 1132 que
1283 1093 1374 1120 sunt
1400 1084 1544 1130 media,
1561 1080 1595 1107 of
1612 1074 1784 1142 ‘'iiiii-{2¹⁰³
1805 1084 1835 1107 0¹

227 1142 296 1177 sed
335 1143 441 1177 bona
472 1140 630 1177 virtutis
671 1149 707 1177 et
749 1141 882 1189 gracie
915 1154 990 1190 que
1031 1150 1121 1178 sunt
1154 1141 1340 1179 maxima.
1375 1144 1422 1178 Et
1455 1142 1545 1178 ideo
1650 1133 1694 1150 ²⁵*
1743 1137 1748 1141 ”

175 1202 209 1234 15
230 1201 356 1236 Lucas
388 1208 506 1235 vocat
540 1211 606 1235 eas
640 1212 754 1236 mnas
789 1208 825 1236 et
858 1201 1060 1236 Mattheus
1093 1200 1258 1237 talenta.

288 1259 348 1293 Ad
382 1257 504 1293 istum
538 1266 671 1293 autem
708 1257 826 1294 finem
858 1257 966 1294 dedit
1000 1257 1054 1294 eis
1088 1257 1175 1306 ipsa
1208 1267 1251 1294 ut
1283 1257 1546 1306 negocientur

228 1314 491 1363 spiritualiter
516 1314 742 1352 edificando
758 1315 962 1364 proximos
987 1324 1024 1352 et
1040 1318 1315 1364 promovendo
1341 1315 1544 1365 inceptum

228 1373 516 1410 commercium
564 1386 689 1422 usque
735 1375 784 1410 ad
829 1373 934 1410 diem
973 1373 1122 1420 iudicii,
1164 1376 1325 1423 quando
1365 1374 1546 1411 Christus

227 1430 413 1467 reveniet.
445 1432 555 1468 Cives
577 1439 703 1467 autem
728 1432 820 1477 eius,
846 1433 921 1468 hoc
945 1441 1016 1478 est,
1041 1433 1270 1469 sacerdotes
1300 1432 1359 1469 sui
1391 1433 1545 1481 generis

169 1503 210 1524 20
227 1489 390 1525 oderunt
428 1489 550 1535 illum,
584 1502 674 1525 cum
714 1502 736 1525 a
775 1498 956 1537 tempore
995 1490 1288 1539 predicacionis
1328 1503 1454 1539 usque
1494 1492 1543 1527 ad
1594 1496 1794 1539 Thcpgicshts

226 1555 397 1583 mortem
421 1547 700 1596 conspirarent
721 1547 761 1583 in
784 1560 875 1583 eum
897 1557 1193 1597 persequentes,
1217 1548 1311 1597 quia
1332 1550 1473 1585 Matth.
1490 1550 1544 1585 XO
1584 1533 1672 1559 ¹¹¹¹th
1696 1534 1809 1560 Um*

224 1617 315 1641 vere
348 1604 513 1642 dicitur:
554 1605 703 1641 Inimici
739 1606 902 1641 hominis
941 1607 1139 1642 domestici
1175 1607 1265 1643 eius.
1311 1609 1392 1643 Nec
1432 1608 1544 1643 obest

224 1664 333 1712 quod
366 1662 444 1700 sint
477 1665 697 1700 secundum
732 1663 936 1700 racionem
968 1664 1169 1713 disparem
1204 1664 1356 1701 inimici
1390 1667 1473 1701 Deo
1508 1674 1544 1701 et

225 1720 358 1767 amici,
394 1734 483 1758 cum
519 1721 705 1759 Scarioth
737 1730 871 1770 preter
903 1721 1101 1759 intentum
1135 1735 1357 1770 procurans
1384 1722 1544 1759 Christo

169 1783 207 1816 25
224 1779 513 1816 exaltacionem
564 1789 733 1817 vocatur
783 1780 928 1816 amicus
975 1781 1034 1828 (ut
1086 1789 1196 1829 patet
1233 1781 1321 1817 Joh.
1367 1782 1542 1829 XVIIIO).

223 1838 293 1874 Isti
327 1845 454 1874 autem
494 1838 594 1875 cives
630 1838 860 1887 frequenter
900 1839 1086 1875 miserant
1130 1838 1295 1885 scribas,
1336 1838 1544 1887 phariseos

224 1904 261 1932 et
306 1895 452 1932 milites
498 1905 535 1932 et
574 1896 826 1933 Herodianos
871 1905 1080 1945 tamquam
1123 1897 1274 1948 legatos
1312 1910 1404 1933 suos
1444 1910 1543 1945 quos

225 1953 407 1990 Christus
444 1963 561 1991 vocat
601 1954 865 2003 legacionem,
908 1955 1189 1992 confirmando
1229 1954 1401 2003 logicam
1442 1955 1543 1992 anti-

225 2025 396 2061 quorum
429 2025 508 2061 qua
538 2012 683 2049 dicitur
711 2014 898 2049 sacerdos
928 2026 1114 2061 magnus:
1149 2021 1322 2063 tempore
1344 2013 1544 2049 iracundie

167 2071 352 2119 Sosactus
386 2078 441 2107 est
478 2071 764 2116 reconciliacio,·
792 2083 865 2107 nec
903 2084 1082 2119 unquam
1112 2071 1257 2119 legitur
1288 2073 1396 2120 quod
1427 2071 1542 2108 mise-

137 2121 209 2183 9'014
224 2137 316 2165 runt
344 2124 349 2182 Ι
379 2128 506 2165 dictos
539 2129 692 2177 legatos
718 2136 807 2178 post
843 2142 926 2165 eum
961 2129 1036 2166 nisi
1059 2130 1120 2166 vel
1153 2138 1195 2165 ut
1229 2142 1318 2166 eum
1354 2138 1543 2177 caperent

132 2166 190 2206 ¹87
223 2186 264 2223 in
301 2199 486 2223 sermone
517 2188 579 2224 vel
620 2188 1009 2235 comprehenderent
1047 2187 1329 2233 occidendum,
1365 2197 1401 2224 et
1434 2196 1542 2224 utro-

224 2243 343 2293 bique
372 2244 554 2281 dixerunt
587 2244 864 2294 multipliciter
886 2254 969 2282 tam
994 2247 1114 2282 verbo
1138 2259 1259 2294 quam
1289 2258 1409 2294 opere
1433 2247 1541 2294 quod

222 2303 439 2339 noluerunt
461 2302 593 2351 ipsum
626 2316 792 2351 regnare
825 2316 944 2352 super
976 2303 1103 2352 ipsos3
1137 2317 1231 2340 narn
1265 2305 1392 2352 legem
1426 2316 1538 2340 suam

167 2363 206 2397 35
224 2369 563 2409 contempserant,
602 2361 724 2398 vitam
772 2370 809 2398 et
855 2361 1050 2399 miracula
1095 2375 1166 2398 sua
1204 2363 1464 2411 despexerant
1504 2370 1541 2398 et

224 2420 385 2456 demum
412 2419 551 2467 Pylato
584 2419 816 2468 imponente
850 2419 904 2456 eis
934 2422 1043 2469 quod
1066 2420 1138 2456 fuit
1162 2433 1227 2457 rex
1251 2433 1410 2457 eorum:
1446 2420 1540 2467 Nos,

291 2549 317 2569 2.
340 2541 408 2569 DE:
430 2542 662 2578 degenerarunt.
753 2551 782 2575 4.
804 2542 829 2569 D
851 2541 879 2569 in
903 2550 1016 2577 marg:
1038 2541 1131 2582 Regio
1153 2542 1258 2578 longin
1285 2550 1332 2570 ua.
1420 2542 1447 2569 6.
1469 2541 1537 2569 DE:

223 2580 269 2603 est
289 2585 429 2612 persone.
521 2577 547 2604 S.
569 2578 613 2604 A:
636 2581 736 2604 autem
758 2577 852 2604 deest.
952 2586 985 2605 11.
1008 2578 1063 2605 Al)
1086 2586 1115 2605 1n
1137 2586 1254 2612 marg:
1302 2586 1396 2605 onum
1418 2578 1538 2612 triplex.

224 2620 258 2645 11,
280 2619 318 2639 12.
340 2611 408 2639 DE:
430 2611 488 2639 sibi
510 2612 713 2639 serviencium
735 2612 829 2639 deest.
904 2612 939 2640 15.
955 2612 997 2639 D:
1020 2621 1082 2639 eos.
1157 2621 1195 2648 ¹7·
1211 2613 1257 2640 A:
1280 2613 1538 2647 promovendum.

223 2646 262 2673 18.
284 2647 329 2673 A:
351 2646 387 2673 ad
409 2646 510 2674 finem.
584 2655 627 2686 μς.
649 2648 692 2674 A:
715 2646 806 2674 huius
826 2647 893 2674 hoc.
968 2655 1014 2674 20.
1036 2648 1079 2674 A:
1103 2647 1243 2674 oderant.
1317 2655 1355 2674 21.
1379 2647 1446 2674 DE:
1467 2654 1539 2673 con—

223 2681 395 2716 spirarunt:
417 2681 457 2708 ib.
472 2682 516 2708 A:
539 2689 611 2717 qma
631 2681 724 2708 deest.
792 2689 834 2708 22.
858 2682 910 2709 DE
929 2683 959 2709 in
982 2690 1095 2716 marg:
1117 2682 1257 2709 Amicus.
1327 2681 1369 2709 23.
1391 2683 1435 2709 A:
1458 2686 1537 2708 sunt.

222 2723 268 2750 24.
284 2717 330 2743 A:
353 2715 480 2743 Christi.
554 2717 594 2744 25.
616 2715 723 2743 Recte:
745 2715 851 2743 Matth.
873 2717 998 2747 XXVIo,
1019 2717 1065 2744 50.
1147 2724 1191 2752 27.
1213 2718 1258 2744 A:
1280 2721 1311 2744 ut
1333 2717 1536 2744 Herodiunos.

222 2758 268 2786 29.
289 2751 333 2778 A:
355 2751 436 2786 quod
459 2751 612 2778 sacerdos.
710 2750 756 2784 34.
779 2751 846 2778 DE:
869 2752 955 2785 illos;
986 2752 1026 2779 ib.
1046 2752 1091 2778 A:
1113 2759 1200 2778 suam
1222 2751 1315 2779 deest,
1400 2751 1445 2779 36.
1470 2751 1536 2778 lib:

223 2793 328 2812 eorum
350 2785 450 2820 deest:
471 2785 511 2812 ib.
529 2786 557 2813 A
578 2786 607 2812 in
629 2794 746 2820 marg:
768 2786 884 2813 Contra
907 2787 1051 2821 prelatos.

225 2867 347 2935 XIX22.
367 2858 494 2936 5Matth.
525 2859 565 2898 X,
594 2857 645 2890 36.
737 2869 788 2902 ²9·
818 2857 1049 2890 Ecclesiastici
1079 2859 1200 2897 XLIV,
1232 2869 1280 2901 ¹7-
1372 2857 1425 2891 36.
1451 2856 1530 2892 Joh.

308 2927 315 2944 ,
347 2914 356 2935 1
390 2928 397 2935 .
