1986 3380
179 304 314 333 SERMO
336 294 403 351 Ν]
651 307 862 340 SECUNDA
889 308 1013 340 PARS.

184 416 220 450 ln
259 415 396 464 spiritu
438 414 647 450 vehementi
684 422 857 450 conteres
889 427 1004 450 naves
1035 414 1179 450 Tarsis.
1221 416 1297 450 Sed
1340 415 1496 451 rediens

181 474 227 508 de
262 475 389 509 Roma
433 472 471 508 in
516 472 593 508 fine
639 471 731 508 anni
767 473 946 508 Herodes
992 471 1158 508 audiens
1199 473 1348 508 famam
1386 474 1499 520 pueri

181 532 510 575 crebrescentem,
559 542 604 566 eo
639 531 746 578 quod
779 532 927 566 nedum
974 531 1165 566 adoratus
1210 530 1282 565 fuit
1317 543 1338 566 a
1374 531 1499 578 magis

180 590 303 636 (quod
338 589 517 624 Herodes
551 588 720 624 credidit
760 588 987 624 illusionem
1030 600 1168 624 eorum
1210 588 1499 636 fantasticam),

147 647 315 683 5verum
350 645 477 682 eciam
510 655 763 694 presentatus
802 646 875 682 fuit
917 646 957 682 in
990 646 1142 693 templo
1177 658 1199 682 a
1233 647 1431 693 Symeone
1465 656 1500 683 et

179 706 294 740 Anna
339 705 573 752 prophetice
616 706 806 740 adoratus
847 710 903 750 (ut
943 703 1088 740 dicitur
1129 706 1234 740 Luce
1272 707 1353 749 110).
1401 705 1499 740 Cum

180 761 384 798 biennium
419 762 498 798 fere
538 761 763 808 transierat,
805 762 844 798 in
878 762 1008 798 reditu
1047 774 1118 798 suo
1159 763 1206 798 de
1240 763 1367 798 Roma
1408 775 1502 798 con-

181 820 341 856 firmato
375 832 497 868 regno
531 820 605 856 sibi
639 829 779 856 contra
813 820 916 856 filios
949 833 1041 856 suos
1075 832 1145 868 per
1178 821 1379 863 Cesarem,
1415 829 1499 856 tum

180 877 272 914 feeit
310 877 441 914 occidi
486 890 631 927 pueros
671 878 969 923 Bethleemitas,
1017 887 1053 914 et
1099 877 1263 926 impleta
1308 887 1365 914 est
1410 891 1501 926 pro-

128 935 323 984 10phecia
374 935 545 972 Jeremie
595 937 791 984 prophete
841 938 998 981 XXX10,
1040 936 1105 972 15:
1160 936 1245 972 Vox
1295 937 1330 972 in
1377 937 1501 972 Rama

182 994 313 1030 audita
355 1002 431 1039 est‚·
468 1007 538 1043 que
571 1007 649 1031 vox
670 995 754 1043 fuit
781 995 963 1044 ploratus
995 1002 1029 1030 et
1063 994 1233 1030 ululatus
1271 995 1426 1038 multus,
1466 1004 1502 1030 et

184 1060 311 1089 mater
333 1052 416 1101 fuit
448 1053 597 1089 Rachel
622 1053 787 1102 plorans
807 1053 918 1102 filios
949 1065 1039 1089 suos
1079 1061 1115 1088 et
1145 1052 1284 1088 nolens
1318 1053 1499 1089 consola-

184 1110 340 1147 cionem
380 1110 570 1158 recipere,
616 1110 709 1159 quia
754 1110 823 1147 filii
869 1110 928 1146 sui
973 1123 1054 1147 non
1098 1119 1189 1147 sunt
1233 1110 1288 1147 ita
1332 1110 1501 1147 feliciter

184 1167 326 1205 occisi:
372 1181 465 1205 nam
512 1168 581 1204 filii
623 1170 701 1217 Lye
747 1177 859 1205 erant
905 1168 1082 1217 plurimi,
1128 1168 1184 1204 illi
1232 1168 1299 1217 qui
1345 1168 1502 1205 occide-

134 1225 330 1263 15bantur
364 1227 410 1262 de
443 1226 549 1262 tribu
572 1228 686 1263 Yuda
718 1239 844 1275 prope
878 1227 1095 1272 Bethleem,
1129 1226 1196 1262 ubi
1226 1226 1353 1263 David
1387 1236 1502 1263 natus

187 1293 255 1321 est.
302 1284 472 1321 Dolebat
511 1283 637 1321 eciam
679 1285 827 1321 Rachel
865 1284 905 1321 in
943 1284 1086 1333 spiritu
1131 1297 1203 1321 suo
1249 1286 1356 1333 quod
1397 1286 1502 1321 bona

189 1354 312 1391 opera
365 1343 413 1378 de
464 1354 607 1390 genere
661 1342 836 1379 filiorum
886 1355 1050 1379 suorum
1100 1342 1232 1379 occisa
1287 1352 1377 1379 sunt
1432 1355 1502 1391 per

187 1412 425 1437 consensum
470 1399 664 1437 occisioni
707 1400 875 1437 istorum
922 1400 1204 1438 innocencium
1251 1409 1287 1437 et
1339 1400 1500 1437 Christi.

187 1460 313 1494 Mater
347 1457 450 1494 enim
485 1458 639 1506 generis
673 1458 849 1495 eiusdem
886 1458 1031 1495 dicitur
1065 1459 1132 1495 diu
1165 1467 1255 1507 post
1294 1460 1428 1495 dolere
1462 1458 1501 1494 in

130 1525 171 1547 20
188 1515 278 1552 filiis
318 1524 354 1552 et
393 1524 559 1564 propter
598 1517 673 1552 hoc
713 1518 821 1565 quod
866 1526 1077 1565 peccatum
1123 1526 1179 1553 est
1214 1516 1499 1559 irremissibile,

187 1573 331 1610 dicitur
366 1573 456 1610 ideo
491 1573 815 1611 consolacionem
849 1588 929 1611 non
962 1575 1157 1623 accipere.
1199 1574 1363 1611 presciti
1396 1575 1501 1611 enim

187 1644 267 1668 non
299 1640 390 1668 sunt
422 1631 463 1668 in
495 1632 747 1680 perfeccione
781 1632 889 1669 finali
914 1633 1068 1669 homini
1092 1634 1302 1681 deputata;
1325 1634 1385 1669 vel
1409 1646 1501 1669 con-

186 1689 353 1726 formius
376 1691 427 1726 ad
449 1689 690 1738 scripturam
715 1692 875 1737 Rachel,
906 1703 982 1739 que
1011 1690 1298 1739 interpretatur
1322 1690 1404 1727 ovis
1434 1700 1502 1727 aut

185 1747 323 1785 videns
357 1749 498 1794 Deum,
541 1757 598 1785 est
636 1757 774 1785 sancta
808 1758 935 1786 mater
968 1748 1136 1785 ecclesia
1169 1761 1245 1798 que
1281 1749 1429 1785 clamat
1463 1749 1502 1785 in

130 1804 169 1837 25
187 1805 353 1853 excelso,
387 1806 481 1854 quia
503 1807 575 1843 sub
600 1806 716 1843 altari
739 1807 810 1843 Dei
837 1808 895 1855 (ut
919 1807 1015 1844 dicit
1036 1808 1123 1844 Joh.
1148 1806 1188 1843 in
1211 1808 1336 1855 Apoc.
1360 1808 1500 1855 XX10).

186 1866 234 1900 Et
266 1863 334 1900 illa
366 1877 440 1901 vox
473 1873 530 1901 est
562 1864 674 1913 prior
707 1864 899 1913 dignitate
932 1865 972 1902 in
1005 1865 1173 1902 ecclesia
1211 1865 1499 1913 triumphante.

186 1923 370 1959 Secundo
409 1931 467 1959 est
505 1923 573 1971 plo
602 1921 606 1973 Ι
636 1932 744 1960 ratus
785 1932 821 1960 et
859 1924 1034 1960 ululatus
1074 1924 1222 1959 multus
1260 1923 1301 1959 in
1334 1923 1501 1960 ecclesia

186 1979 383 2017 militante
416 1989 453 2018 et
485 1981 610 2017 tercio
643 1994 724 2018 non
756 1982 838 2018 vult
872 1981 1040 2018 ecclesia
1074 1983 1122 2018 de
1154 1981 1210 2018 sic
1242 1981 1384 2018 occisis
1408 1994 1501 2018 con-

185 2038 430 2075 solacionem
454 2048 648 2087 expetere,
674 2039 767 2088 quia
791 2039 889 2076 vidit
922 2041 1030 2089 quod
1064 2048 1120 2076 est
1144 2039 1370 2088 expedicius
1394 2042 1500 2088 quod

127 2094 170 2127 30
188 2096 257 2133 filii
290 2096 350 2133 sui
383 2110 464 2133 non
496 2096 574 2133 sint
605 2098 712 2134 ultra
744 2098 989 2146 superstites.
1035 2100 1083 2134 Et
1116 2106 1225 2146 patet
1258 2099 1308 2134 ad
1341 2110 1499 2134 sensum

185 2154 445 2203 allegoricum
478 2157 682 2204 quomodo
707 2155 887 2193 Christus
916 2157 1085 2193 evadens
1115 2165 1172 2193 est
1201 2155 1363 2205 spiritus
1395 2169 1500 2193 mar-

184 2212 281 2260 tyris
310 2213 452 2259 occisi3
487 2226 659 2261 corpora
691 2223 913 2262 martyrum
946 2214 986 2250 in
1009 2215 1212 2251 Bethleem
1245 2214 1378 2251 occisa
1410 2223 1501 2251 sunt

186 2279 379 2319 martyres
407 2272 454 2308 de
475 2272 613 2318 Judea,
648 2273 716 2308 sed
748 2272 869 2309 occisi
902 2272 942 2309 in
975 2272 1161 2309 omnibus
1194 2272 1383 2309 fratribus
1417 2272 1500 2310 eius

96 1910 169 1941 Fol.

93 1953 171 1999 187b

185 2337 276 2365 sunt
297 2338 492 2377 martyres
514 2329 581 2378 qui
602 2329 750 2379 ubique
771 2339 969 2368 terrarum
989 2339 1081 2367 sunt
1098 2330 1220 2368 occisi
1236 2343 1309 2379 pro
1326 2330 1505 2368 Christo.¹

128 2387 168 2421 35
242 2388 320 2424 Sed
359 2387 465 2425 circa
504 2388 580 2425 hoc
620 2388 869 2437 evangelium
910 2389 1116 2426 dubitatur
1159 2389 1190 2426 si
1237 2388 1332 2425 dicti
1377 2388 1499 2426 occisi

183 2444 328 2494 singuli
367 2455 458 2482 sunt
496 2446 615 2493 beati,
656 2459 747 2483 cum
787 2460 808 2484 a
848 2447 1049 2495 probabili
1090 2446 1204 2484 multi
1237 2459 1374 2484 eorum
1409 2456 1500 2483 sunt

251 2565 279 2590 4.
301 2557 342 2584 D:
365 2558 447 2596 quod
468 2566 574 2585 eorum
596 2558 726 2585 credidit
745 2558 901 2589 Herodes:
923 2559 961 2586 E:
985 2567 1092 2586 eorum
1115 2559 1263 2587 Herodes.
1317 2560 1344 2587 6.
1366 2559 1405 2586 E:
1429 2567 1498 2594 pro-

185 2591 303 2626 phetice
323 2596 351 2619 et
371 2600 401 2619 ln
423 2601 519 2628 marg.
600 2601 625 2627 7.
648 2592 765 2620 Codd.:
787 2593 856 2620 fecit
876 2594 906 2620 in
929 2594 1037 2621 reditu.
1118 2602 1144 2629 7,
1166 2594 1192 2622 8.
1214 2595 1282 2622 DE:
1305 2604 1375 2628 sua:
1397 2594 1436 2621 ib.
1453 2595 1497 2621 A:

184 2628 227 2653 De
246 2642 279 2645 —
299 2631 405 2654 contra
427 2627 521 2655 deest.
578 2636 611 2655 11.
626 2627 696 2655 AE:
720 2628 838 2655 mulier.
896 2636 933 2656 12.
951 2629 992 2655 D:
1015 2633 1111 2656 mater
1132 2630 1288 2657 naturalis.
1345 2638 1386 2664 14.
1402 2630 1445 2656 A:
1468 2633 1499 2655 ut

184 2661 370 2700 plurimunu
398 2662 437 2688 ib.
460 2662 484 2689 D
506 2662 536 2689 in
559 2671 671 2697 marg:
693 2662 813 2689 Rachel.
931 2671 970 2698 17.
993 2663 1060 2691 DE:
1082 2664 1211 2691 Dolebat
1232 2670 1332 2692 autem
1354 2664 1497 2693 ecclesia:

143 2709 146 2712 ·
183 2696 223 2723 lb.
246 2695 269 2723 E
289 2696 318 2723 in
341 2704 436 2731 marg.
459 2697 585 2724 rectius:
608 2697 714 2724 eciam.
784 2705 822 2732 17.
838 2699 882 2724 A:
905 2698 941 2725 de
961 2707 1070 2733 genere
1090 2699 1184 2726 deest.
1259 2699 1299 2727 18.
1321 2699 1388 2726 DE:
1410 2699 1499 2726 inuo-

184 2735 316 2757 ccntum.
349 2765 353 2769 ·
403 2739 444 2766 19.
466 2733 509 2759 A:
532 2732 612 2759 enim
635 2732 734 2765 deest:
755 2732 794 2759 ib.
817 2732 885 2760 DE:
908 2733 1045 2760 ciusdem
1068 2733 1161 2760 deest.
1244 2742 1290 2761 20.
1312 2734 1380 2761 DE:
1402 2733 1497 2760 eciam

184 2770 325 2800 propter:
347 2765 386 2792 1b.
404 2766 471 2793 DE:
493 2771 538 2793 est
559 2766 651 2793 deest.
726 2774 764 2794 21.
787 2775 864 2800 nom
886 2767 909 2794 E
930 2767 958 2794 iu
981 2776 1094 2802 marg:
1120 2768 1226 2795 noluit.
1300 2777 1343 2799 22,
1365 2768 1408 2796 23.
1431 2768 1497 2795 DE:

183 2800 363 2827 conformis.
419 2801 460 2828 25.
482 2802 526 2828 A:
548 2801 632 2829 XXI'·
653 2800 747 2828 deest.
809 2803 855 2829 26.
873 2802 940 2829 DE:
963 2802 999 2829 Et
1019 2802 1068 2829 illa
1089 2803 1188 2837 deest3
1210 2803 1250 2830 ib.
1265 2804 1309 2830 A:
1332 2808 1377 2830 est
1397 2803 1497 2831 deest:

184 2834 224 2861 ib.
240 2834 308 2862 DE:
331 2834 360 2862 in
382 2835 475 2862 deest.
537 2834 583 2863 30.
598 2836 642 2863 A:
665 2844 726 2863 non
748 2841 828 2863 sunt.
891 2836 929 2864 31.
953 2837 1020 2864 DE:
1042 2837 1176 2872 quando.
1231 2837 1276 2865 32.
1298 2839 1344 2865 A:
1367 2846 1498 2873 corpora

184 2873 334 2897 nostrum.
437 2869 480 2901 33,
501 2869 548 2904 34.
569 2871 613 2898 A:
635 2870 672 2898 de
690 2870 786 2898 Judea
805 2887 839 2891 —-
859 2876 1009 2911 martyres
1030 2872 1123 2899 deest.
1223 2871 1264 2900 35.
1286 2872 1310 2900 Ε
1329 2873 1359 2900 in
1381 2880 1494 2907 marg:

183 2903 335 2942 Dubium3
356 2904 385 2931 A
398 2904 428 2932 in
445 2913 558 2940 marg:
575 2905 711 2933 Dubium
728 2906 881 2940 primum:
903 2906 973 2934 Dm
990 2914 1057 2933 mar
1081 2916 1103 2933 .:
1120 2906 1255 2934 Dubium
1271 2911 1373 2934 utrum
1389 2915 1496 2934 omnes

183 2945 276 2966 occlsl
298 2939 382 2975 pueri
405 2943 477 2968 sunt
497 2939 611 2975 sancti;
632 2940 672 2968 ib.
693 2941 738 2970 A:
760 2940 917 2969 dubitatur
937 2949 1052 2978 quomo
1078 2950 1112 2977 03
1134 2941 1173 2970 ib.
1195 2941 1265 2969 AE:
1288 2941 1312 2969 si
1333 2942 1426 2971 deest.

1583 1116 1721 1152 Mystical

1553 1151 1696 1185 meaning
1718 1153 1748 1179 of

1587 1186 1724 1213 Rachel's

1582 1221 1730 1256 weeping.
