1986 3380
243 278 378 308 SERMO
401 267 494 325 LIV]
715 277 931 310 SECUNDA
957 276 1083 309 PARS.

245 388 300 425 sic
339 388 380 424 in
419 388 575 423 duobus
614 384 872 434 sequentibus
911 390 1042 432 potest
1080 380 1352 431 philosophia,
1393 380 1557 429 politica

246 456 282 484 et
317 445 480 483 moralis
513 457 583 493 per
616 443 799 480 ordinem
834 439 1113 490 contemplari.
1161 438 1266 476 Dicit
1300 451 1393 486 ergo
1426 438 1557 486 primo

245 504 439 553 apostolis
465 512 501 540 et
525 516 596 551 per
620 513 868 550 consequens
893 500 1198 549 quibuscunque
1223 509 1363 533 eorum
1387 496 1557 537 vicariis,

245 563 325 600 sive
359 565 541 599 Romano
574 559 756 608 pontifici
789 559 868 595 sive
901 558 1002 604 aliis,
1036 557 1144 606 quod
1168 568 1240 592 non
1267 562 1396 605 potest
1427 555 1561 591 civitas

213 621 432 658 5absc0ndi
461 632 581 668 snpra
616 625 781 654 montem
810 617 951 666 posita.
987 618 1064 652 Ista
1097 622 1231 651 autem
1273 613 1410 650 civitas
1444 614 1561 649 debet

247 692 330 716 esse
377 678 606 727 quicunque
651 676 830 724 prelatus
879 674 1044 712 ecclesie
1087 673 1128 709 in
1171 685 1252 721 quo
1292 672 1437 708 debent
1478 683 1561 707 esse

247 748 484 786 quecunque
530 733 756 771 artificialia
803 742 839 769 et
884 731 1120 769 habitabilia
1165 732 1215 767 ad
1269 728 1559 766 beatitudinem

247 794 422 832 hominis
449 792 654 842 requisita.
690 793 767 828 Sed
799 799 959 839 oportet
993 789 1158 826 omnino
1182 790 1291 837 quod
1324 788 1395 824 ista
1429 787 1563 824 civitas

247 854 295 890 sit
333 865 453 903 supra
493 859 657 887 montem
693 850 835 899 posita,
874 848 967 897 quia
1007 860 1125 896 super
1159 846 1364 883 Christum
1405 844 1472 894 qui
1507 853 1563 881 est

193 923 364 948 lomons
418 909 635 947 altissimus
693 907 840 945 situata
892 906 1107 942 fundaliter
1159 914 1195 942 et
1249 912 1393 941 erecta.
1461 906 1562 939 Nam

249 969 348 1006 Isaie
390 971 441 1005 ΙΙ0
486 967 652 1004 dicitur:
698 966 788 1002 Erit
826 966 861 1001 in
903 964 1121 1001 novissimis
1161 964 1291 999 diebus
1324 968 1565 1012 preparatus

248 1040 357 1064 mons
402 1028 538 1063 domus
577 1025 737 1061 Domini
780 1024 814 1060 in
855 1023 997 1060 vertice
1040 1022 1230 1058 moncz‘nnz
1276 1029 1310 1057 et
1353 1019 1566 1056 elevabitur

247 1098 366 1136 snper
397 1085 514 1121 colles
545 1092 580 1121 et
602 1084 729 1135 fluent
761 1083 812 1118 ad
837 1094 921 1118 enm
955 1093 1086 1117 omnes
1116 1088 1262 1131 gentes.
1297 1080 1447 1115 Omnes
1471 1090 1565 1125 ergo

248 1143 392 1193 prelati
426 1142 493 1192 qui
527 1141 703 1190 legitime
743 1148 886 1189 gerunt
926 1138 1119 1176 vicariam
1159 1137 1307 1175 Christi
1347 1137 1566 1173 fundantur

195 1202 381 1251 15primo
415 1210 452 1238 et
486 1199 763 1249 principaliter
796 1199 837 1235 in
871 1199 947 1234 hoc
981 1206 1117 1233 monte
1151 1205 1188 1233 et
1212 1209 1282 1244 per
1316 1207 1565 1243 consequens

251 1274 293 1297 ex
327 1258 513 1309 patencia
546 1257 800 1307 operacionis
841 1256 973 1293 lucide
1012 1268 1093 1292 non
1126 1268 1148 1292 a
1181 1254 1366 1291 fidelibus
1400 1254 1567 1290 abscon-

249 1321 411 1355 duntur.

307 1378 433 1414 Debet
478 1385 613 1412 autem
651 1374 741 1412 talis
781 1372 919 1410 civitas
952 1384 1089 1409 secure
1136 1370 1300 1416 murari,
1340 1378 1383 1406 ut
1428 1377 1567 1406 contra

250 1435 414 1472 insidias
454 1433 617 1471 hostiles
656 1442 738 1470 tam
772 1433 906 1480 quoad
939 1443 978 1467 se
1012 1443 1132 1479 quam
1168 1430 1301 1478 quoad
1334 1429 1567 1465 thesaurum

193 1504 236 1526 20
251 1506 370 1543 quem
407 1492 585 1529 continet
619 1491 668 1527 sit
699 1503 852 1531 secura.
896 1498 932 1525 et
968 1488 1070 1525 miro
1111 1488 1233 1524 modo
1268 1499 1383 1523 mons
1417 1486 1456 1522 in
1490 1498 1569 1535 quo

251 1551 485 1588 fundabitur
525 1551 641 1587 debet
687 1561 770 1586 esse
810 1560 946 1584 murus
984 1555 1019 1583 et
1051 1546 1292 1583 antemurale
1336 1557 1381 1582 ac
1420 1543 1569 1580 ostium

252 1609 435 1647 civitatis.
472 1610 597 1645 Debet
622 1618 756 1644 autem
782 1608 854 1643 hec
878 1605 1016 1642 civitas
1043 1617 1154 1641 more
1179 1604 1291 1640 Pauli
1316 1616 1400 1640 esse
1433 1601 1571 1639 omnia

251 1668 439 1705 omnibus
479 1666 685 1715 egentibus
725 1678 771 1702 ac
810 1664 935 1700 tutela
977 1666 1035 1711 (ut
1075 1675 1196 1711 supra
1242 1661 1452 1710 exponitur
1491 1673 1571 1697 ser-

252 1738 371 1763 mone
406 1728 520 1771 L110).
564 1723 756 1771 Quamvis
796 1731 929 1760 autem
970 1723 1190 1758 secundum
1224 1720 1464 1769 Apostolum
1499 1732 1571 1755 11011

195 1786 234 1818 25
252 1786 435 1822 habemus
467 1784 527 1820 hic
560 1790 773 1819 manentem
807 1781 998 1817 civitatem
1032 1781 1100 1816 sed
1121 1781 1306 1829 suturam
1331 1778 1573 1828 inquirimus,

252 1851 413 1892 oportet
445 1851 581 1879 tamen
620 1840 831 1878 ecclesiam
872 1848 952 1876 tam
995 1838 1236 1875 militantem
1277 1850 1398 1886 quam
1433 1835 1574 1872 trium-

254 1903 447 1951 phantem
482 1913 558 1950 que
592 1908 650 1937 est
682 1898 902 1936 Jerusalem
931 1896 1110 1934 edificari
1134 1905 1176 1932 ut
1200 1895 1351 1941 civitas,
1386 1894 1441 1931 sic
1466 1895 1573 1942 quod

254 1962 330 1997 hoc
359 1972 524 2007 regnum
552 1959 730 1995 celorum
757 1964 911 1994 constet
935 1968 977 1992 ex
1001 1954 1165 2004 prelatis
1188 1963 1231 1990 ut
1255 1953 1496 1998 civitatibus,
1532 1964 1576 1989 ex

256 2017 430 2055 dominis
463 2016 711 2054 secularibus
743 2024 953 2064 tamquam
989 2013 1128 2051 castris
1163 2021 1200 2050 et
1232 2024 1277 2049 ex
1309 2010 1575 2060 popularibus

196 2076 239 2108 30
255 2085 464 2124 tamquam
487 2074 661 2124 oppidis.
685 2075 758 2110 Est
779 2081 905 2109 autem
928 2073 1165 2118 (secundum
1187 2070 1455 2119 Augustinum
1486 2070 1575 2105 XV0

257 2138 314 2172 De
331 2134 500 2172 Civitate
517 2133 604 2181 Dei)
631 2133 766 2169 civitas
788 2131 983 2167 hominum
1008 2130 1212 2166 multitudo
1235 2129 1362 2178 aliquo
1385 2127 1579 2165 societatis

257 2193 407 2230 vinculo
452 2192 660 2243 colligata5
704 2199 741 2227 et
784 2189 854 2226 illo
902 2190 1022 2225 modo
1068 2187 1241 2224 sumitur
1287 2186 1426 2224 civitas
1472 2188 1578 2222 Luce

255 2253 377 2295 X1X0‚
424 2263 497 2297 41:
546 2250 684 2286 Videtis
726 2249 837 2285 Jesus
888 2247 1079 2284 civitatem
1123 2246 1237 2297 flevit
1287 2257 1406 2295 super
1456 2244 1578 2289 illam,

257 2309 394 2346 dicens
427 2309 512 2358 quia
545 2309 579 2344 si
611 2307 859 2357 cognovisses
897 2313 931 2342 et
971 2312 1033 2346 tu,-
1072 2317 1164 2341 nam
1205 2305 1348 2339 domus
1380 2303 1441 2339 vel
1475 2301 1578 2338 muri

203 2367 365 2413 35(licet
398 2379 492 2415 sepe
523 2375 717 2404 vocentur
750 2364 904 2409 civitas)
947 2375 1020 2400 nec
1053 2364 1214 2412 plorant
1252 2374 1326 2398 nec
1359 2360 1579 2398 informan-

257 2435 322 2462 tur
369 2425 554 2462 humanis
600 2423 856 2473 passionibus
901 2435 974 2459 nec
1018 2430 1200 2470 peccant.
1248 2422 1296 2458 Et
1341 2419 1396 2456 sic
1436 2419 1580 2467 duplex

330 2581 351 2600 1.
372 2572 414 2600 D:
437 2576 537 2608 potest
556 2572 650 2599 deest.
778 2570 805 2597 6.
828 2570 872 2597 A:
894 2569 1020 2596 ecclesie
1040 2568 1134 2595 deest.
1255 2575 1282 2602 7.
1304 2565 1374 2594 DE:
1396 2564 1580 2593 habitacula.

260 2616 301 2636 10.
322 2607 364 2635 E:
384 2612 411 2635 et
432 2607 526 2634 deest.
626 2613 663 2633 12.
684 2607 728 2633 A:
751 2610 778 2632 61
800 2605 894 2632 deest.
995 2603 1032 2631 13.
1054 2603 1124 2630 DE:
1146 2610 1255 2629 omnes
1276 2602 1380 2629 colles.
1475 2600 1513 2627 13.
1536 2601 1579 2627 A:

262 2651 366 2670 secure
387 2642 480 2669 deest.
574 2649 615 2673 10.
638 2641 678 2667 E:
701 2648 793 2676 quam
816 2640 863 2666 ad.
957 2646 997 2666 21.
1018 2639 1064 2666 A:
1086 2637 1201 2668 muris:
1231 2637 1272 2664 ib.
1293 2636 1362 2663 DE:
1385 2634 1579 2662 antimurale.

260 2676 304 2705 23.
326 2678 368 2704 D:
391 2676 566 2703 communis
588 2674 616 2703 ἰη
640 2684 736 2711 marg.
812 2673 855 2707 23.
876 2682 923 2707 24.
945 2673 1014 2701 1313:
1037 2681 1178 2700 sermone
1201 2671 1307 2699 XLVI.
1381 2678 1426 2704 27,
1443 2670 1487 2697 23.
1510 2668 1578 2696 DE:

262 2713 301 2739 sit
320 2712 402 2746 qnod
425 2712 488 2738 hcc.
591 2710 630 2739 31.
653 2711 705 2737 1)ss
725 2711 755 2737 iu
778 2718 892 2742 marga:
916 2708 999 2743 Quid
1020 2713 1065 2735 est
1086 2707 1203 2735 civitas
1306 2704 1352 2739 34.
1374 2706 1419 2732 A:
1441 2709 1483 2735 tu.
1506 2712 1579 2731 11011.

261 2746 308 2786 36.
330 2747 374 2808 Al:
396 2746 540 2773 humanis
562 2746 816 2781 possessionibus
837 2752 934 2779 neque
956 2746 1100 2779 peccant3
1130 2742 1173 2770 D:
1196 2741 1341 2769 humanis
1363 2739 1491 2767 vocibus
1512 2747 1581 2774 pas-

264 2789 415 2809 smmum.

333 2874 385 2896 21.
414 2865 453 2897 [s.
474 2864 599 2903 XXVI,
622 2875 649 2896 1.
749 2874 801 2904 24.
829 2861 937 2894 Hebr.
964 2832 1055 2900 xm,
1078 2871 1128 2902 14.
1224 2859 1280 2891 30.
1300 2857 1352 2890 Cf.
1373 2858 1463 2899 Aug.
1483 2855 1576 2899 Opp.

261 2918 347 2944 tom.
367 2912 439 2950 VII,
466 2921 544 2954 pag.
575 2911 638 2954 379
665 2919 766 2952 seqq.

1766 262 1840 310 393

1587 453 1605 472 1.
1621 444 1688 472 The
1710 444 1770 479 city
1791 448 1835 471 set

1632 488 1669 507 ou
1693 488 1707 506 :1
1730 480 1794 507 11111.

1625 850 1691 887 The
1713 850 1762 876 hill
1785 850 1810 876 i<

1659 885 1773 912 Christ.
