1986 3380
205 290 340 319 SERMO
361 278 485 336 xxm]
679 290 891 322 SECUNDA
918 289 1044 320 PARS.
1734 279 1807 324 167

204 399 418 448 utrobique
462 398 502 434 in
538 409 643 434 novo
682 403 924 432 testamento
963 393 1235 431 famositatem
1274 392 1518 440 signacionis

205 458 322 496 huius
344 455 519 494 nominis
534 455 714 491 Christus
729 460 990 502 acceptarunt
1005 451 1118 487 Judei
1134 452 1255 496 (Luce
1272 452 1412 494 XX110,
1430 451 1519 493 66>2

206 518 249 554 Si
269 524 308 552 [ιι
340 528 379 551 es
406 514 597 560 Christus,
630 512 690 548 dic
722 512 827 548 nobis
854 512 1001 561 palam.
1035 512 1083 545 Et
1116 509 1171 545 sic
1194 508 1390 556 accipitur
1413 520 1521 543 com-

207 574 381 611 muniter
412 573 452 609 in
485 570 702 619 evangelio.

173 637 188 670 5
262 631 424 680 Triplex
456 638 590 667 autem
624 627 787 677 ponitur
821 639 941 663 causa
971 640 1095 676 quare
1119 626 1246 663 David
1280 634 1371 662 ante
1395 626 1520 661 Abra-
1561 628 1696 674 lecum>
1717 628 1786 663 wln-

205 691 298 726 ham
322 687 580 738 premittitur,
604 686 736 735 prima
759 694 801 721 ut
824 685 1078 722 uniformiter
1105 693 1260 721 texatur
1288 682 1521 731 genealogia
1543 663 1813 724 fliiil¹⁵ff,1·¹⁵1)⁹}f³vlif{il

206 748 436 796 incipiendo
468 744 703 793 regulariter
735 756 893 791 semper
926 756 948 779 a
980 752 1094 791 patre
1127 742 1270 778 ultimo
1310 741 1521 778 nominato

207 807 315 854 quod
351 817 433 841 non
472 804 596 849 fieret,
635 802 692 839 sic
724 801 894 838 dicendo
930 801 998 837 lilii
1031 801 1236 837 Abraham
1270 799 1340 836 filii
1374 798 1521 835 David:

206 864 405 900 Abraham
438 869 564 898 autem
595 860 729 911 genuit
761 867 835 896 etc.

154 937 192 958 ιο
266 922 451 958 Secunda
495 931 628 964 causa,
668 918 761 966 quia
805 929 876 965 per
921 917 993 953 hos
1038 917 1138 953 duos
1182 924 1316 964 patres
1361 923 1525 951 notatur

209 980 354 1027 duplex
386 977 534 1015 Christi
572 976 773 1021 nativitas,
808 987 978 1024 quarum
1019 974 1131 1023 prior
1170 982 1307 1010 eterna
1345 972 1526 1021 signatur

209 1037 404 1074 direccius
437 1047 508 1084 per
536 1034 676 1080 David,
712 1046 801 1070 cum
836 1033 1026 1081 potencia
1058 1032 1119 1069 vel
1150 1031 1346 1068 fortitudo
1380 1043 1526 1079 appro-

208 1095 364 1144 priatur
396 1095 480 1130 Deo
519 1092 637 1141 patri,
683 1100 720 1128 et
753 1091 879 1128 David
919 1090 1205 1139 interpretatur
1244 1102 1367 1126 manu
1399 1088 1525 1124 fortis.

209 1155 287 1191 Sed
310 1153 419 1201 quod
437 1153 542 1188 Deus
570 1150 620 1187 sit
643 1159 757 1199 pater
782 1150 1000 1186 multarum
1024 1148 1222 1197 gencium,
1247 1146 1527 1196 temporaliter

157 1216 192 1249 15
209 1211 283 1248 sibi
322 1211 436 1257 inest,
469 1210 576 1245 unde
609 1208 703 1257 quia
741 1207 1027 1256 interpretacio
1066 1205 1254 1252 nominis,
1288 1218 1456 1253 regnum
1490 1213 1526 1240 et

210 1269 288 1306 alia
332 1267 502 1316 insignia
548 1266 674 1303 David
714 1265 839 1314 magis
879 1273 1103 1302 consonant
1142 1266 1226 1300 Deo
1271 1264 1390 1312 patri,
1437 1263 1526 1298 ideo

210 1327 250 1363 in
284 1327 409 1375 figura
447 1326 559 1361 istius
591 1323 867 1373 generacionis
901 1323 1029 1360 David
1060 1322 1320 1371 premittitur.
1361 1320 1527 1368 Dignius

211 1385 372 1433 quidem
425 1392 483 1420 est
533 1395 616 1419 esse
660 1394 793 1430 regem
839 1394 960 1430 quam
1006 1393 1089 1418 esse
1134 1381 1390 1429 prophetam,
1435 1378 1527 1414 ideo

212 1442 339 1479 David
372 1451 464 1478 ante
496 1442 702 1477 Abraham
736 1449 793 1476 est
826 1439 1057 1487 premissus.

154 1516 196 1537 20
268 1500 412 1537 Tereia
446 1508 580 1536 autem
614 1511 735 1535 causa
767 1497 861 1546 quia
892 1497 1006 1534 Judei
1039 1505 1287 1545 negaverunt
1321 1495 1526 1532 Christum

211 1571 295 1595 esse
333 1557 519 1594 Messian]
564 1569 637 1593 nec
682 1555 933 1592 descendisse
978 1568 1000 1592 a
1039 1554 1179 1600 David,
1225 1554 1319 1602 quia
1353 1553 1528 1589 Galileus

211 1625 308 1661 erat,
352 1617 439 1652 Joh.
473 1616 576 1660 V110‚
611 1627 657 1660 41
710 1613 847 1650 dicunt
891 1613 1023 1649 Judei:
1070 1612 1268 1661 Numquid
1311 1624 1333 1647 a
1376 1611 1527 1646 Galilea

122 1704 181 1734 FO,
212 1675 311 1711 venit
348 1674 558 1710 Christus?
590 1673 704 1709 Unde
738 1672 930 1720 precipua
964 1670 1140 1707 intencio
1174 1670 1247 1705 fuit
1280 1670 1329 1706 ad
1363 1669 1528 1705 confun-

114 1728 194 1782 2031}
210 1734 386 1770 dendum
409 1732 555 1768 Judeos
583 1726 588 1784 1
618 1731 828 1767 ostendere
857 1729 1060 1766 Christum
1096 1728 1221 1764 filium
1254 1727 1372 1763 fuisse
1403 1726 1529 1763 David

155 1797 192 1828 25
212 1800 249 1828 et
282 1791 320 1827 in
351 1790 554 1827 Bethleem
587 1797 741 1834 natum,
774 1787 865 1824 licet
898 1788 937 1824 in
966 1787 1119 1824 Galilea
1150 1787 1279 1822 fuerat
1313 1793 1530 1832 conceptus

213 1859 249 1886 et
272 1848 458 1885 nutritus.
493 1847 596 1884 Hinc
620 1856 657 1883 et
685 1846 725 1882 in
754 1846 884 1895 capite
908 1846 968 1882 sui
994 1844 1187 1893 evangelii
1212 1845 1288 1880 hoc
1312 1842 1528 1891 premittit:

211 1907 410 1944 Abraham
432 1906 566 1957 genuit
584 1906 708 1951 Isaac,
728 1905 838 1941 Isaac
860 1912 985 1941 autem
1008 1903 1142 1954 genuit
1154 1903 1284 1938 Jacob.
1310 1900 1530 1938 Generacio

214 1965 390 2002 Ismaclis
421 1973 458 2001 et
481 1966 586 2000 Esau
615 1973 672 2000 est
701 1962 863 2007 omissa,
894 1962 987 2011 quia
1016 1975 1098 1998 non
1133 1962 1181 1997 ab
1212 1960 1289 1996 illis
1319 1968 1531 2008 generatus

214 2033 270 2061 est
296 2023 503 2059 Dominus.
536 2024 638 2059 Nam
662 2023 774 2067 (Gen.
799 2022 920 2067 XX10,
944 2023 1005 2066 12)
1034 2020 1069 2056 in
1094 2021 1203 2056 Isaac
1235 2018 1436 2055 vocabitur
1467 2017 1535 2053 tibi

157 2086 198 2119 30
212 2095 353 2126 semen,
386 2090 423 2118 et
445 2089 662 2129 antequam
686 2080 808 2116 Jacob
841 2078 914 2115 fuit
947 2087 1077 2123 natus,
1103 2078 1250 2114 electus
1284 2085 1353 2121 est,
1386 2084 1429 2111 ut
1462 2088 1532 2123 per

214 2153 304 2177 eum
329 2140 545 2176 descendat
559 2137 769 2183 Dominus,
795 2136 889 2185 quia
912 2137 1097 2182 (Malach.
1123 2138 1171 2181 10,
1200 2135 1235 2179 3)
1257 2134 1375 2170 Jacob
1399 2133 1532 2177 dilexi,

214 2199 321 2235 Esau
355 2205 482 2234 autem
518 2197 604 2233 odio
639 2196 765 2232 habui.
799 2198 903 2231 Nota
940 2195 1160 2231 secundum
1190 2191 1457 2240 Augustinum
1493 2191 1533 2227 in

214 2255 443 2293 Concordia
458 2254 802 2303 Evangelistarum
827 2254 935 2302 quod
950 2252 1151 2289 Mattheus
1173 2250 1299 2288 voluit
1322 2250 1533 2286 ostendere

285 2411 304 2430 1.
325 2403 370 2429 A:
400 2406 427 2429 et
447 2400 633 2429 famositate.
772 2406 797 2426 2.
818 2399 847 2426 A
867 2398 896 2425 in
918 2405 1033 2436 marg:
1065 2396 1208 2424 Christus
1229 2395 1329 2431 signat
1349 2394 1533 2430 appellative

215 2445 312 2470 reges,
334 2436 501 2472 prophetas
521 2440 549 2463 et
570 2435 754 2462 sacerdotes.
897 2433 922 2460 5.
943 2433 973 2460 A
992 2440 1021 2460 m
1044 2440 1159 2467 marg:
1180 2430 1272 2458 Nota.
1303 2429 1385 2457 Nota
1405 2437 1531 2456 causam

214 2472 384 2507 triplicem:
405 2470 460 2498 AE
475 2470 505 2498 in
521 2478 637 2505 marg.:
661 2478 687 2499 1:
709 2469 760 2496 DE
778 2468 808 2495 in
826 2476 924 2503 marg.
955 2466 1054 2494 David
1078 2465 1260 2501 preponitur
1279 2464 1405 2492 Abrahe
1425 2472 1530 2500 quare.

214 2507 241 2534 δ’.
269 2507 312 2534 A:
343 2506 503 2533 Abraham
533 2504 585 2532 filii
615 2504 714 2532 David
745 2503 845 2533 deest:
878 2502 918 2530 ib.
945 2503 974 2529 A
999 2501 1028 2528 in
1056 2509 1171 2536 marga
1203 2500 1306 2535 Quare
1334 2498 1433 2526 David
1463 2503 1534 2525 ante

214 2541 373 2569 Abraham
396 2539 584 2576 premittitur
603 2539 714 2575 triplex
734 2540 853 2571 (causa).
928 2545 970 2564 10.
987 2536 1041 2564 ΑΕ
1062 2536 1091 2563 in
1114 2543 1228 2571 marg:
1250 2542 1275 2561 2.
1350 2541 1389 2572 1-2,
1407 2532 1444 2561 13.
1461 2533 1530 2560 DE:

214 2575 401 2603 attribuitur.
487 2582 529 2609 14.
551 2574 576 2601 D
597 2574 628 2601 in
649 2582 763 2609 marg:
785 2572 894 2600 David.
981 2571 1019 2599 15.
1041 2571 1110 2598 DE:
1133 2578 1250 2606 regum.
1336 2574 1377 2597 10.
1398 2568 1439 2595 E:
1461 2576 1533 2595 con-

216 2615 313 2637 sonat.
389 2610 430 2642 16,
446 2617 485 2644 ι7.
501 2610 546 2637 A:
567 2609 641 2636 Ideo
661 2608 751 2636 infra.
824 2615 870 2634 20.
886 2607 930 2634 A:
952 2611 1053 2633 autem
1074 2605 1174 2638 deest:
1196 2604 1236 2631 ib.
1253 2604 1308 2631 ΑΕ
1323 2604 1353 2631 in
1369 2611 1484 2638 marg:
1507 2601 1531 2629 3.

216 2645 257 2673 25.
279 2645 348 2672 DE:
369 2645 435 2672 fuit.
538 2644 584 2671 26.
605 2644 634 2671 A
653 2643 684 2671 in
706 2651 821 2677 marga
844 2650 863 2669 ι.
965 2649 1009 2676 27.
1030 2642 1059 2668 A
1079 2640 1109 2667 in
1131 2648 1245 2674 marg:
1269 2646 1293 2666 2.
1394 2646 1441 2674 29.
1463 2637 1532 2664 DE:

217 2680 295 2707 Gen.
316 2680 396 2707 XX0.
469 2677 507 2706 31.
528 2678 600 2706 DE:
621 2678 782 2711 ascendat:
813 2677 853 2704 ib.
875 2677 919 2704 A:
941 2675 1032 2703 dilexi
1053 2680 1108 2702 etc.
1182 2673 1224 2701 32.
1247 2673 1286 2701 E:
1309 2677 1409 2700 autem
1431 2673 1532 2705 deest:

216 2715 256 2742 ib.
278 2715 306 2741 A
325 2715 355 2741 in
377 2722 491 2749 marg:
511 2713 717 2748 Augustinus.
809 2710 851 2739 33.
872 2712 916 2739 A:
939 2711 1035 2738 voluit
1055 2709 1215 2737 ostendere
1236 2708 1334 2735 voluit
1355 2707 1532 2739 ostendere3

216 2749 257 2777 ib.
278 2749 302 2776 E
322 2749 352 2777 in
373 2757 488 2784 marg:
508 2748 662 2775 Mattheus
683 2746 899 2774 descendendo
962 2761 1169 2790 „enealonizat

511 2782 611 2810 Lucas
631 2782 826 2810 ascendendo
961 2784 978 2797 θ
1089 2782 1106 2797 ²²
1173 2783 1179 2789 ·

289 2866 342 2946 321.
369 2867 403 2946 ἓ.
419 2864 618 2946 3Augustini,
645 2865 696 2897 De
716 2866 902 2897 Consensu
922 2862 1244 2906 Evangelistarurn‚
1271 2861 1366 2903 Opp.
1385 2866 1458 2891 tom
1479 2858 1534 2899 lll,

217 2925 294 2958 Pag·
336 2939 344 2955 v
395 2924 412 2957 7
442 2938 449 2945 ·
