<?xml version="1.0" encoding="UTF-8"?>
<!DOCTYPE html PUBLIC "-//W3C//DTD XHTML 1.0 Transitional//EN"
    "http://www.w3.org/TR/xhtml1/DTD/xhtml1-transitional.dtd">
<html xmlns="http://www.w3.org/1999/xhtml" xml:lang="en" lang="en">
 <head>
  <title>
</title>
<meta http-equiv="Content-Type" content="text/html;charset=utf-8" />
  <meta name='ocr-system' content='tesseract 3.04.00' />
  <meta name='ocr-capabilities' content='ocr_page ocr_carea ocr_par ocr_line ocrx_word'/>
</head>
<body>
  <div class='ocr_page' id='page_1' title='image "./iohanniswyclifse0702wycl_0279.png"; bbox 0 0 1986 3380; ppageno 0'>
   <div class='ocr_carea' id='block_1_1' title="bbox 191 282 1012 340">
    <p class='ocr_par' dir='ltr' id='par_1_1' title="bbox 191 282 1012 340">
     <span class='ocr_line' id='line_1_1' title="bbox 191 282 1012 340; baseline -0.002 -19"><span class='ocrx_word' id='word_1_1' title='bbox 191 293 326 322; x_wconf 80' lang='lat' dir='ltr'>SERMO</span> <span class='ocrx_word' id='word_1_2' title='bbox 342 282 497 340; x_wconf 69' lang='lat' dir='ltr'><strong>xxxiv]</strong></span> <span class='ocrx_word' id='word_1_3' title='bbox 658 291 871 325; x_wconf 74' lang='lat' dir='ltr'>SECUNDA</span> <span class='ocrx_word' id='word_1_4' title='bbox 898 290 1012 321; x_wconf 78' lang='lat' dir='ltr'>PARS</span> 
     </span>
    </p>
   </div>
   <div class='ocr_carea' id='block_1_2' title="bbox 137 394 1513 2313">
    <p class='ocr_par' dir='ltr' id='par_1_2' title="bbox 159 394 1504 914">
     <span class='ocr_line' id='line_1_2' title="bbox 185 394 1499 454; baseline -0.008 -14"><span class='ocrx_word' id='word_1_5' title='bbox 185 411 313 454; x_wconf 81' lang='lat' dir='ltr'><strong>potest</strong></span> <span class='ocrx_word' id='word_1_6' title='bbox 344 401 578 451; x_wconf 78' lang='lat' dir='ltr'><strong>comparari.</strong></span> <span class='ocrx_word' id='word_1_7' title='bbox 615 402 800 436; x_wconf 86' lang='lat' dir='ltr'><strong>Penetrat</strong></span> <span class='ocrx_word' id='word_1_8' title='bbox 823 398 1115 434; x_wconf 90' lang='lat' dir='ltr'><strong>commovendo</strong></span> <span class='ocrx_word' id='word_1_9' title='bbox 1140 395 1302 444; x_wconf 89' lang='lat' dir='ltr'><strong>spiritus</strong></span> <span class='ocrx_word' id='word_1_10' title='bbox 1326 396 1375 431; x_wconf 89' lang='lat' dir='ltr'><strong>ad</strong></span> <span class='ocrx_word' id='word_1_11' title='bbox 1399 394 1499 431; x_wconf 87' lang='lat' dir='ltr'><strong>iram</strong></span> 
     </span>
     <span class='ocr_line' id='line_1_3' title="bbox 193 453 1499 507; baseline -0.008 -8"><span class='ocrx_word' id='word_1_12' title='bbox 193 471 229 500; x_wconf 87' lang='lat' dir='ltr'><strong>et</strong></span> <span class='ocrx_word' id='word_1_13' title='bbox 262 460 473 505; x_wconf 84' lang='lat' dir='ltr'>luxuriam,</span> <span class='ocrx_word' id='word_1_14' title='bbox 508 457 712 507; x_wconf 83' lang='lat' dir='ltr'>liquefacit</span> <span class='ocrx_word' id='word_1_15' title='bbox 736 457 793 493; x_wconf 89' lang='lat' dir='ltr'><strong>sal</strong></span> <span class='ocrx_word' id='word_1_16' title='bbox 816 455 1079 504; x_wconf 83' lang='lat' dir='ltr'>prelatorum,</span> <span class='ocrx_word' id='word_1_17' title='bbox 1115 453 1255 491; x_wconf 86' lang='lat' dir='ltr'><strong>dividit</strong></span> <span class='ocrx_word' id='word_1_18' title='bbox 1280 454 1499 489; x_wconf 78' lang='lat' dir='ltr'>concordes</span> 
     </span>
     <span class='ocr_line' id='line_1_4' title="bbox 192 510 1499 558; baseline -0.008 -1"><span class='ocrx_word' id='word_1_19' title='bbox 192 529 229 557; x_wconf 90' lang='lat' dir='ltr'><strong>et</strong></span> <span class='ocrx_word' id='word_1_20' title='bbox 261 518 406 556; x_wconf 83' lang='lat' dir='ltr'>scindit</span> <span class='ocrx_word' id='word_1_21' title='bbox 439 519 488 554; x_wconf 91' lang='lat' dir='ltr'><strong>ab</strong></span> <span class='ocrx_word' id='word_1_22' title='bbox 520 516 673 552; x_wconf 90' lang='lat' dir='ltr'><strong>unitate</strong></span> <span class='ocrx_word' id='word_1_23' title='bbox 707 513 883 551; x_wconf 83' lang='lat' dir='ltr'><strong>ecclesie.</strong></span> <span class='ocrx_word' id='word_1_24' title='bbox 918 515 966 549; x_wconf 89' lang='lat' dir='ltr'><strong>Et</strong></span> <span class='ocrx_word' id='word_1_25' title='bbox 999 512 1101 549; x_wconf 89' lang='lat' dir='ltr'><strong>sicut</strong></span> <span class='ocrx_word' id='word_1_26' title='bbox 1133 520 1223 548; x_wconf 88' lang='lat' dir='ltr'><strong>sunt</strong></span> <span class='ocrx_word' id='word_1_27' title='bbox 1247 520 1325 547; x_wconf 89' lang='lat' dir='ltr'><strong>tres</strong></span> <span class='ocrx_word' id='word_1_28' title='bbox 1349 510 1499 558; x_wconf 85' lang='lat' dir='ltr'><strong>species</strong></span> 
     </span>
     <span class='ocr_line' id='line_1_5' title="bbox 191 569 1501 620; baseline -0.008 -5"><span class='ocrx_word' id='word_1_29' title='bbox 191 577 342 615; x_wconf 87' lang='lat' dir='ltr'><strong>scilicet</strong></span> <span class='ocrx_word' id='word_1_30' title='bbox 386 573 661 620; x_wconf 82' lang='lat' dir='ltr'><strong>choruscacio‚</strong></span> <span class='ocrx_word' id='word_1_31' title='bbox 713 573 843 620; x_wconf 84' lang='lat' dir='ltr'><strong>fulgur</strong></span> <span class='ocrx_word' id='word_1_32' title='bbox 888 580 924 607; x_wconf 91' lang='lat' dir='ltr'><strong>et</strong></span> <span class='ocrx_word' id='word_1_33' title='bbox 968 571 1131 616; x_wconf 89' lang='lat' dir='ltr'><strong>fulmen,</strong></span> <span class='ocrx_word' id='word_1_34' title='bbox 1185 569 1241 606; x_wconf 85' lang='lat' dir='ltr'><strong>sic</strong></span> <span class='ocrx_word' id='word_1_35' title='bbox 1288 578 1378 605; x_wconf 89' lang='lat' dir='ltr'><strong>sunt</strong></span> <span class='ocrx_word' id='word_1_36' title='bbox 1422 577 1501 604; x_wconf 87' lang='lat' dir='ltr'><strong>tres</strong></span> 
     </span>
     <span class='ocr_line' id='line_1_6' title="bbox 159 626 1501 682; baseline -0.007 -11"><span class='ocrx_word' id='word_1_37' title='bbox 159 634 389 673; x_wconf 83' lang='lat' dir='ltr'><strong>5maneries</strong></span> <span class='ocrx_word' id='word_1_38' title='bbox 421 632 634 682; x_wconf 82' lang='lat' dir='ltr'>spirituum</span> <span class='ocrx_word' id='word_1_39' title='bbox 668 632 979 678; x_wconf 78' lang='lat' dir='ltr'>dampnatorum</span> <span class='ocrx_word' id='word_1_40' title='bbox 1014 627 1164 665; x_wconf 89' lang='lat' dir='ltr'><strong>scilicet</strong></span> <span class='ocrx_word' id='word_1_41' title='bbox 1197 627 1359 676; x_wconf 85' lang='lat' dir='ltr'><strong>spiritus</strong></span> <span class='ocrx_word' id='word_1_42' title='bbox 1383 626 1501 672; x_wconf 85' lang='lat' dir='ltr'><strong>aerei,</strong></span> 
     </span>
     <span class='ocr_line' id='line_1_7' title="bbox 191 684 1503 740; baseline -0.008 -9"><span class='ocrx_word' id='word_1_43' title='bbox 191 693 310 731; x_wconf 88' lang='lat' dir='ltr'><strong>terrei</strong></span> <span class='ocrx_word' id='word_1_44' title='bbox 346 701 382 730; x_wconf 92' lang='lat' dir='ltr'><strong>et</strong></span> <span class='ocrx_word' id='word_1_45' title='bbox 416 690 579 740; x_wconf 87' lang='lat' dir='ltr'><strong>spiritus</strong></span> <span class='ocrx_word' id='word_1_46' title='bbox 612 688 840 726; x_wconf 83' lang='lat' dir='ltr'><strong>infernales.</strong></span> <span class='ocrx_word' id='word_1_47' title='bbox 886 689 934 723; x_wconf 87' lang='lat' dir='ltr'><strong>Et</strong></span> <span class='ocrx_word' id='word_1_48' title='bbox 972 687 1098 723; x_wconf 90' lang='lat' dir='ltr'><strong>instar</strong></span> <span class='ocrx_word' id='word_1_49' title='bbox 1136 686 1302 722; x_wconf 87' lang='lat' dir='ltr'><strong>istarum</strong></span> <span class='ocrx_word' id='word_1_50' title='bbox 1337 684 1503 732; x_wconf 81' lang='lat' dir='ltr'><strong>impres-</strong></span> 
     </span>
     <span class='ocr_line' id='line_1_8' title="bbox 192 742 1504 795; baseline -0.009 -5"><span class='ocrx_word' id='word_1_51' title='bbox 192 752 351 790; x_wconf 89' lang='lat' dir='ltr'><strong>sionum</strong></span> <span class='ocrx_word' id='word_1_52' title='bbox 399 758 510 787; x_wconf 89' lang='lat' dir='ltr'><strong>actus</strong></span> <span class='ocrx_word' id='word_1_53' title='bbox 554 748 725 784; x_wconf 88' lang='lat' dir='ltr'><strong>istorum</strong></span> <span class='ocrx_word' id='word_1_54' title='bbox 768 745 889 782; x_wconf 90' lang='lat' dir='ltr'><strong>trium</strong></span> <span class='ocrx_word' id='word_1_55' title='bbox 936 745 1149 795; x_wconf 85' lang='lat' dir='ltr'><strong>spirituum</strong></span> <span class='ocrx_word' id='word_1_56' title='bbox 1194 756 1276 781; x_wconf 88' lang='lat' dir='ltr'><strong>non</strong></span> <span class='ocrx_word' id='word_1_57' title='bbox 1321 743 1420 779; x_wconf 86' lang='lat' dir='ltr'><strong>fiunt</strong></span> <span class='ocrx_word' id='word_1_58' title='bbox 1464 742 1504 778; x_wconf 89' lang='lat' dir='ltr'><strong>in</strong></span> 
     </span>
     <span class='ocr_line' id='line_1_9' title="bbox 192 800 1504 857; baseline -0.009 -9"><span class='ocrx_word' id='word_1_59' title='bbox 192 818 298 848; x_wconf 91' lang='lat' dir='ltr'><strong>statu</strong></span> <span class='ocrx_word' id='word_1_60' title='bbox 342 808 468 857; x_wconf 85' lang='lat' dir='ltr'><strong>glorie</strong></span> <span class='ocrx_word' id='word_1_61' title='bbox 505 815 549 843; x_wconf 88' lang='lat' dir='ltr'><strong>ut</strong></span> <span class='ocrx_word' id='word_1_62' title='bbox 589 813 725 851; x_wconf 88' lang='lat' dir='ltr'><strong>estate,</strong></span> <span class='ocrx_word' id='word_1_63' title='bbox 771 816 845 841; x_wconf 91' lang='lat' dir='ltr'><strong>nec</strong></span> <span class='ocrx_word' id='word_1_64' title='bbox 889 803 929 840; x_wconf 94' lang='lat' dir='ltr'><strong>in</strong></span> <span class='ocrx_word' id='word_1_65' title='bbox 972 812 1078 840; x_wconf 89' lang='lat' dir='ltr'><strong>statu</strong></span> <span class='ocrx_word' id='word_1_66' title='bbox 1117 800 1424 850; x_wconf 84' lang='lat' dir='ltr'><strong>dampnacionis</strong></span> <span class='ocrx_word' id='word_1_67' title='bbox 1462 809 1504 836; x_wconf 91' lang='lat' dir='ltr'><strong>ut</strong></span> 
     </span>
     <span class='ocr_line' id='line_1_10' title="bbox 193 860 1504 914; baseline -0.009 -8"><span class='ocrx_word' id='word_1_68' title='bbox 193 869 336 914; x_wconf 85' lang='lat' dir='ltr'><strong>hieme,</strong></span> <span class='ocrx_word' id='word_1_69' title='bbox 391 867 459 903; x_wconf 90' lang='lat' dir='ltr'><strong>sed</strong></span> <span class='ocrx_word' id='word_1_70' title='bbox 508 865 548 901; x_wconf 91' lang='lat' dir='ltr'><strong>in</strong></span> <span class='ocrx_word' id='word_1_71' title='bbox 601 871 708 900; x_wconf 90' lang='lat' dir='ltr'><strong>statu</strong></span> <span class='ocrx_word' id='word_1_72' title='bbox 765 862 898 899; x_wconf 88' lang='lat' dir='ltr'><strong>medio</strong></span> <span class='ocrx_word' id='word_1_73' title='bbox 947 870 989 898; x_wconf 92' lang='lat' dir='ltr'><strong>ut</strong></span> <span class='ocrx_word' id='word_1_74' title='bbox 1034 860 1184 898; x_wconf 88' lang='lat' dir='ltr'><strong>vernali</strong></span> <span class='ocrx_word' id='word_1_75' title='bbox 1235 869 1418 908; x_wconf 88' lang='lat' dir='ltr'><strong>tempore</strong></span> <span class='ocrx_word' id='word_1_76' title='bbox 1468 867 1504 895; x_wconf 92' lang='lat' dir='ltr'><strong>et</strong></span> 
     </span>
    </p>

    <p class='ocr_par' dir='ltr' id='par_1_3' title="bbox 138 917 1506 1206">
     <span class='ocr_line' id='line_1_11' title="bbox 138 917 1504 974; baseline -0.008 -10"><span class='ocrx_word' id='word_1_77' title='bbox 138 938 176 960; x_wconf 89' lang='lat'><strong>10</strong></span> <span class='ocrx_word' id='word_1_78' title='bbox 194 935 438 974; x_wconf 85' lang='lat' dir='ltr'><strong>autumpno;</strong></span> <span class='ocrx_word' id='word_1_79' title='bbox 463 932 500 960; x_wconf 93' lang='lat' dir='ltr'><strong>et</strong></span> <span class='ocrx_word' id='word_1_80' title='bbox 524 928 581 967; x_wconf 88' lang='lat' dir='ltr'><strong>(ut</strong></span> <span class='ocrx_word' id='word_1_81' title='bbox 604 921 776 959; x_wconf 88' lang='lat' dir='ltr'><strong>breviter</strong></span> <span class='ocrx_word' id='word_1_82' title='bbox 800 919 970 964; x_wconf 87' lang='lat' dir='ltr'><strong>dicatur)</strong></span> <span class='ocrx_word' id='word_1_83' title='bbox 993 932 1074 955; x_wconf 93' lang='lat' dir='ltr'><strong>non</strong></span> <span class='ocrx_word' id='word_1_84' title='bbox 1098 927 1155 955; x_wconf 89' lang='lat' dir='ltr'><strong>est</strong></span> <span class='ocrx_word' id='word_1_85' title='bbox 1179 918 1314 967; x_wconf 89' lang='lat' dir='ltr'><strong>aliqua</strong></span> <span class='ocrx_word' id='word_1_86' title='bbox 1338 917 1504 954; x_wconf 89' lang='lat' dir='ltr'><strong>istarum</strong></span> 
     </span>
     <span class='ocr_line' id='line_1_12' title="bbox 194 975 1506 1031; baseline -0.008 -10"><span class='ocrx_word' id='word_1_87' title='bbox 194 985 315 1022; x_wconf 90' lang='lat' dir='ltr'><strong>trium</strong></span> <span class='ocrx_word' id='word_1_88' title='bbox 354 981 668 1031; x_wconf 85' lang='lat' dir='ltr'><strong>impressionum</strong></span> <span class='ocrx_word' id='word_1_89' title='bbox 708 980 858 1016; x_wconf 88' lang='lat' dir='ltr'><strong>habens</strong></span> <span class='ocrx_word' id='word_1_90' title='bbox 897 977 1074 1026; x_wconf 80' lang='lat' dir='ltr'><strong>aliquam</strong></span> <span class='ocrx_word' id='word_1_91' title='bbox 1114 976 1405 1026; x_wconf 78' lang='lat' dir='ltr'><strong>proprietatem</strong></span> <span class='ocrx_word' id='word_1_92' title='bbox 1444 975 1506 1012; x_wconf 90' lang='lat' dir='ltr'><strong>vel</strong></span> 
     </span>
     <span class='ocr_line' id='line_1_13' title="bbox 195 1033 1505 1092; baseline -0.008 -12"><span class='ocrx_word' id='word_1_93' title='bbox 195 1041 422 1092; x_wconf 86' lang='lat' dir='ltr'><strong>passionem</strong></span> <span class='ocrx_word' id='word_1_94' title='bbox 469 1039 565 1089; x_wconf 89' lang='lat' dir='ltr'><strong>quin</strong></span> <span class='ocrx_word' id='word_1_95' title='bbox 603 1037 676 1075; x_wconf 88' lang='lat' dir='ltr'><strong>sibi</strong></span> <span class='ocrx_word' id='word_1_96' title='bbox 715 1037 857 1073; x_wconf 88' lang='lat' dir='ltr'><strong>illudat</strong></span> <span class='ocrx_word' id='word_1_97' title='bbox 896 1035 1053 1073; x_wconf 87' lang='lat' dir='ltr'><strong>mistice</strong></span> <span class='ocrx_word' id='word_1_98' title='bbox 1086 1037 1256 1072; x_wconf 87' lang='lat' dir='ltr'><strong>Satanas</strong></span> <span class='ocrx_word' id='word_1_99' title='bbox 1296 1047 1386 1070; x_wconf 92' lang='lat' dir='ltr'><strong>cum</strong></span> <span class='ocrx_word' id='word_1_100' title='bbox 1425 1033 1505 1070; x_wconf 89' lang='lat' dir='ltr'><strong>suis</strong></span> 
     </span>
     <span class='ocr_line' id='line_1_14' title="bbox 195 1093 1506 1148; baseline -0.007 -11"><span class='ocrx_word' id='word_1_101' title='bbox 195 1099 473 1148; x_wconf 86' lang='lat' dir='ltr'><strong>complicibus,</strong></span> <span class='ocrx_word' id='word_1_102' title='bbox 508 1097 598 1134; x_wconf 88' lang='lat' dir='ltr'><strong>ideo</strong></span> <span class='ocrx_word' id='word_1_103' title='bbox 623 1097 699 1133; x_wconf 90' lang='lat' dir='ltr'><strong>hoc</strong></span> <span class='ocrx_word' id='word_1_104' title='bbox 721 1096 887 1133; x_wconf 90' lang='lat' dir='ltr'><strong>verbum</strong></span> <span class='ocrx_word' id='word_1_105' title='bbox 912 1093 1061 1131; x_wconf 89' lang='lat' dir='ltr'><strong>Christi</strong></span> <span class='ocrx_word' id='word_1_106' title='bbox 1085 1095 1133 1130; x_wconf 90' lang='lat' dir='ltr'><strong>de</strong></span> <span class='ocrx_word' id='word_1_107' title='bbox 1158 1095 1306 1130; x_wconf 85' lang='lat' dir='ltr'><strong>Satana</strong></span> <span class='ocrx_word' id='word_1_108' title='bbox 1339 1093 1506 1129; x_wconf 89' lang='lat' dir='ltr'><strong>cadente</strong></span> 
     </span>
     <span class='ocr_line' id='line_1_15' title="bbox 194 1151 1318 1206; baseline -0.007 -11"><span class='ocrx_word' id='word_1_109' title='bbox 194 1168 236 1196; x_wconf 88' lang='lat' dir='ltr'><strong>ut</strong></span> <span class='ocrx_word' id='word_1_110' title='bbox 269 1159 401 1206; x_wconf 86' lang='lat' dir='ltr'><strong>fulgur</strong></span> <span class='ocrx_word' id='word_1_111' title='bbox 434 1155 603 1193; x_wconf 90' lang='lat' dir='ltr'><strong>includit</strong></span> <span class='ocrx_word' id='word_1_112' title='bbox 636 1153 796 1191; x_wconf 89' lang='lat' dir='ltr'><strong>mistice</strong></span> <span class='ocrx_word' id='word_1_113' title='bbox 828 1152 1085 1190; x_wconf 88' lang='lat' dir='ltr'><strong>absconditas</strong></span> <span class='ocrx_word' id='word_1_114' title='bbox 1117 1151 1318 1189; x_wconf 85' lang='lat' dir='ltr'><strong>veritates.</strong></span> 
     </span>
    </p>

    <p class='ocr_par' dir='ltr' id='par_1_4' title="bbox 140 1207 1508 1495">
     <span class='ocr_line' id='line_1_16' title="bbox 140 1207 1508 1259; baseline -0.007 -5"><span class='ocrx_word' id='word_1_115' title='bbox 140 1217 176 1250; x_wconf 84' lang='lat'><strong>15</strong></span> <span class='ocrx_word' id='word_1_116' title='bbox 251 1219 332 1253; x_wconf 90' lang='lat' dir='ltr'><strong>Nec</strong></span> <span class='ocrx_word' id='word_1_117' title='bbox 367 1223 474 1252; x_wconf 92' lang='lat' dir='ltr'><strong>caret</strong></span> <span class='ocrx_word' id='word_1_118' title='bbox 507 1215 580 1251; x_wconf 90' lang='lat' dir='ltr'><strong>hec</strong></span> <span class='ocrx_word' id='word_1_119' title='bbox 603 1212 786 1250; x_wconf 88' lang='lat' dir='ltr'><strong>doctrina</strong></span> <span class='ocrx_word' id='word_1_120' title='bbox 808 1210 978 1248; x_wconf 86' lang='lat' dir='ltr'><strong>materia</strong></span> <span class='ocrx_word' id='word_1_121' title='bbox 1000 1209 1245 1259; x_wconf 88' lang='lat' dir='ltr'><strong>reprobandi</strong></span> <span class='ocrx_word' id='word_1_122' title='bbox 1269 1207 1508 1245; x_wconf 88' lang='lat' dir='ltr'><strong>ecclesiasti-</strong></span> 
     </span>
     <span class='ocr_line' id='line_1_17' title="bbox 195 1266 1507 1319; baseline -0.008 -7"><span class='ocrx_word' id='word_1_123' title='bbox 195 1288 261 1312; x_wconf 93' lang='lat' dir='ltr'><strong>cos</strong></span> <span class='ocrx_word' id='word_1_124' title='bbox 294 1273 523 1319; x_wconf 84' lang='lat' dir='ltr'><strong>hodiernos,</strong></span> <span class='ocrx_word' id='word_1_125' title='bbox 559 1284 649 1309; x_wconf 89' lang='lat' dir='ltr'><strong>cum</strong></span> <span class='ocrx_word' id='word_1_126' title='bbox 683 1270 758 1319; x_wconf 88' lang='lat' dir='ltr'><strong>ipsi</strong></span> <span class='ocrx_word' id='word_1_127' title='bbox 792 1269 942 1306; x_wconf 89' lang='lat' dir='ltr'><strong>diaboli</strong></span> <span class='ocrx_word' id='word_1_128' title='bbox 975 1282 1065 1306; x_wconf 90' lang='lat' dir='ltr'><strong>cum</strong></span> <span class='ocrx_word' id='word_1_129' title='bbox 1099 1267 1247 1316; x_wconf 88' lang='lat' dir='ltr'><strong>gaudio</strong></span> <span class='ocrx_word' id='word_1_130' title='bbox 1279 1266 1507 1315; x_wconf 81' lang='lat' dir='ltr'><strong>graciarum</strong></span> 
     </span>
     <span class='ocr_line' id='line_1_18' title="bbox 196 1324 1507 1380; baseline -0.008 -10"><span class='ocrx_word' id='word_1_131' title='bbox 196 1342 233 1371; x_wconf 90' lang='lat' dir='ltr'><strong>et</strong></span> <span class='ocrx_word' id='word_1_132' title='bbox 265 1332 341 1370; x_wconf 85' lang='lat' dir='ltr'><strong>levi</strong></span> <span class='ocrx_word' id='word_1_133' title='bbox 374 1330 562 1380; x_wconf 88' lang='lat' dir='ltr'><strong>superbia</strong></span> <span class='ocrx_word' id='word_1_134' title='bbox 593 1329 795 1366; x_wconf 88' lang='lat' dir='ltr'><strong>iactarunt</strong></span> <span class='ocrx_word' id='word_1_135' title='bbox 829 1329 877 1365; x_wconf 90' lang='lat' dir='ltr'><strong>de</strong></span> <span class='ocrx_word' id='word_1_136' title='bbox 912 1327 1149 1364; x_wconf 86' lang='lat' dir='ltr'><strong>excellencia</strong></span> <span class='ocrx_word' id='word_1_137' title='bbox 1182 1338 1259 1375; x_wconf 90' lang='lat' dir='ltr'><strong>que</strong></span> <span class='ocrx_word' id='word_1_138' title='bbox 1299 1325 1352 1362; x_wconf 91' lang='lat' dir='ltr'><strong>eis</strong></span> <span class='ocrx_word' id='word_1_139' title='bbox 1391 1324 1507 1361; x_wconf 89' lang='lat' dir='ltr'><strong>infuit</strong></span> 
     </span>
     <span class='ocr_line' id='line_1_19' title="bbox 196 1383 1506 1437; baseline -0.008 -9"><span class='ocrx_word' id='word_1_140' title='bbox 196 1401 233 1428; x_wconf 92' lang='lat' dir='ltr'><strong>et</strong></span> <span class='ocrx_word' id='word_1_141' title='bbox 278 1392 326 1428; x_wconf 92' lang='lat' dir='ltr'><strong>de</strong></span> <span class='ocrx_word' id='word_1_142' title='bbox 371 1389 486 1426; x_wconf 91' lang='lat' dir='ltr'><strong>donis</strong></span> <span class='ocrx_word' id='word_1_143' title='bbox 531 1401 607 1437; x_wconf 91' lang='lat' dir='ltr'><strong>que</strong></span> <span class='ocrx_word' id='word_1_144' title='bbox 652 1387 736 1424; x_wconf 87' lang='lat' dir='ltr'><strong>sine</strong></span> <span class='ocrx_word' id='word_1_145' title='bbox 781 1385 928 1423; x_wconf 88' lang='lat' dir='ltr'><strong>ficticia</strong></span> <span class='ocrx_word' id='word_1_146' title='bbox 981 1384 1180 1422; x_wconf 86' lang='lat' dir='ltr'><strong>mendacii</strong></span> <span class='ocrx_word' id='word_1_147' title='bbox 1232 1383 1506 1432; x_wconf 87' lang='lat' dir='ltr'><strong>possidebant.</strong></span> 
     </span>
     <span class='ocr_line' id='line_1_20' title="bbox 195 1443 1507 1495; baseline -0.007 -9"><span class='ocrx_word' id='word_1_148' title='bbox 195 1448 331 1486; x_wconf 85' lang='lat' dir='ltr'><strong>Nostri</strong></span> <span class='ocrx_word' id='word_1_149' title='bbox 374 1456 508 1485; x_wconf 89' lang='lat' dir='ltr'><strong>autem</strong></span> <span class='ocrx_word' id='word_1_150' title='bbox 554 1445 698 1495; x_wconf 90' lang='lat' dir='ltr'><strong>prelati</strong></span> <span class='ocrx_word' id='word_1_151' title='bbox 741 1444 892 1482; x_wconf 87' lang='lat' dir='ltr'><strong>iactant</strong></span> <span class='ocrx_word' id='word_1_152' title='bbox 935 1443 1172 1492; x_wconf 87' lang='lat' dir='ltr'><strong>profundius</strong></span> <span class='ocrx_word' id='word_1_153' title='bbox 1210 1444 1258 1479; x_wconf 88' lang='lat' dir='ltr'><strong>de</strong></span> <span class='ocrx_word' id='word_1_154' title='bbox 1295 1449 1507 1490; x_wconf 76' lang='lat' dir='ltr'><strong>potestate,</strong></span> 
     </span>
    </p>

    <p class='ocr_par' dir='ltr' id='par_1_5' title="bbox 137 1500 1509 1782">
     <span class='ocr_line' id='line_1_21' title="bbox 137 1500 1508 1554; baseline -0.007 -9"><span class='ocrx_word' id='word_1_155' title='bbox 137 1519 179 1540; x_wconf 90' lang='lat'><strong>20</strong></span> <span class='ocrx_word' id='word_1_156' title='bbox 195 1508 341 1545; x_wconf 90' lang='lat' dir='ltr'><strong>virtute</strong></span> <span class='ocrx_word' id='word_1_157' title='bbox 375 1514 412 1543; x_wconf 90' lang='lat' dir='ltr'><strong>et</strong></span> <span class='ocrx_word' id='word_1_158' title='bbox 445 1504 580 1554; x_wconf 81' lang='lat' dir='ltr'><strong>gracia</strong></span> <span class='ocrx_word' id='word_1_159' title='bbox 613 1516 711 1553; x_wconf 87' lang='lat' dir='ltr'><strong>quas</strong></span> <span class='ocrx_word' id='word_1_160' title='bbox 743 1515 825 1540; x_wconf 91' lang='lat' dir='ltr'><strong>non</strong></span> <span class='ocrx_word' id='word_1_161' title='bbox 857 1503 1025 1549; x_wconf 81' lang='lat' dir='ltr'><strong>habent3</strong></span> <span class='ocrx_word' id='word_1_162' title='bbox 1069 1501 1160 1538; x_wconf 89' lang='lat' dir='ltr'><strong>ideo</strong></span> <span class='ocrx_word' id='word_1_163' title='bbox 1193 1500 1417 1537; x_wconf 88' lang='lat' dir='ltr'><strong>timendum</strong></span> <span class='ocrx_word' id='word_1_164' title='bbox 1452 1508 1508 1536; x_wconf 86' lang='lat' dir='ltr'><strong>est</strong></span> 
     </span>
     <span class='ocr_line' id='line_1_22' title="bbox 196 1561 1508 1613; baseline -0.007 -11"><span class='ocrx_word' id='word_1_165' title='bbox 196 1566 243 1602; x_wconf 93' lang='lat' dir='ltr'><strong>de</strong></span> <span class='ocrx_word' id='word_1_166' title='bbox 276 1564 354 1601; x_wconf 91' lang='lat' dir='ltr'><strong>illis</strong></span> <span class='ocrx_word' id='word_1_167' title='bbox 388 1565 496 1613; x_wconf 89' lang='lat' dir='ltr'><strong>quod</strong></span> <span class='ocrx_word' id='word_1_168' title='bbox 530 1571 621 1599; x_wconf 86' lang='lat' dir='ltr'><strong>sunt</strong></span> <span class='ocrx_word' id='word_1_169' title='bbox 643 1562 684 1598; x_wconf 89' lang='lat' dir='ltr'><strong>in</strong></span> <span class='ocrx_word' id='word_1_170' title='bbox 707 1574 802 1599; x_wconf 85' lang='lat' dir='ltr'><strong>casu</strong></span> <span class='ocrx_word' id='word_1_171' title='bbox 825 1561 1005 1606; x_wconf 84' lang='lat' dir='ltr'><strong>sathane,</strong></span> <span class='ocrx_word' id='word_1_172' title='bbox 1030 1561 1234 1597; x_wconf 83' lang='lat' dir='ltr'><strong>trahentes</strong></span> <span class='ocrx_word' id='word_1_173' title='bbox 1257 1571 1392 1595; x_wconf 90' lang='lat' dir='ltr'><strong>secum</strong></span> <span class='ocrx_word' id='word_1_174' title='bbox 1416 1570 1508 1594; x_wconf 88' lang='lat' dir='ltr'><strong>suos</strong></span> 
     </span>
     <span class='ocr_line' id='line_1_23' title="bbox 197 1615 1508 1672; baseline -0.008 -11"><span class='ocrx_word' id='word_1_175' title='bbox 197 1622 415 1672; x_wconf 88' lang='lat' dir='ltr'><strong>complices</strong></span> <span class='ocrx_word' id='word_1_176' title='bbox 449 1632 561 1658; x_wconf 90' lang='lat' dir='ltr'><strong>more</strong></span> <span class='ocrx_word' id='word_1_177' title='bbox 593 1619 813 1669; x_wconf 88' lang='lat' dir='ltr'><strong>spiritualis</strong></span> <span class='ocrx_word' id='word_1_178' title='bbox 846 1618 1012 1667; x_wconf 83' lang='lat' dir='ltr'><strong>fulguris</strong></span> <span class='ocrx_word' id='word_1_179' title='bbox 1052 1619 1103 1655; x_wconf 88' lang='lat' dir='ltr'><strong>ad</strong></span> <span class='ocrx_word' id='word_1_180' title='bbox 1140 1617 1355 1654; x_wconf 88' lang='lat' dir='ltr'><strong>infernum.</strong></span> <span class='ocrx_word' id='word_1_181' title='bbox 1411 1615 1508 1662; x_wconf 88' lang='lat' dir='ltr'><strong>Quis</strong></span> 
     </span>
     <span class='ocr_line' id='line_1_24' title="bbox 197 1675 1508 1726; baseline -0.006 -8"><span class='ocrx_word' id='word_1_182' title='bbox 197 1681 302 1719; x_wconf 89' lang='lat' dir='ltr'><strong>enim</strong></span> <span class='ocrx_word' id='word_1_183' title='bbox 341 1680 415 1717; x_wconf 89' lang='lat' dir='ltr'><strong>scit</strong></span> <span class='ocrx_word' id='word_1_184' title='bbox 452 1680 621 1716; x_wconf 87' lang='lat' dir='ltr'><strong>fundare</strong></span> <span class='ocrx_word' id='word_1_185' title='bbox 667 1691 711 1715; x_wconf 84' lang='lat' dir='ltr'><strong>ex</strong></span> <span class='ocrx_word' id='word_1_186' title='bbox 755 1690 876 1726; x_wconf 86' lang='lat' dir='ltr'><strong>opere</strong></span> <span class='ocrx_word' id='word_1_187' title='bbox 919 1678 981 1714; x_wconf 93' lang='lat' dir='ltr'><strong>vel</strong></span> <span class='ocrx_word' id='word_1_188' title='bbox 1025 1675 1223 1724; x_wconf 85' lang='lat' dir='ltr'><strong>scriptura</strong></span> <span class='ocrx_word' id='word_1_189' title='bbox 1268 1683 1508 1723; x_wconf 87' lang='lat' dir='ltr'><strong>potestatem</strong></span> 
     </span>
     <span class='ocr_line' id='line_1_25' title="bbox 196 1732 1509 1782; baseline -0.007 -5"><span class='ocrx_word' id='word_1_190' title='bbox 196 1740 276 1777; x_wconf 89' lang='lat' dir='ltr'><strong>iam</strong></span> <span class='ocrx_word' id='word_1_191' title='bbox 308 1739 443 1776; x_wconf 88' lang='lat' dir='ltr'><strong>fictam</strong></span> <span class='ocrx_word' id='word_1_192' title='bbox 485 1739 533 1775; x_wconf 92' lang='lat' dir='ltr'><strong>de</strong></span> <span class='ocrx_word' id='word_1_193' title='bbox 572 1735 915 1781; x_wconf 83' lang='lat' dir='ltr'><strong>absolucionibus,</strong></span> <span class='ocrx_word' id='word_1_194' title='bbox 957 1736 1004 1772; x_wconf 91' lang='lat' dir='ltr'><strong>de</strong></span> <span class='ocrx_word' id='word_1_195' title='bbox 1043 1733 1307 1782; x_wconf 88' lang='lat' dir='ltr'><strong>indulgenciis</strong></span> <span class='ocrx_word' id='word_1_196' title='bbox 1347 1741 1384 1769; x_wconf 93' lang='lat' dir='ltr'><strong>et</strong></span> <span class='ocrx_word' id='word_1_197' title='bbox 1422 1732 1509 1769; x_wconf 87' lang='lat' dir='ltr'><strong>aliis</strong></span> 
     </span>
    </p>

    <p class='ocr_par' dir='ltr' id='par_1_6' title="bbox 140 1790 1513 2083">
     <span class='ocr_line' id='line_1_26' title="bbox 140 1790 1510 1845; baseline -0.004 -13"><span class='ocrx_word' id='word_1_198' title='bbox 140 1799 178 1833; x_wconf 88' lang='lat'><strong>25</strong></span> <span class='ocrx_word' id='word_1_199' title='bbox 195 1796 499 1835; x_wconf 87' lang='lat' dir='ltr'><strong>remissionibus</strong></span> <span class='ocrx_word' id='word_1_200' title='bbox 532 1795 817 1845; x_wconf 83' lang='lat' dir='ltr'><strong>peccatorum?</strong></span> <span class='ocrx_word' id='word_1_201' title='bbox 850 1796 940 1831; x_wconf 93' lang='lat' dir='ltr'><strong>Non</strong></span> <span class='ocrx_word' id='word_1_202' title='bbox 963 1792 1128 1830; x_wconf 89' lang='lat' dir='ltr'><strong>dubium</strong></span> <span class='ocrx_word' id='word_1_203' title='bbox 1154 1791 1251 1840; x_wconf 89' lang='lat' dir='ltr'><strong>quin</strong></span> <span class='ocrx_word' id='word_1_204' title='bbox 1273 1790 1392 1828; x_wconf 89' lang='lat' dir='ltr'><strong>nimis</strong></span> <span class='ocrx_word' id='word_1_205' title='bbox 1416 1791 1510 1828; x_wconf 84' lang='lat' dir='ltr'><strong>fetet</strong></span> 
     </span>
     <span class='ocr_line' id='line_1_27' title="bbox 196 1849 1510 1904; baseline -0.005 -11"><span class='ocrx_word' id='word_1_206' title='bbox 196 1869 335 1894; x_wconf 91' lang='lat' dir='ltr'><strong>eorum</strong></span> <span class='ocrx_word' id='word_1_207' title='bbox 376 1854 566 1904; x_wconf 89' lang='lat' dir='ltr'><strong>superbia</strong></span> <span class='ocrx_word' id='word_1_208' title='bbox 605 1866 741 1891; x_wconf 89' lang='lat' dir='ltr'><strong>coram</strong></span> <span class='ocrx_word' id='word_1_209' title='bbox 781 1854 879 1889; x_wconf 90' lang='lat' dir='ltr'><strong>Deo.</strong></span> <span class='ocrx_word' id='word_1_210' title='bbox 933 1851 1115 1889; x_wconf 90' lang='lat' dir='ltr'><strong>Christus</strong></span> <span class='ocrx_word' id='word_1_211' title='bbox 1153 1850 1257 1887; x_wconf 90' lang='lat' dir='ltr'><strong>enim</strong></span> <span class='ocrx_word' id='word_1_212' title='bbox 1299 1863 1389 1886; x_wconf 91' lang='lat' dir='ltr'><strong>cum</strong></span> <span class='ocrx_word' id='word_1_213' title='bbox 1430 1849 1510 1886; x_wconf 89' lang='lat' dir='ltr'><strong>suis</strong></span> 
     </span>
     <span class='ocr_line' id='line_1_28' title="bbox 196 1908 1509 1963; baseline -0.006 -12"><span class='ocrx_word' id='word_1_214' title='bbox 196 1913 404 1963; x_wconf 89' lang='lat' dir='ltr'><strong>discipulis</strong></span> <span class='ocrx_word' id='word_1_215' title='bbox 444 1912 573 1950; x_wconf 86' lang='lat' dir='ltr'><strong>noluit</strong></span> <span class='ocrx_word' id='word_1_216' title='bbox 612 1911 667 1949; x_wconf 90' lang='lat' dir='ltr'><strong>sic</strong></span> <span class='ocrx_word' id='word_1_217' title='bbox 705 1922 901 1960; x_wconf 86' lang='lat' dir='ltr'><strong>pompare</strong></span> <span class='ocrx_word' id='word_1_218' title='bbox 941 1911 989 1946; x_wconf 91' lang='lat' dir='ltr'><strong>de</strong></span> <span class='ocrx_word' id='word_1_219' title='bbox 1027 1908 1260 1946; x_wconf 89' lang='lat' dir='ltr'><strong>huiusmodi</strong></span> <span class='ocrx_word' id='word_1_220' title='bbox 1298 1916 1509 1956; x_wconf 89' lang='lat' dir='ltr'><strong>potestate.</strong></span> 
     </span>
     <span class='ocr_line' id='line_1_29' title="bbox 197 1966 1511 2021; baseline -0.007 -11"><span class='ocrx_word' id='word_1_221' title='bbox 197 1973 347 2021; x_wconf 88' lang='lat' dir='ltr'><strong>Regula</strong></span> <span class='ocrx_word' id='word_1_222' title='bbox 381 1984 473 2020; x_wconf 89' lang='lat' dir='ltr'><strong>ergo</strong></span> <span class='ocrx_word' id='word_1_223' title='bbox 507 1984 629 2020; x_wconf 89' lang='lat' dir='ltr'><strong>quam</strong></span> <span class='ocrx_word' id='word_1_224' title='bbox 654 1969 835 2008; x_wconf 87' lang='lat' dir='ltr'><strong>Christus</strong></span> <span class='ocrx_word' id='word_1_225' title='bbox 860 1970 1001 2005; x_wconf 87' lang='lat' dir='ltr'><strong>edocet</strong></span> <span class='ocrx_word' id='word_1_226' title='bbox 1034 1976 1092 2004; x_wconf 89' lang='lat' dir='ltr'><strong>est</strong></span> <span class='ocrx_word' id='word_1_227' title='bbox 1125 1968 1232 2016; x_wconf 92' lang='lat' dir='ltr'><strong>quod</strong></span> <span class='ocrx_word' id='word_1_228' title='bbox 1265 1966 1306 2003; x_wconf 87' lang='lat' dir='ltr'><strong>in</strong></span> <span class='ocrx_word' id='word_1_229' title='bbox 1336 1979 1403 2015; x_wconf 78' lang='lat' dir='ltr'><strong>spe</strong></span> <span class='ocrx_word' id='word_1_230' title='bbox 1424 1978 1511 2002; x_wconf 83' lang='lat' dir='ltr'><strong>con-</strong></span> 
     </span>
     <span class='ocr_line' id='line_1_30' title="bbox 196 2025 1513 2083; baseline -0.006 -16"><span class='ocrx_word' id='word_1_231' title='bbox 196 2032 394 2083; x_wconf 79' lang='lat' dir='ltr'><strong>gaudeant</strong></span> <span class='ocrx_word' id='word_1_232' title='bbox 423 2030 469 2066; x_wconf 84' lang='lat' dir='ltr'><strong>de</strong></span> <span class='ocrx_word' id='word_1_233' title='bbox 491 2030 562 2066; x_wconf 83' lang='lat' dir='ltr'><strong>hoc</strong></span> <span class='ocrx_word' id='word_1_234' title='bbox 584 2029 686 2079; x_wconf 81' lang='lat' dir='ltr'><strong>quod</strong></span> <span class='ocrx_word' id='word_1_235' title='bbox 706 2029 741 2064; x_wconf 86' lang='lat' dir='ltr'><strong>in</strong></span> <span class='ocrx_word' id='word_1_236' title='bbox 765 2028 864 2064; x_wconf 87' lang='lat' dir='ltr'><strong>libro</strong></span> <span class='ocrx_word' id='word_1_237' title='bbox 888 2027 962 2064; x_wconf 85' lang='lat' dir='ltr'><strong>vite</strong></span> <span class='ocrx_word' id='word_1_238' title='bbox 984 2026 1209 2063; x_wconf 80' lang='lat' dir='ltr'><strong>eternaliter</strong></span> <span class='ocrx_word' id='word_1_239' title='bbox 1231 2025 1513 2069; x_wconf 69' lang='lat' dir='ltr'><strong>inscribuntur-5</strong></span> 
     </span>
    </p>

    <p class='ocr_par' dir='ltr' id='par_1_7' title="bbox 140 2083 1513 2313">
     <span class='ocr_line' id='line_1_31' title="bbox 140 2083 1512 2137; baseline -0.005 -12"><span class='ocrx_word' id='word_1_240' title='bbox 140 2092 180 2125; x_wconf 84' lang='lat'><strong>30</strong></span> <span class='ocrx_word' id='word_1_241' title='bbox 199 2091 247 2126; x_wconf 90' lang='lat' dir='ltr'><strong>de</strong></span> <span class='ocrx_word' id='word_1_242' title='bbox 279 2088 468 2137; x_wconf 90' lang='lat' dir='ltr'><strong>operibus</strong></span> <span class='ocrx_word' id='word_1_243' title='bbox 502 2096 637 2124; x_wconf 89' lang='lat' dir='ltr'><strong>autem</strong></span> <span class='ocrx_word' id='word_1_244' title='bbox 670 2085 934 2123; x_wconf 89' lang='lat' dir='ltr'><strong>determinate</strong></span> <span class='ocrx_word' id='word_1_245' title='bbox 966 2084 1082 2121; x_wconf 89' lang='lat' dir='ltr'><strong>nobis</strong></span> <span class='ocrx_word' id='word_1_246' title='bbox 1120 2083 1226 2120; x_wconf 87' lang='lat' dir='ltr'><strong>notis</strong></span> <span class='ocrx_word' id='word_1_247' title='bbox 1265 2091 1385 2132; x_wconf 90' lang='lat' dir='ltr'><strong>atque</strong></span> <span class='ocrx_word' id='word_1_248' title='bbox 1423 2095 1512 2131; x_wconf 89' lang='lat' dir='ltr'><strong>pre-</strong></span> 
     </span>
     <span class='ocr_line' id='line_1_32' title="bbox 198 2141 1511 2191; baseline -0.006 -7"><span class='ocrx_word' id='word_1_249' title='bbox 198 2147 325 2184; x_wconf 86' lang='lat' dir='ltr'><strong>teritis</strong></span> <span class='ocrx_word' id='word_1_250' title='bbox 348 2159 430 2184; x_wconf 91' lang='lat' dir='ltr'><strong>non</strong></span> <span class='ocrx_word' id='word_1_251' title='bbox 452 2147 642 2183; x_wconf 89' lang='lat' dir='ltr'><strong>debemus</strong></span> <span class='ocrx_word' id='word_1_252' title='bbox 667 2143 932 2181; x_wconf 88' lang='lat' dir='ltr'><strong>determinate</strong></span> <span class='ocrx_word' id='word_1_253' title='bbox 964 2144 1151 2191; x_wconf 89' lang='lat' dir='ltr'><strong>gaudere,</strong></span> <span class='ocrx_word' id='word_1_254' title='bbox 1187 2141 1280 2191; x_wconf 91' lang='lat' dir='ltr'><strong>quia</strong></span> <span class='ocrx_word' id='word_1_255' title='bbox 1312 2141 1511 2178; x_wconf 89' lang='lat' dir='ltr'><strong>nescimus</strong></span> 
     </span>
     <span class='ocr_line' id='line_1_33' title="bbox 198 2200 1513 2251; baseline -0.005 -9"><span class='ocrx_word' id='word_1_256' title='bbox 198 2206 230 2242; x_wconf 89' lang='lat' dir='ltr'><strong>si</strong></span> <span class='ocrx_word' id='word_1_257' title='bbox 263 2214 379 2242; x_wconf 91' lang='lat' dir='ltr'><strong>sonat</strong></span> <span class='ocrx_word' id='word_1_258' title='bbox 411 2203 526 2241; x_wconf 88' lang='lat' dir='ltr'><strong>nobis</strong></span> <span class='ocrx_word' id='word_1_259' title='bbox 559 2205 610 2241; x_wconf 90' lang='lat' dir='ltr'><strong>acl</strong></span> <span class='ocrx_word' id='word_1_260' title='bbox 642 2202 813 2251; x_wconf 83' lang='lat' dir='ltr'><strong>gloriam</strong></span> <span class='ocrx_word' id='word_1_261' title='bbox 846 2202 907 2239; x_wconf 90' lang='lat' dir='ltr'><strong>vel</strong></span> <span class='ocrx_word' id='word_1_262' title='bbox 931 2203 981 2238; x_wconf 90' lang='lat' dir='ltr'><strong>ad</strong></span> <span class='ocrx_word' id='word_1_263' title='bbox 1006 2200 1299 2247; x_wconf 87' lang='lat' dir='ltr'><strong>confusionem,</strong></span> <span class='ocrx_word' id='word_1_264' title='bbox 1335 2212 1380 2236; x_wconf 92' lang='lat' dir='ltr'><strong>eo</strong></span> <span class='ocrx_word' id='word_1_265' title='bbox 1404 2200 1513 2248; x_wconf 91' lang='lat' dir='ltr'><strong>quod</strong></span> 
     </span>
     <span class='ocr_line' id='line_1_34' title="bbox 197 2258 1235 2313; baseline -0.006 -12"><span class='ocrx_word' id='word_1_266' title='bbox 197 2263 433 2313; x_wconf 86' lang='lat' dir='ltr'><strong>ignoramus</strong></span> <span class='ocrx_word' id='word_1_267' title='bbox 466 2270 646 2299; x_wconf 87' lang='lat' dir='ltr'><strong>nostram</strong></span> <span class='ocrx_word' id='word_1_268' title='bbox 681 2261 841 2298; x_wconf 88' lang='lat' dir='ltr'><strong>finalem</strong></span> <span class='ocrx_word' id='word_1_269' title='bbox 874 2258 1235 2309; x_wconf 86' lang='lat' dir='ltr'><strong>perseveranciam.</strong></span> 
     </span>
    </p>
   </div>
   <div class='ocr_carea' id='block_1_3' title="bbox 197 2381 1517 2832">
    <p class='ocr_par' dir='ltr' id='par_1_8' title="bbox 197 2381 1517 2832">
     <span class='ocr_line' id='line_1_35' title="bbox 266 2381 1514 2422; baseline -0.006 -8"><span class='ocrx_word' id='word_1_270' title='bbox 266 2394 291 2413; x_wconf 86' lang='lat'><strong>2.</strong></span> <span class='ocrx_word' id='word_1_271' title='bbox 306 2386 376 2414; x_wconf 89' lang='lat' dir='ltr'><strong>DE:</strong></span> <span class='ocrx_word' id='word_1_272' title='bbox 399 2386 538 2422; x_wconf 84' lang='lat' dir='ltr'><strong>prelacic.</strong></span> <span class='ocrx_word' id='word_1_273' title='bbox 595 2384 619 2413; x_wconf 76' lang='lat'><strong>3.</strong></span> <span class='ocrx_word' id='word_1_274' title='bbox 635 2385 660 2412; x_wconf 94' lang='lat' dir='ltr'>D</span> <span class='ocrx_word' id='word_1_275' title='bbox 676 2385 706 2413; x_wconf 89' lang='lat' dir='ltr'><strong>in</strong></span> <span class='ocrx_word' id='word_1_276' title='bbox 722 2393 838 2419; x_wconf 65' lang='lat' dir='ltr'><strong>marg:</strong></span> <span class='ocrx_word' id='word_1_277' title='bbox 860 2384 1033 2420; x_wconf 79' lang='lat' dir='ltr'><strong>Spirituum</strong></span> <span class='ocrx_word' id='word_1_278' title='bbox 1049 2382 1289 2418; x_wconf 79' lang='lat' dir='ltr'><strong>dampnatorum</strong></span> <span class='ocrx_word' id='word_1_279' title='bbox 1305 2386 1365 2409; x_wconf 87' lang='lat' dir='ltr'><strong>tres</strong></span> <span class='ocrx_word' id='word_1_280' title='bbox 1381 2381 1514 2417; x_wconf 73' lang='lat' dir='ltr'><strong>species3</strong></span> 
     </span>
     <span class='ocr_line' id='line_1_36' title="bbox 197 2416 1514 2457; baseline -0.003 -8"><span class='ocrx_word' id='word_1_281' title='bbox 197 2423 222 2450; x_wconf 89' lang='lat' dir='ltr'>E</span> <span class='ocrx_word' id='word_1_282' title='bbox 235 2422 266 2449; x_wconf 92' lang='lat' dir='ltr'><strong>in</strong></span> <span class='ocrx_word' id='word_1_283' title='bbox 282 2430 378 2457; x_wconf 85' lang='lat' dir='ltr'><strong>marg.</strong></span> <span class='ocrx_word' id='word_1_284' title='bbox 394 2421 482 2449; x_wconf 85' lang='lat' dir='ltr'><strong>add.:</strong></span> <span class='ocrx_word' id='word_1_285' title='bbox 503 2421 628 2456; x_wconf 84' lang='lat' dir='ltr'><strong>Species</strong></span> <span class='ocrx_word' id='word_1_286' title='bbox 644 2420 860 2455; x_wconf 81' lang='lat' dir='ltr'><strong>impressionis</strong></span> <span class='ocrx_word' id='word_1_287' title='bbox 875 2419 970 2454; x_wconf 80' lang='lat' dir='ltr'><strong>ignee.</strong></span> <span class='ocrx_word' id='word_1_288' title='bbox 1043 2427 1072 2452; x_wconf 83' lang='lat'><strong>4.</strong></span> <span class='ocrx_word' id='word_1_289' title='bbox 1089 2419 1117 2445; x_wconf 94' lang='lat' dir='ltr'><strong>A</strong></span> <span class='ocrx_word' id='word_1_290' title='bbox 1133 2418 1163 2445; x_wconf 90' lang='lat' dir='ltr'><strong>in</strong></span> <span class='ocrx_word' id='word_1_291' title='bbox 1180 2425 1294 2452; x_wconf 66' lang='lat' dir='ltr'><strong>marg:</strong></span> <span class='ocrx_word' id='word_1_292' title='bbox 1316 2416 1514 2445; x_wconf 76' lang='lat' dir='ltr'><strong>Coruscacio.</strong></span> 
     </span>
     <span class='ocr_line' id='line_1_37' title="bbox 197 2451 1513 2492; baseline -0.005 -8"><span class='ocrx_word' id='word_1_293' title='bbox 197 2457 310 2492; x_wconf 87' lang='lat' dir='ltr'><strong>fulgur,</strong></span> <span class='ocrx_word' id='word_1_294' title='bbox 330 2456 457 2484; x_wconf 80' lang='lat' dir='ltr'><strong>fulmen.</strong></span> <span class='ocrx_word' id='word_1_295' title='bbox 565 2463 592 2489; x_wconf 87' lang='lat'><strong>7.</strong></span> <span class='ocrx_word' id='word_1_296' title='bbox 614 2455 654 2483; x_wconf 84' lang='lat' dir='ltr'><strong>E:</strong></span> <span class='ocrx_word' id='word_1_297' title='bbox 676 2463 736 2482; x_wconf 86' lang='lat' dir='ltr'><strong>non</strong></span> <span class='ocrx_word' id='word_1_298' title='bbox 758 2455 824 2482; x_wconf 87' lang='lat' dir='ltr'><strong>fuit.</strong></span> <span class='ocrx_word' id='word_1_299' title='bbox 933 2453 961 2488; x_wconf 77' lang='lat' dir='ltr'><strong>S,</strong></span> <span class='ocrx_word' id='word_1_300' title='bbox 983 2462 1010 2489; x_wconf 85' lang='lat'><strong>9.</strong></span> <span class='ocrx_word' id='word_1_301' title='bbox 1032 2453 1101 2481; x_wconf 85' lang='lat' dir='ltr'><strong>DE:</strong></span> <span class='ocrx_word' id='word_1_302' title='bbox 1123 2460 1177 2479; x_wconf 83' lang='lat' dir='ltr'><strong>nec</strong></span> <span class='ocrx_word' id='word_1_303' title='bbox 1197 2452 1227 2479; x_wconf 89' lang='lat' dir='ltr'><strong>in</strong></span> <span class='ocrx_word' id='word_1_304' title='bbox 1247 2468 1281 2471; x_wconf 97' lang='lat'><strong>—</strong></span> <span class='ocrx_word' id='word_1_305' title='bbox 1301 2452 1400 2479; x_wconf 79' lang='lat' dir='ltr'><strong>hieme</strong></span> <span class='ocrx_word' id='word_1_306' title='bbox 1421 2451 1513 2478; x_wconf 74' lang='lat' dir='ltr'><strong>deest.</strong></span> 
     </span>
     <span class='ocr_line' id='line_1_38' title="bbox 198 2486 1516 2526; baseline -0.005 -7"><span class='ocrx_word' id='word_1_307' title='bbox 198 2500 240 2520; x_wconf 91' lang='lat'><strong>10.</strong></span> <span class='ocrx_word' id='word_1_308' title='bbox 256 2492 298 2519; x_wconf 92' lang='lat' dir='ltr'><strong>D:</strong></span> <span class='ocrx_word' id='word_1_309' title='bbox 319 2490 461 2526; x_wconf 84' lang='lat' dir='ltr'><strong>Triginta</strong></span> <span class='ocrx_word' id='word_1_310' title='bbox 481 2490 579 2518; x_wconf 83' lang='lat' dir='ltr'><strong>lineae</strong></span> <span class='ocrx_word' id='word_1_311' title='bbox 597 2494 698 2517; x_wconf 87' lang='lat' dir='ltr'><strong>textus</strong></span> <span class='ocrx_word' id='word_1_312' title='bbox 718 2489 866 2518; x_wconf 84' lang='lat' dir='ltr'><strong>extinctae</strong></span> <span class='ocrx_word' id='word_1_313' title='bbox 887 2497 941 2524; x_wconf 83' lang='lat' dir='ltr'><strong>per</strong></span> <span class='ocrx_word' id='word_1_314' title='bbox 961 2488 1083 2523; x_wconf 86' lang='lat' dir='ltr'><strong>siguum</strong></span> <span class='ocrx_word' id='word_1_315' title='bbox 1104 2491 1235 2514; x_wconf 87' lang='lat' dir='ltr'><strong>va-cat.</strong></span> <span class='ocrx_word' id='word_1_316' title='bbox 1255 2487 1289 2514; x_wconf 86' lang='lat' dir='ltr'><strong>In</strong></span> <span class='ocrx_word' id='word_1_317' title='bbox 1310 2486 1378 2513; x_wconf 85' lang='lat' dir='ltr'><strong>cod.</strong></span> <span class='ocrx_word' id='word_1_318' title='bbox 1400 2486 1439 2513; x_wconf 86' lang='lat' dir='ltr'><strong>E:</strong></span> <span class='ocrx_word' id='word_1_319' title='bbox 1462 2486 1516 2513; x_wconf 75' lang='lat' dir='ltr'><strong>hec</strong></span> 
     </span>
     <span class='ocr_line' id='line_1_39' title="bbox 197 2520 1513 2588; baseline -0.005 -34"><span class='ocrx_word' id='word_1_320' title='bbox 197 2527 300 2561; x_wconf 85' lang='lat' dir='ltr'><strong>verba,</strong></span> <span class='ocrx_word' id='word_1_321' title='bbox 317 2526 381 2565; x_wconf 75' lang='lat' dir='ltr'><strong>scilz</strong></span> <span class='ocrx_word' id='word_1_322' title='bbox 398 2526 535 2588; x_wconf 53' lang='grc' dir='ltr'><strong>ἰυῗὲεηῐεε</strong></span> <span class='ocrx_word' id='word_1_323' title='bbox 548 2540 582 2544; x_wconf 88' lang='grc'>-</span> <span class='ocrx_word' id='word_1_324' title='bbox 596 2533 789 2560; x_wconf 86' lang='lat' dir='ltr'><strong>consequens</strong></span> <span class='ocrx_word' id='word_1_325' title='bbox 804 2528 859 2558; x_wconf 86' lang='lat' dir='ltr'><strong>est,</strong></span> <span class='ocrx_word' id='word_1_326' title='bbox 877 2532 929 2558; x_wconf 85' lang='lat' dir='ltr'><strong>per</strong></span> <span class='ocrx_word' id='word_1_327' title='bbox 954 2531 1037 2550; x_wconf 86' lang='lat' dir='ltr'><strong>eram</strong></span> <span class='ocrx_word' id='word_1_328' title='bbox 1052 2522 1112 2550; x_wconf 89' lang='lat' dir='ltr'><strong>isto</strong></span> <span class='ocrx_word' id='word_1_329' title='bbox 1126 2523 1193 2550; x_wconf 88' lang='lat' dir='ltr'><strong>loco</strong></span> <span class='ocrx_word' id='word_1_330' title='bbox 1209 2522 1377 2555; x_wconf 82' lang='lat' dir='ltr'><strong>habentur3</strong></span> <span class='ocrx_word' id='word_1_331' title='bbox 1393 2521 1432 2558; x_wconf 79' lang='lat' dir='ltr'><strong>ib.</strong></span> <span class='ocrx_word' id='word_1_332' title='bbox 1446 2520 1513 2558; x_wconf 79' lang='lat' dir='ltr'><strong>DE:</strong></span> 
     </span>
     <span class='ocr_line' id='line_1_40' title="bbox 197 2555 1514 2596; baseline -0.005 -8"><span class='ocrx_word' id='word_1_333' title='bbox 197 2566 226 2589; x_wconf 90' lang='lat' dir='ltr'><strong>et</strong></span> <span class='ocrx_word' id='word_1_334' title='bbox 245 2561 344 2594; x_wconf 83' lang='lat' dir='ltr'><strong>deest;</strong></span> <span class='ocrx_word' id='word_1_335' title='bbox 375 2561 415 2588; x_wconf 80' lang='lat' dir='ltr'><strong>lb.</strong></span> <span class='ocrx_word' id='word_1_336' title='bbox 471 2571 477 2588; x_wconf 89' lang='lat'><strong>:</strong></span> <span class='ocrx_word' id='word_1_337' title='bbox 498 2560 580 2596; x_wconf 88' lang='lat' dir='ltr'><strong>quod</strong></span> <span class='ocrx_word' id='word_1_338' title='bbox 602 2568 663 2587; x_wconf 91' lang='lat' dir='ltr'><strong>non</strong></span> <span class='ocrx_word' id='word_1_339' title='bbox 684 2564 739 2587; x_wconf 90' lang='lat' dir='ltr'><strong>est.</strong></span> <span class='ocrx_word' id='word_1_340' title='bbox 848 2557 886 2586; x_wconf 84' lang='lat'><strong>13.</strong></span> <span class='ocrx_word' id='word_1_341' title='bbox 907 2558 931 2586; x_wconf 88' lang='lat' dir='ltr'>D</span> <span class='ocrx_word' id='word_1_342' title='bbox 971 2568 976 2585; x_wconf 91' lang='lat'><strong>:</strong></span> <span class='ocrx_word' id='word_1_343' title='bbox 1007 2557 1124 2585; x_wconf 89' lang='lat' dir='ltr'><strong>domini</strong></span> <span class='ocrx_word' id='word_1_344' title='bbox 1147 2556 1273 2585; x_wconf 82' lang='lat' dir='ltr'><strong>Christi.</strong></span> <span class='ocrx_word' id='word_1_345' title='bbox 1383 2558 1423 2583; x_wconf 72' lang='grc' dir='ltr'><strong>ιο.</strong></span> <span class='ocrx_word' id='word_1_346' title='bbox 1446 2555 1514 2582; x_wconf 84' lang='lat' dir='ltr'><strong>DE:</strong></span> 
     </span>
     <span class='ocr_line' id='line_1_41' title="bbox 197 2590 1516 2632; baseline -0.005 -9"><span class='ocrx_word' id='word_1_347' title='bbox 197 2596 258 2632; x_wconf 88' lang='lat' dir='ltr'><strong>ipsi</strong></span> <span class='ocrx_word' id='word_1_348' title='bbox 284 2594 445 2630; x_wconf 74' lang='lat' dir='ltr'><strong>discipuli3</strong></span> <span class='ocrx_word' id='word_1_349' title='bbox 474 2595 517 2623; x_wconf 86' lang='lat' dir='ltr'><strong>ib.</strong></span> <span class='ocrx_word' id='word_1_350' title='bbox 537 2595 563 2622; x_wconf 90' lang='lat' dir='ltr'>D</span> <span class='ocrx_word' id='word_1_351' title='bbox 584 2594 614 2622; x_wconf 93' lang='lat' dir='ltr'><strong>in</strong></span> <span class='ocrx_word' id='word_1_352' title='bbox 636 2603 751 2630; x_wconf 62' lang='lat' dir='ltr'><strong>marg:</strong></span> <span class='ocrx_word' id='word_1_353' title='bbox 783 2593 938 2621; x_wconf 86' lang='lat' dir='ltr'><strong>Gaudium</strong></span> <span class='ocrx_word' id='word_1_354' title='bbox 960 2593 1174 2628; x_wconf 86' lang='lat' dir='ltr'><strong>apostolorum</strong></span> <span class='ocrx_word' id='word_1_355' title='bbox 1196 2591 1232 2619; x_wconf 91' lang='lat' dir='ltr'><strong>de</strong></span> <span class='ocrx_word' id='word_1_356' title='bbox 1252 2591 1446 2618; x_wconf 86' lang='lat' dir='ltr'><strong>subieccione</strong></span> <span class='ocrx_word' id='word_1_357' title='bbox 1466 2590 1516 2617; x_wconf 89' lang='lat' dir='ltr'><strong>de-</strong></span> 
     </span>
     <span class='ocr_line' id='line_1_42' title="bbox 198 2625 1516 2667; baseline -0.005 -9"><span class='ocrx_word' id='word_1_358' title='bbox 198 2630 388 2658; x_wconf 88' lang='lat' dir='ltr'><strong>moniorum.</strong></span> <span class='ocrx_word' id='word_1_359' title='bbox 470 2638 510 2666; x_wconf 88' lang='lat'><strong>17.</strong></span> <span class='ocrx_word' id='word_1_360' title='bbox 531 2629 601 2657; x_wconf 87' lang='lat' dir='ltr'><strong>DE:</strong></span> <span class='ocrx_word' id='word_1_361' title='bbox 623 2629 666 2657; x_wconf 86' lang='lat' dir='ltr'><strong>eis</strong></span> <span class='ocrx_word' id='word_1_362' title='bbox 686 2629 809 2663; x_wconf 76' lang='lat' dir='ltr'><strong>insunt3</strong></span> <span class='ocrx_word' id='word_1_363' title='bbox 838 2629 878 2656; x_wconf 87' lang='lat' dir='ltr'><strong>ib.</strong></span> <span class='ocrx_word' id='word_1_364' title='bbox 901 2628 925 2655; x_wconf 83' lang='lat' dir='ltr'><strong>E</strong></span> <span class='ocrx_word' id='word_1_365' title='bbox 944 2628 974 2666; x_wconf 71' lang='lat' dir='ltr'><strong>in</strong></span> <span class='ocrx_word' id='word_1_366' title='bbox 995 2635 1110 2667; x_wconf 69' lang='lat' dir='ltr'><strong>marg:</strong></span> <span class='ocrx_word' id='word_1_367' title='bbox 1130 2626 1350 2662; x_wconf 81' lang='lat' dir='ltr'><strong>Superbientes</strong></span> <span class='ocrx_word' id='word_1_368' title='bbox 1371 2634 1406 2652; x_wconf 76' lang='lat' dir='ltr'><strong>ex</strong></span> <span class='ocrx_word' id='word_1_369' title='bbox 1426 2625 1516 2652; x_wconf 83' lang='lat' dir='ltr'><strong>donis</strong></span> 
     </span>
     <span class='ocr_line' id='line_1_43' title="bbox 680 2663 1038 2731; baseline -0.006 -22"><span class='ocrx_word' id='word_1_370' title='bbox 680 2681 824 2717; x_wconf 80' lang='lat' dir='ltr'><strong>discipuli</strong></span> <span class='ocrx_word' id='word_1_371' title='bbox 849 2666 863 2731; x_wconf 82' lang='lat'>}</span> <span class='ocrx_word' id='word_1_372' title='bbox 886 2663 1038 2725; x_wconf 34' lang='lat' dir='ltr'>fffflffii·</span> 
     </span>
     <span class='ocr_line' id='line_1_44' title="bbox 198 2729 1515 2770; baseline -0.005 -8"><span class='ocrx_word' id='word_1_373' title='bbox 198 2742 242 2762; x_wconf 84' lang='lat'><strong>22.</strong></span> <span class='ocrx_word' id='word_1_374' title='bbox 262 2735 292 2762; x_wconf 91' lang='lat' dir='ltr'><strong>A</strong></span> <span class='ocrx_word' id='word_1_375' title='bbox 311 2735 342 2762; x_wconf 92' lang='lat' dir='ltr'><strong>in</strong></span> <span class='ocrx_word' id='word_1_376' title='bbox 363 2742 476 2770; x_wconf 70' lang='lat' dir='ltr'><strong>marg:</strong></span> <span class='ocrx_word' id='word_1_377' title='bbox 498 2734 615 2762; x_wconf 88' lang='lat' dir='ltr'><strong>Contra</strong></span> <span class='ocrx_word' id='word_1_378' title='bbox 657 2738 817 2761; x_wconf 84' lang='lat' dir='ltr'><strong>otestatem</strong></span> <span class='ocrx_word' id='word_1_379' title='bbox 838 2733 949 2760; x_wconf 82' lang='lat' dir='ltr'><strong>fictam.</strong></span> <span class='ocrx_word' id='word_1_380' title='bbox 1046 2732 1094 2767; x_wconf 81' lang='lat'><strong>26,</strong></span> <span class='ocrx_word' id='word_1_381' title='bbox 1115 2739 1159 2766; x_wconf 83' lang='lat'><strong>27.</strong></span> <span class='ocrx_word' id='word_1_382' title='bbox 1181 2730 1250 2758; x_wconf 83' lang='lat' dir='ltr'><strong>DE:</strong></span> <span class='ocrx_word' id='word_1_383' title='bbox 1272 2730 1335 2758; x_wconf 86' lang='lat' dir='ltr'><strong>suis</strong></span> <span class='ocrx_word' id='word_1_384' title='bbox 1355 2729 1515 2765; x_wconf 86' lang='lat' dir='ltr'><strong>apostolis.</strong></span> 
     </span>
     <span class='ocr_line' id='line_1_45' title="bbox 197 2764 1517 2832; baseline -0.005 -35"><span class='ocrx_word' id='word_1_385' title='bbox 197 2768 289 2832; x_wconf 46' lang='lat' dir='ltr'><strong>{8AE</strong></span> <span class='ocrx_word' id='word_1_386' title='bbox 308 2769 338 2797; x_wconf 89' lang='lat' dir='ltr'><strong>in</strong></span> <span class='ocrx_word' id='word_1_387' title='bbox 359 2777 474 2805; x_wconf 68' lang='lat' dir='ltr'><strong>marg:</strong></span> <span class='ocrx_word' id='word_1_388' title='bbox 494 2769 608 2805; x_wconf 82' lang='lat' dir='ltr'><strong>Regula</strong></span> <span class='ocrx_word' id='word_1_389' title='bbox 655 2768 754 2796; x_wconf 87' lang='lat' dir='ltr'><strong>bristi.</strong></span> <span class='ocrx_word' id='word_1_390' title='bbox 828 2775 875 2804; x_wconf 84' lang='lat'><strong>29.</strong></span> <span class='ocrx_word' id='word_1_391' title='bbox 897 2767 965 2795; x_wconf 85' lang='lat' dir='ltr'><strong>DE:</strong></span> <span class='ocrx_word' id='word_1_392' title='bbox 986 2767 1148 2803; x_wconf 86' lang='lat' dir='ltr'><strong>gaudeant.</strong></span> <span class='ocrx_word' id='word_1_393' title='bbox 1220 2764 1267 2794; x_wconf 84' lang='lat'><strong>30.</strong></span> <span class='ocrx_word' id='word_1_394' title='bbox 1288 2765 1356 2793; x_wconf 87' lang='lat' dir='ltr'><strong>DE:</strong></span> <span class='ocrx_word' id='word_1_395' title='bbox 1378 2765 1424 2791; x_wconf 84' lang='lat' dir='ltr'><strong>vel</strong></span> <span class='ocrx_word' id='word_1_396' title='bbox 1445 2772 1517 2791; x_wconf 89' lang='lat' dir='ltr'><strong>cou-</strong></span> 
     </span>
     <span class='ocr_line' id='line_1_46' title="bbox 213 2812 368 2832; baseline 0 -1"><span class='ocrx_word' id='word_1_397' title='bbox 213 2812 368 2832; x_wconf 79' lang='lat' dir='ltr'><strong>usmnem.</strong></span> 
     </span>
    </p>
   </div>
   <div class='ocr_carea' id='block_1_4' title="bbox 203 2871 1516 2957">
    <p class='ocr_par' dir='ltr' id='par_1_9' title="bbox 203 2871 1516 2957">
     <span class='ocr_line' id='line_1_47' title="bbox 270 2871 1516 2955; baseline -0.005 -47"><span class='ocrx_word' id='word_1_398' title='bbox 270 2874 323 2908; x_wconf 79' lang='lat'><strong>28.</strong></span> <span class='ocrx_word' id='word_1_399' title='bbox 349 2876 519 2955; x_wconf 71' lang='lat' dir='ltr'><strong>Vullgate:</strong></span> <span class='ocrx_word' id='word_1_400' title='bbox 563 2876 727 2908; x_wconf 86' lang='lat' dir='ltr'><strong>Gaudete</strong></span> <span class='ocrx_word' id='word_1_401' title='bbox 765 2879 883 2908; x_wconf 82' lang='lat' dir='ltr'><strong>autem</strong></span> <span class='ocrx_word' id='word_1_402' title='bbox 921 2875 1015 2917; x_wconf 80' lang='lat' dir='ltr'><strong><em>quod</em></strong></span> <span class='ocrx_word' id='word_1_403' title='bbox 1049 2874 1194 2907; x_wconf 80' lang='lat' dir='ltr'><strong>nomina</strong></span> <span class='ocrx_word' id='word_1_404' title='bbox 1228 2876 1347 2905; x_wconf 81' lang='lat' dir='ltr'><strong>vestra</strong></span> <span class='ocrx_word' id='word_1_405' title='bbox 1380 2871 1516 2912; x_wconf 81' lang='lat' dir='ltr'><strong>scripta</strong></span> 
     </span>
     <span class='ocr_line' id='line_1_48' title="bbox 203 2922 465 2957; baseline -0.008 0"><span class='ocrx_word' id='word_1_406' title='bbox 203 2927 284 2957; x_wconf 82' lang='lat' dir='ltr'><strong>sunt</strong></span> <span class='ocrx_word' id='word_1_407' title='bbox 310 2923 344 2955; x_wconf 85' lang='lat' dir='ltr'><strong>in</strong></span> <span class='ocrx_word' id='word_1_408' title='bbox 371 2932 408 2955; x_wconf 86' lang='lat' dir='ltr'><strong>ce</strong></span> <span class='ocrx_word' id='word_1_409' title='bbox 425 2922 465 2956; x_wconf 82' lang='lat' dir='ltr'><strong>is.</strong></span> 
     </span>
    </p>
   </div>
   <div class='ocr_carea' id='block_1_5' title="bbox 1531 1207 1789 1348">
    <p class='ocr_par' dir='ltr' id='par_1_10' title="bbox 1531 1207 1789 1348">
     <span class='ocr_line' id='line_1_49' title="bbox 1541 1207 1789 1234; baseline -0.004 0"><span class='ocrx_word' id='word_1_410' title='bbox 1541 1208 1679 1234; x_wconf 70' lang='lat' dir='ltr'><strong>Prolatos</strong></span> <span class='ocrx_word' id='word_1_411' title='bbox 1702 1207 1789 1234; x_wconf 80' lang='lat' dir='ltr'><strong>boast</strong></span> 
     </span>
     <span class='ocr_line' id='line_1_50' title="bbox 1531 1242 1787 1278; baseline -0.008 -8"><span class='ocrx_word' id='word_1_412' title='bbox 1531 1243 1565 1270; x_wconf 80' lang='lat' dir='ltr'><strong>of</strong></span> <span class='ocrx_word' id='word_1_413' title='bbox 1583 1251 1703 1278; x_wconf 69' lang='lat' dir='ltr'><strong>powers</strong></span> <span class='ocrx_word' id='word_1_414' title='bbox 1725 1242 1787 1269; x_wconf 80' lang='lat' dir='ltr'><strong>tlmt</strong></span> 
     </span>
     <span class='ocr_line' id='line_1_51' title="bbox 1556 1277 1761 1313; baseline -0.01 -8"><span class='ocrx_word' id='word_1_415' title='bbox 1556 1278 1627 1313; x_wconf 70' lang='lat' dir='ltr'><strong>they</strong></span> <span class='ocrx_word' id='word_1_416' title='bbox 1649 1277 1687 1304; x_wconf 75' lang='lat' dir='ltr'><strong>do</strong></span> <span class='ocrx_word' id='word_1_417' title='bbox 1710 1282 1761 1303; x_wconf 87' lang='lat' dir='ltr'><strong>not</strong></span> 
     </span>
     <span class='ocr_line' id='line_1_52' title="bbox 1594 1321 1729 1348; baseline 0 -10"><span class='ocrx_word' id='word_1_418' title='bbox 1594 1321 1729 1348; x_wconf 63' lang='lat' dir='ltr'><strong>possess.</strong></span> 
     </span>
    </p>
   </div>
  </div>
 </body>
</html>
