1986 3380
197 314 330 342 suano
347 304 469 362 xvim]
659 319 875 351 SECUNDA
903 321 1032 353 rixas.

196 425 312 461 sciret
362 437 432 474 que
483 433 517 463 et
568 426 690 475 qualis
734 434 789 462 est
832 427 971 463 mulier
1015 428 1138 477 ipsum
1185 436 1362 479 tangens,
1416 443 1504 466 cum

196 482 319 518 nichil
352 484 446 520 mali
480 485 526 520 de
560 483 719 520 Christo
753 484 946 532 implicat.
982 485 1045 522 Sic
1069 484 1229 536 (inquit)
1263 487 1399 523 omnia
1432 487 1506 524 ista

196 540 376 588 predicta
409 541 556 578 iudicia
600 554 680 577 non
724 551 814 578 sunt
860 544 1211 580 demonstracione
1257 545 1394 581 fulcita
1438 548 1506 582 sed

196 607 401 646 tamquam
448 599 672 647 probabilia
722 601 991 648 promulgata,
1032 601 1086 638 sic
1134 602 1330 651 (inquam)
1374 613 1506 650 posset

161 656 177 688 5
195 656 463 693 Antichristus
482 670 762 706 quemcunque
778 658 1003 706 proximum
1022 661 1068 696 de
1084 673 1324 709 quocunque
1341 661 1506 697 crimine

195 726 384 751 accusare
419 725 454 751 et
489 718 757 764 quodcunque
791 718 874 752 Deo
910 717 1096 764 possibile
1129 728 1279 754 temere
1319 718 1504 755 diffinire.

195 774 275 808 Nec
308 773 411 809 valet
445 775 551 821 quod
585 775 681 810 tales
705 787 785 809 non
808 775 1027 822 loquuntur
1056 776 1130 811 nisi
1160 776 1504 820 condicionaliter,

195 830 455 878 exprimendo
487 832 547 867 vel
581 832 720 868 saltem
755 832 1014 880 intelligendo
1049 834 1079 869 si
1113 843 1149 870 et
1180 844 1376 882 quatenus
1401 837 1506 871 Deus

194 888 377 933 voluerit,
412 889 505 936 quia
538 898 631 925 tunc
664 902 743 925 non
784 900 1059 938 presumerent
1098 905 1188 928 suas
1228 892 1507 929 absoluciones

140 956 179 979 10
195 947 255 982 vel
288 946 366 982 alia
398 956 651 983 sacramenta
683 949 853 984 vendere
887 950 946 985 vel
986 950 1114 986 celare
1153 962 1245 986 suas
1284 951 1506 987 sentencias

195 1016 215 1040 a
250 1004 399 1051 populo
434 1018 552 1052 quem
586 1007 753 1042 credunt
786 1018 828 1042 ex
860 1007 1087 1043 huiusmodi
1112 1020 1249 1044 sensus
1273 1008 1506 1055 ignorancia

194 1061 366 1109 graviter
390 1075 472 1098 esse
497 1064 721 1111 deceptum.
754 1064 817 1100 Sic
842 1064 945 1100 enim
972 1075 1107 1113 posset
1131 1066 1360 1114 quicunque
1383 1067 1507 1103 laicus

194 1121 241 1155 de
260 1132 501 1168 quocunque
524 1130 689 1169 peccato
713 1135 803 1158 vere
819 1122 968 1159 dicere:
995 1123 1034 1160 Si
1052 1126 1134 1160 Deo
1151 1124 1360 1172 placuerit,
1380 1125 1505 1161 libero

194 1187 230 1213 te
263 1179 312 1214 ab
346 1177 414 1214 illo
448 1187 484 1215 et
517 1180 703 1216 addendo
737 1180 856 1216 istum
896 1181 1112 1217 terminum
1152 1190 1348 1231 quatenus.
1396 1185 1507 1219 Patet

140 1235 300 1283 15quod
346 1235 604 1284 intelligendo
655 1237 785 1286 ipsum
837 1239 1124 1287 reduplicative
1168 1239 1248 1276 sive
1293 1241 1508 1277 causaliter

193 1306 284 1341 sepe
317 1293 497 1330 incidunt
531 1294 570 1330 in
609 1296 889 1344 blasphemum
925 1297 1178 1334 mendacium
1221 1297 1322 1334 sicut
1362 1299 1506 1346 primo.

193 1351 291 1397 Quis
326 1352 431 1388 enim
466 1353 669 1389 confessor
700 1355 760 1390 vel
801 1356 976 1402 prelatus
1017 1355 1184 1392 ecclesie
1229 1356 1303 1392 scit
1348 1357 1378 1392 si
1426 1359 1508 1393 vult

192 1410 224 1445 si
266 1411 326 1445 vel
371 1419 551 1458 quantum
597 1412 728 1459 placet
769 1414 864 1456 Deo,
906 1415 1013 1461 quod
1054 1415 1170 1450 datus
1211 1414 1414 1451 confessus
1458 1415 1507 1451 sit

192 1480 213 1503 a
273 1467 440 1504 crimine
498 1470 716 1505 absolutus.
783 1472 829 1506 Et
886 1470 925 1506 in
982 1471 1055 1507 ista
1112 1472 1361 1520 blasphemia
1414 1483 1506 1509 sunt

136 1525 332 1561 20fratres
385 1535 426 1561 ut
474 1527 693 1574 plurimum
743 1537 780 1563 et
822 1528 942 1564 nimis
987 1529 1099 1565 multi
1144 1530 1331 1566 ordinum
1377 1531 1505 1579 priva-

192 1592 338 1619 torum.
374 1585 564 1620 Statuunt
594 1585 697 1621 enim
728 1585 802 1622 sibi
838 1596 1045 1635 tamquam
1082 1589 1360 1635 blasphemum
1395 1589 1504 1636 prin-

192 1640 341 1689 cipium
376 1643 483 1689 quod
518 1655 561 1679 ex
594 1655 665 1679 sua
688 1643 951 1681 ordinacione
975 1658 1095 1693 quam
1120 1645 1298 1682 stabilire
1323 1647 1506 1683 nesciunt

192 1708 350 1746 oportet
374 1701 501 1736 Deum
525 1700 741 1738 intrantem
766 1702 1055 1739 fraternitatem
1086 1716 1197 1740 suam
1222 1717 1243 1740 a
1266 1717 1506 1753 quocunque

192 1757 396 1794 absolvere
442 1767 622 1806 peccato,
669 1769 705 1796 et
750 1759 789 1796 in
835 1760 976 1797 effectu
1023 1761 1160 1797 dicunt
1199 1764 1307 1810 quod
1341 1771 1506 1810 propter

137 1815 175 1848 25
192 1816 267 1851 hoc
313 1817 420 1864 quod
466 1816 648 1853 striccius
693 1818 921 1866 obligantur
966 1819 1186 1856 mendaciis
1230 1821 1506 1868 voluptatibus

192 1882 259 1909 aut
293 1874 634 1922 concupiscenciis
669 1876 881 1913 mundanis
915 1885 1004 1913 sunt
1029 1879 1112 1914 Deo
1146 1877 1236 1914 ideo
1262 1878 1388 1926 magis
1423 1879 1503 1915 cari

193 1940 229 1967 et
263 1944 284 1967 a
319 1932 470 1968 cunctis
504 1933 584 1969 suis
619 1933 854 1971 criminibus
887 1934 1060 1971 absoluti
1095 1935 1197 1972 sicut
1236 1937 1505 1981 absolventes;

193 1998 230 2025 et
262 1989 404 2037 prelati
439 1990 575 2027 dicunt
608 1992 740 2040 sepius
773 1992 812 2029 in
838 1993 979 2029 effectu
1004 1995 1111 2041 quod
1136 1994 1166 2030 si
1189 1993 1246 2030 vis
1281 1994 1379 2030 mihi
1413 1996 1506 2032 dare

192 2056 345 2084 tantam
380 2048 605 2096 pecuniam,
640 2051 846 2087 absolvam
880 2059 917 2087 te
940 2064 962 2087 a
985 2060 1097 2088 tanto
1121 2051 1288 2089 crimine
1314 2054 1502 2089 donando

135 2103 177 2136 30
193 2114 374 2153 optatam
415 2106 726 2155 indulgenciam.
772 2111 854 2145 Nec
899 2117 1059 2157 oportet
1098 2122 1218 2158 super
1262 2110 1337 2147 isto
1378 2113 1505 2147 Deum

194 2164 414 2209 consulere,
461 2165 554 2213 quia
598 2165 703 2202 istud
748 2166 902 2203 diffinio
947 2167 1027 2204 sive
1060 2169 1165 2204 Deus
1209 2168 1380 2205 voluerit
1424 2168 1504 2206 sive

192 2221 378 2258 noluerit.
424 2224 505 2259 Nec
538 2233 628 2260 sunt
668 2224 791 2273 aliqui
829 2225 890 2261 vel
928 2226 1046 2273 pauci
1087 2226 1153 2274 qui
1193 2226 1233 2262 in
1271 2226 1348 2263 ista
1388 2239 1508 2264 causa

194 2280 341 2316 audent
379 2281 439 2316 vel
477 2281 597 2318 tacite
635 2282 851 2330 segari-ire3
897 2283 1008 2319 cuius
1048 2297 1167 2321 causa
1212 2284 1405 2333 precipua
1449 2294 1506 2321 est

193 2337 361 2374 fratrum
402 2338 585 2386 prodicio
618 2340 685 2389 qui
718 2349 884 2388 propter
915 2350 1099 2389 questum
1134 2351 1170 2379 et
1202 2343 1348 2379 fastum
1381 2351 1507 2379 status

137 2393 177 2426 35
194 2395 347 2444 proprii
387 2405 478 2432 sunt
510 2397 550 2433 in
584 2410 703 2434 causa
736 2398 860 2446 patris
893 2399 952 2435 sui
986 2399 1275 2437 instantissime
1307 2401 1505 2437 advocati.

194 2455 242 2489 Et
286 2453 340 2489 hii
378 2463 469 2490 sunt
507 2455 659 2492 fructus
697 2456 921 2493 novitatum
960 2458 1090 2506 legum
1135 2467 1172 2495 et
1212 2458 1399 2495 ordinum
1440 2459 1507 2507 qui

193 2511 298 2548 ultra
330 2512 564 2560 religionem
598 2513 747 2551 Christi
779 2523 870 2551 sunt
909 2514 948 2551 in
987 2516 1151 2552 ecclesie
1189 2516 1343 2553 noviter
1384 2517 1507 2553 intro-

195 2569 322 2615 ducti3
358 2579 394 2606 et
422 2570 576 2608 utinam
600 2571 701 2609 sicut
723 2585 820 2609 voce
843 2573 1051 2621 predicant
1075 2575 1183 2623 quod
1206 2587 1343 2611 eorum
1368 2575 1507 2623 religio

195 2636 253 2663 est
284 2628 505 2675 perfeccior
537 2643 657 2678 quam
691 2630 910 2668 christiana
933 2631 1072 2680 religio
1095 2632 1312 2681 primitiva,
1344 2633 1399 2670 sic
1423 2632 1507 2670 sine

263 2771 288 2800 5.
308 2773 353 2800 A:
374 2781 558 2810 quocunque
577 2775 670 2802 deest.
736 2784 776 2803 ιο.
797 2776 865 2804 DE:
887 2777 996 2805 colare.
1061 2786 1094 2805 n.
1115 2778 1160 2805 A:
1182 2778 1267 2805 modi
1288 2778 1386 2810 deest;
1409 2778 1448 2805 ib.
1464 2777 1506 2805 E:

193 2807 372 2841 ignorancia
392 2808 485 2835 deest.
635 2810 673 2838 15.
695 2811 718 2837 E
738 2811 767 2838 in
790 2819 903 2847 marg:
925 2811 1121 2847 Blasphemia
1142 2813 1191 2839 hic
1210 2812 1346 2848 tangitur
1364 2812 1504 2850 fratrum.

195 2841 290 2876 17,18.
312 2841 380 2869 DE:
401 2842 520 2870 dubitat
540 2843 612 2878 quin
635 2845 659 2871 si
680 2845 725 2872 vel
747 2850 913 2881 quamtum
934 2848 978 2874 A:
1000 2847 1063 2874 vult
1083 2851 1243 2882 quantum.
1317 2855 1364 2880 24.
1385 2846 1454 2874 DE:
1475 2855 1505 2873 in

180 2876 287 2903 ¹deest.
342 2875 388 2904 30.
403 2878 432 2904 A
446 2877 476 2905 in
492 2886 605 2917 marg:
622 2878 738 2907 Contra
753 2880 876 2908 ordines
891 2885 919 2908 ct
933 2881 970 2908 de
985 2881 1155 2916 atti-icione‚
1172 2881 1371 2916 contricione,
1388 2881 1506 2908 confes-

194 2910 290 2945 sione,
306 2911 503 2939 absolucione
516 2917 544 2940 et
556 2913 770 2949 lndulgenciis.
809 2913 851 2942 32.
864 2916 908 2943 A:
924 2915 1008 2942 nolit.
1046 2914 1089 2943 33.
1101 2916 1146 2944 A:
1167 2916 1390 2951 regamvire(!5;
1406 2915 1445 2943 E:
1461 2923 1506 2942 re-

194 2953 328 2980 gamere.
391 2944 436 2980 34.
457 2947 502 2975 A:
523 2947 706 2982 predicacio.
772 2948 817 2977 36.
838 2950 883 2977 A:
905 2958 972 2985 que.
1035 2949 1082 2985 39.
1102 2951 1146 2978 A:
1168 2955 1213 2978 est
1231 2966 1264 2970 -
1285 2950 1390 2985 religio
1411 2950 1505 2977 deest.

1719 318 1792 365 139

1522 788 1545 814 Il
1567 789 1591 815 is
1613 799 1651 816 no
1672 790 1795 816 desence

1523 828 1552 850 10
1574 834 1625 859 say
1645 824 1707 851 that
1726 825 1794 860 they

1522 860 1646 886 absolxc
1668 860 1715 886 ''il‘
1736 861 1793 886 and

1540 904 1573 921 so
1595 895 1638 921 sur
1659 903 1691 920 as
1713 894 1780 922 God

1605 929 1712 957 xxillAE'.

1546 1603 1769 1637 lssasplicmous

1521 1638 1628 1665 cluinls
1645 1638 1795 1668 01³1‘riars⁴

1566 2058 1599 2084 οἱ
1619 2057 1759 2091 prelatos.
