<?xml version="1.0" encoding="UTF-8"?>
<!DOCTYPE html PUBLIC "-//W3C//DTD XHTML 1.0 Transitional//EN"
    "http://www.w3.org/TR/xhtml1/DTD/xhtml1-transitional.dtd">
<html xmlns="http://www.w3.org/1999/xhtml" xml:lang="en" lang="en">
 <head>
  <title>
</title>
<meta http-equiv="Content-Type" content="text/html;charset=utf-8" />
  <meta name='ocr-system' content='tesseract 3.04.00' />
  <meta name='ocr-capabilities' content='ocr_page ocr_carea ocr_par ocr_line ocrx_word'/>
</head>
<body>
  <div class='ocr_page' id='page_1' title='image "./iohanniswyclifse0702wycl_0207.png"; bbox 0 0 1986 3380; ppageno 0'>
   <div class='ocr_carea' id='block_1_1' title="bbox 189 286 1020 342">
    <p class='ocr_par' dir='ltr' id='par_1_1' title="bbox 189 286 1020 342">
     <span class='ocr_line' id='line_1_1' title="bbox 189 286 1020 342; baseline -0.004 -15"><span class='ocrx_word' id='word_1_1' title='bbox 189 297 322 326; x_wconf 82' lang='lat' dir='ltr'>SERMO</span> <span class='ocrx_word' id='word_1_2' title='bbox 344 286 468 342; x_wconf 60' lang='lat' dir='ltr'>xxiv]</span> <span class='ocrx_word' id='word_1_3' title='bbox 653 295 864 327; x_wconf 72' lang='lat' dir='ltr'>sECUNnA</span> <span class='ocrx_word' id='word_1_4' title='bbox 895 294 1020 325; x_wconf 62' lang='lat' dir='ltr'>mas.</span> 
     </span>
    </p>
   </div>
   <div class='ocr_carea' id='block_1_2' title="bbox 130 398 1508 2645">
    <p class='ocr_par' dir='ltr' id='par_1_2' title="bbox 130 398 1508 2645">
     <span class='ocr_line' id='line_1_2' title="bbox 187 398 1497 446; baseline -0.009 -3"><span class='ocrx_word' id='word_1_5' title='bbox 187 406 396 442; x_wconf 82' lang='lat' dir='ltr'>cuiuslibet</span> <span class='ocrx_word' id='word_1_6' title='bbox 443 402 625 440; x_wconf 81' lang='lat' dir='ltr'>officiarii</span> <span class='ocrx_word' id='word_1_7' title='bbox 670 401 709 437; x_wconf 89' lang='lat' dir='ltr'>in</span> <span class='ocrx_word' id='word_1_8' title='bbox 754 402 859 436; x_wconf 85' lang='lat' dir='ltr'>clero</span> <span class='ocrx_word' id='word_1_9' title='bbox 904 408 1051 435; x_wconf 86' lang='lat' dir='ltr'>statum</span> <span class='ocrx_word' id='word_1_10' title='bbox 1098 398 1298 446; x_wconf 85' lang='lat' dir='ltr'>accipiens</span> <span class='ocrx_word' id='word_1_11' title='bbox 1325 405 1497 444; x_wconf 78' lang='lat' dir='ltr'>,partem</span> 
     </span>
     <span class='ocr_line' id='line_1_3' title="bbox 186 453 1499 512; baseline -0.009 -12"><span class='ocrx_word' id='word_1_12' title='bbox 186 476 414 512; x_wconf 85' lang='lat' dir='ltr'>supremam</span> <span class='ocrx_word' id='word_1_13' title='bbox 462 470 497 498; x_wconf 86' lang='lat' dir='ltr'>et</span> <span class='ocrx_word' id='word_1_14' title='bbox 541 460 614 496; x_wconf 91' lang='lat' dir='ltr'>sibi</span> <span class='ocrx_word' id='word_1_15' title='bbox 665 458 886 506; x_wconf 75' lang='lat' dir='ltr'>proximam</span> <span class='ocrx_word' id='word_1_16' title='bbox 940 456 1164 495; x_wconf 71' lang='lat' dir='ltr'>adiuvaret:</span> <span class='ocrx_word' id='word_1_17' title='bbox 1219 464 1255 491; x_wconf 94' lang='lat' dir='ltr'>et</span> <span class='ocrx_word' id='word_1_18' title='bbox 1308 467 1397 490; x_wconf 84' lang='lat' dir='ltr'>cum</span> <span class='ocrx_word' id='word_1_19' title='bbox 1452 453 1499 489; x_wconf 89' lang='lat' dir='ltr'>sit</span> 
     </span>
     <span class='ocr_line' id='line_1_4' title="bbox 188 512 1500 564; baseline -0.009 -6"><span class='ocrx_word' id='word_1_20' title='bbox 188 522 367 558; x_wconf 75' lang='lat' dir='ltr'>minister</span> <span class='ocrx_word' id='word_1_21' title='bbox 406 531 597 563; x_wconf 86' lang='lat' dir='ltr'>summus,</span> <span class='ocrx_word' id='word_1_22' title='bbox 644 525 751 564; x_wconf 85' lang='lat' dir='ltr'>patet</span> <span class='ocrx_word' id='word_1_23' title='bbox 798 517 903 564; x_wconf 82' lang='lat' dir='ltr'>quod</span> <span class='ocrx_word' id='word_1_24' title='bbox 949 523 1030 550; x_wconf 86' lang='lat' dir='ltr'>tam</span> <span class='ocrx_word' id='word_1_25' title='bbox 1078 513 1153 549; x_wconf 83' lang='lat' dir='ltr'>illis</span> <span class='ocrx_word' id='word_1_26' title='bbox 1199 525 1319 561; x_wconf 80' lang='lat' dir='ltr'>quam</span> <span class='ocrx_word' id='word_1_27' title='bbox 1365 512 1500 548; x_wconf 81' lang='lat' dir='ltr'>infime</span> 
     </span>
     <span class='ocr_line' id='line_1_5' title="bbox 191 569 1499 627; baseline -0.009 -11"><span class='ocrx_word' id='word_1_28' title='bbox 191 579 290 627; x_wconf 81' lang='lat' dir='ltr'>parti</span> <span class='ocrx_word' id='word_1_29' title='bbox 316 578 480 615; x_wconf 74' lang='lat' dir='ltr'><strong>ecclesie</strong></span> <span class='ocrx_word' id='word_1_30' title='bbox 506 575 762 612; x_wconf 78' lang='lat' dir='ltr'>ministraret.</span> <span class='ocrx_word' id='word_1_31' title='bbox 796 576 896 609; x_wconf 82' lang='lat' dir='ltr'>Nam</span> <span class='ocrx_word' id='word_1_32' title='bbox 924 574 1028 608; x_wconf 74' lang='lat' dir='ltr'>Luce</span> <span class='ocrx_word' id='word_1_33' title='bbox 1051 573 1189 616; x_wconf 78' lang='lat' dir='ltr'>XXII0,</span> <span class='ocrx_word' id='word_1_34' title='bbox 1218 580 1266 618; x_wconf 84' lang='lat'>27</span> <span class='ocrx_word' id='word_1_35' title='bbox 1294 569 1499 606; x_wconf 81' lang='lat' dir='ltr'>scribitur:</span> 
     </span>
     <span class='ocr_line' id='line_1_6' title="bbox 155 628 1502 687; baseline -0.009 -14"><span class='ocrx_word' id='word_1_36' title='bbox 155 638 277 687; x_wconf 53' lang='lat' dir='ltr'>&amp;Ego</span> <span class='ocrx_word' id='word_1_37' title='bbox 315 644 440 672; x_wconf 73' lang='lat' dir='ltr'>autem</span> <span class='ocrx_word' id='word_1_38' title='bbox 481 636 515 670; x_wconf 86' lang='lat' dir='ltr'>in</span> <span class='ocrx_word' id='word_1_39' title='bbox 555 633 678 669; x_wconf 79' lang='lat' dir='ltr'>medio</span> <span class='ocrx_word' id='word_1_40' title='bbox 720 639 887 668; x_wconf 70' lang='lat' dir='ltr'>vestrum</span> <span class='ocrx_word' id='word_1_41' title='bbox 922 643 1020 675; x_wconf 79' lang='lat' dir='ltr'>sum,</span> <span class='ocrx_word' id='word_1_42' title='bbox 1058 630 1154 665; x_wconf 76' lang='lat' dir='ltr'>sicut</span> <span class='ocrx_word' id='word_1_43' title='bbox 1195 629 1258 677; x_wconf 79' lang='lat' dir='ltr'>qui</span> <span class='ocrx_word' id='word_1_44' title='bbox 1289 628 1502 665; x_wconf 73' lang='lat' dir='ltr'>ministrat,-</span> 
     </span>
     <span class='ocr_line' id='line_1_7' title="bbox 189 685 1500 743; baseline -0.008 -13"><span class='ocrx_word' id='word_1_45' title='bbox 189 696 395 743; x_wconf 75' lang='lat' dir='ltr'>ubicunque</span> <span class='ocrx_word' id='word_1_46' title='bbox 426 701 550 729; x_wconf 73' lang='lat' dir='ltr'>autem</span> <span class='ocrx_word' id='word_1_47' title='bbox 586 692 659 726; x_wconf 77' lang='lat' dir='ltr'>duo</span> <span class='ocrx_word' id='word_1_48' title='bbox 695 690 753 725; x_wconf 75' lang='lat' dir='ltr'>vel</span> <span class='ocrx_word' id='word_1_49' title='bbox 785 697 863 725; x_wconf 73' lang='lat' dir='ltr'>tres</span> <span class='ocrx_word' id='word_1_50' title='bbox 896 686 1309 738; x_wconf 65' lang='lat' dir='ltr'>congregatisuerint</span> <span class='ocrx_word' id='word_1_51' title='bbox 1343 686 1391 721; x_wconf 83' lang='lat' dir='ltr'>ad</span> <span class='ocrx_word' id='word_1_52' title='bbox 1427 685 1500 720; x_wconf 86' lang='lat' dir='ltr'>hoc</span> 
     </span>
     <span class='ocr_line' id='line_1_8' title="bbox 187 743 1501 801; baseline -0.008 -13"><span class='ocrx_word' id='word_1_53' title='bbox 187 766 301 800; x_wconf 83' lang='lat' dir='ltr'>opus,</span> <span class='ocrx_word' id='word_1_54' title='bbox 334 753 413 801; x_wconf 76' lang='lat' dir='ltr'>ipse</span> <span class='ocrx_word' id='word_1_55' title='bbox 444 758 499 787; x_wconf 78' lang='lat' dir='ltr'>est</span> <span class='ocrx_word' id='word_1_56' title='bbox 531 750 566 785; x_wconf 85' lang='lat' dir='ltr'>in</span> <span class='ocrx_word' id='word_1_57' title='bbox 600 748 723 784; x_wconf 77' lang='lat' dir='ltr'>medio</span> <span class='ocrx_word' id='word_1_58' title='bbox 768 760 899 783; x_wconf 76' lang='lat' dir='ltr'>eorum</span> <span class='ocrx_word' id='word_1_59' title='bbox 946 744 1194 781; x_wconf 85' lang='lat' dir='ltr'>humillimus</span> <span class='ocrx_word' id='word_1_60' title='bbox 1240 743 1501 780; x_wconf 82' lang='lat' dir='ltr'>ministrator.</span> 
     </span>
     <span class='ocr_line' id='line_1_9' title="bbox 188 801 1500 859; baseline -0.009 -12"><span class='ocrx_word' id='word_1_61' title='bbox 188 813 234 846; x_wconf 89' lang='lat' dir='ltr'>Et</span> <span class='ocrx_word' id='word_1_62' title='bbox 268 810 401 859; x_wconf 82' lang='lat' dir='ltr'>quoad</span> <span class='ocrx_word' id='word_1_63' title='bbox 435 809 584 845; x_wconf 88' lang='lat' dir='ltr'>clerum</span> <span class='ocrx_word' id='word_1_64' title='bbox 619 806 725 854; x_wconf 89' lang='lat' dir='ltr'>quod</span> <span class='ocrx_word' id='word_1_65' title='bbox 759 805 859 840; x_wconf 78' lang='lat' dir='ltr'>foret</span> <span class='ocrx_word' id='word_1_66' title='bbox 884 803 1067 852; x_wconf 81' lang='lat' dir='ltr'>paracius</span> <span class='ocrx_word' id='word_1_67' title='bbox 1092 801 1356 838; x_wconf 87' lang='lat' dir='ltr'>ministerium</span> <span class='ocrx_word' id='word_1_68' title='bbox 1381 813 1500 849; x_wconf 84' lang='lat' dir='ltr'>quam</span> 
     </span>
     <span class='ocr_line' id='line_1_10' title="bbox 189 858 1503 916; baseline -0.008 -11"><span class='ocrx_word' id='word_1_69' title='bbox 189 868 363 916; x_wconf 87' lang='lat' dir='ltr'>primum</span> <span class='ocrx_word' id='word_1_70' title='bbox 409 867 529 903; x_wconf 88' lang='lat' dir='ltr'>linteo</span> <span class='ocrx_word' id='word_1_71' title='bbox 573 877 612 901; x_wconf 89' lang='lat' dir='ltr'>se</span> <span class='ocrx_word' id='word_1_72' title='bbox 648 864 804 911; x_wconf 68' lang='lat' dir='ltr'>cingere</span> <span class='ocrx_word' id='word_1_73' title='bbox 843 871 879 898; x_wconf 88' lang='lat' dir='ltr'>et</span> <span class='ocrx_word' id='word_1_74' title='bbox 915 862 1095 897; x_wconf 89' lang='lat' dir='ltr'>omnium</span> <span class='ocrx_word' id='word_1_75' title='bbox 1141 873 1304 897; x_wconf 89' lang='lat' dir='ltr'>suorum</span> <span class='ocrx_word' id='word_1_76' title='bbox 1344 858 1503 907; x_wconf 63' lang='lat' dir='ltr'>›episco-</span> 
     </span>
     <span class='ocr_line' id='line_1_11' title="bbox 133 916 1503 974; baseline -0.006 -14"><span class='ocrx_word' id='word_1_77' title='bbox 133 939 171 960; x_wconf 88' lang='lat'>10</span> <span class='ocrx_word' id='word_1_78' title='bbox 187 940 328 974; x_wconf 90' lang='lat' dir='ltr'>porum</span> <span class='ocrx_word' id='word_1_79' title='bbox 365 927 485 973; x_wconf 88' lang='lat' dir='ltr'>pedes</span> <span class='ocrx_word' id='word_1_80' title='bbox 519 925 650 959; x_wconf 87' lang='lat' dir='ltr'>lavare</span> <span class='ocrx_word' id='word_1_81' title='bbox 684 931 720 957; x_wconf 87' lang='lat' dir='ltr'>et</span> <span class='ocrx_word' id='word_1_82' title='bbox 753 921 935 956; x_wconf 89' lang='lat' dir='ltr'>ordinate</span> <span class='ocrx_word' id='word_1_83' title='bbox 968 929 1168 967; x_wconf 73' lang='lat' dir='ltr'>extergere</span> <span class='ocrx_word' id='word_1_84' title='bbox 1208 918 1324 963; x_wconf 68' lang='lat' dir='ltr'>(sicut</span> <span class='ocrx_word' id='word_1_85' title='bbox 1358 916 1503 952; x_wconf 88' lang='lat' dir='ltr'>dicitur</span> 
     </span>
     <span class='ocr_line' id='line_1_12' title="bbox 184 975 1503 1028; baseline -0.008 -8"><span class='ocrx_word' id='word_1_86' title='bbox 184 983 376 1020; x_wconf 83' lang='lat' dir='ltr'>Johannis</span> <span class='ocrx_word' id='word_1_87' title='bbox 400 984 532 1027; x_wconf 74' lang='lat' dir='ltr'>X1110).</span> <span class='ocrx_word' id='word_1_88' title='bbox 567 983 615 1016; x_wconf 92' lang='lat' dir='ltr'>Et</span> <span class='ocrx_word' id='word_1_89' title='bbox 648 981 781 1028; x_wconf 86' lang='lat' dir='ltr'>quoad</span> <span class='ocrx_word' id='word_1_90' title='bbox 815 979 1012 1015; x_wconf 83' lang='lat' dir='ltr'>seculares</span> <span class='ocrx_word' id='word_1_91' title='bbox 1045 977 1230 1013; x_wconf 88' lang='lat' dir='ltr'>dominos</span> <span class='ocrx_word' id='word_1_92' title='bbox 1264 984 1372 1023; x_wconf 87' lang='lat' dir='ltr'>patet</span> <span class='ocrx_word' id='word_1_93' title='bbox 1396 975 1503 1023; x_wconf 89' lang='lat' dir='ltr'>quod</span> 
     </span>
     <span class='ocr_line' id='line_1_13' title="bbox 185 1033 1502 1088; baseline -0.008 -10"><span class='ocrx_word' id='word_1_94' title='bbox 185 1055 304 1078; x_wconf 90' lang='lat' dir='ltr'>nemo</span> <span class='ocrx_word' id='word_1_95' title='bbox 329 1041 423 1088; x_wconf 84' lang='lat' dir='ltr'>ipsis</span> <span class='ocrx_word' id='word_1_96' title='bbox 446 1038 584 1075; x_wconf 84' lang='lat' dir='ltr'>tribuit</span> <span class='ocrx_word' id='word_1_97' title='bbox 609 1038 819 1086; x_wconf 74' lang='lat' dir='ltr'>didragma</span> <span class='ocrx_word' id='word_1_98' title='bbox 842 1035 1039 1085; x_wconf 82' lang='lat' dir='ltr'>paracius‚</span> <span class='ocrx_word' id='word_1_99' title='bbox 1071 1033 1331 1072; x_wconf 80' lang='lat' dir='ltr'>auctorizavit</span> <span class='ocrx_word' id='word_1_100' title='bbox 1355 1041 1502 1069; x_wconf 88' lang='lat' dir='ltr'>statum</span> 
     </span>
     <span class='ocr_line' id='line_1_14' title="bbox 187 1091 1504 1146; baseline -0.008 -10"><span class='ocrx_word' id='word_1_101' title='bbox 187 1113 324 1136; x_wconf 90' lang='lat' dir='ltr'>eorum</span> <span class='ocrx_word' id='word_1_102' title='bbox 360 1097 579 1146; x_wconf 81' lang='lat' dir='ltr'>expressius</span> <span class='ocrx_word' id='word_1_103' title='bbox 617 1097 678 1133; x_wconf 87' lang='lat' dir='ltr'>vel</span> <span class='ocrx_word' id='word_1_104' title='bbox 720 1095 923 1132; x_wconf 83' lang='lat' dir='ltr'>mandavit</span> <span class='ocrx_word' id='word_1_105' title='bbox 969 1093 1176 1138; x_wconf 81' lang='lat' dir='ltr'>tributum,</span> <span class='ocrx_word' id='word_1_106' title='bbox 1223 1091 1392 1140; x_wconf 74' lang='lat' dir='ltr'>pedagia</span> <span class='ocrx_word' id='word_1_107' title='bbox 1437 1098 1504 1126; x_wconf 87' lang='lat' dir='ltr'>aut</span> 
     </span>
     <span class='ocr_line' id='line_1_15' title="bbox 187 1150 1504 1194; baseline -0.007 -1"><span class='ocrx_word' id='word_1_108' title='bbox 187 1157 263 1194; x_wconf 86' lang='lat' dir='ltr'>alia</span> <span class='ocrx_word' id='word_1_109' title='bbox 296 1157 548 1193; x_wconf 85' lang='lat' dir='ltr'>subditorum</span> <span class='ocrx_word' id='word_1_110' title='bbox 584 1153 805 1191; x_wconf 87' lang='lat' dir='ltr'>ministeria</span> <span class='ocrx_word' id='word_1_111' title='bbox 840 1152 893 1189; x_wconf 83' lang='lat' dir='ltr'>eis</span> <span class='ocrx_word' id='word_1_112' title='bbox 927 1154 1021 1189; x_wconf 83' lang='lat' dir='ltr'>dare</span> <span class='ocrx_word' id='word_1_113' title='bbox 1056 1150 1258 1187; x_wconf 65' lang='lat' dir='ltr'>humilius</span> <span class='ocrx_word' id='word_1_114' title='bbox 1299 1151 1504 1186; x_wconf 84' lang='lat' dir='ltr'>Tenentur</span> 
     </span>
     <span class='ocr_line' id='line_1_16' title="bbox 135 1207 1503 1263; baseline -0.006 -13"><span class='ocrx_word' id='word_1_115' title='bbox 135 1218 169 1250; x_wconf 83' lang='lat'>15</span> <span class='ocrx_word' id='word_1_116' title='bbox 188 1229 279 1263; x_wconf 74' lang='lat' dir='ltr'>ergo</span> <span class='ocrx_word' id='word_1_117' title='bbox 326 1228 368 1251; x_wconf 81' lang='lat' dir='ltr'>ex</span> <span class='ocrx_word' id='word_1_118' title='bbox 413 1215 497 1262; x_wconf 72' lang='lat' dir='ltr'>lege</span> <span class='ocrx_word' id='word_1_119' title='bbox 541 1212 796 1261; x_wconf 80' lang='lat' dir='ltr'>gratitudinis</span> <span class='ocrx_word' id='word_1_120' title='bbox 847 1210 920 1247; x_wconf 86' lang='lat' dir='ltr'>sibi</span> <span class='ocrx_word' id='word_1_121' title='bbox 972 1209 1191 1246; x_wconf 86' lang='lat' dir='ltr'>retribuere</span> <span class='ocrx_word' id='word_1_122' title='bbox 1237 1207 1503 1244; x_wconf 86' lang='lat' dir='ltr'>ministerium</span> 
     </span>
     <span class='ocr_line' id='line_1_17' title="bbox 188 1264 1504 1310; baseline -0.008 0"><span class='ocrx_word' id='word_1_123' title='bbox 188 1273 374 1310; x_wconf 86' lang='lat' dir='ltr'>devocius</span> <span class='ocrx_word' id='word_1_124' title='bbox 407 1285 488 1308; x_wconf 91' lang='lat' dir='ltr'>non</span> <span class='ocrx_word' id='word_1_125' title='bbox 521 1273 705 1307; x_wconf 86' lang='lat' dir='ltr'>obstante</span> <span class='ocrx_word' id='word_1_126' title='bbox 738 1269 882 1305; x_wconf 91' lang='lat' dir='ltr'>timore</span> <span class='ocrx_word' id='word_1_127' title='bbox 921 1268 1051 1305; x_wconf 86' lang='lat' dir='ltr'>fallaci</span> <span class='ocrx_word' id='word_1_128' title='bbox 1089 1268 1150 1304; x_wconf 76' lang='lat' dir='ltr'>vel</span> <span class='ocrx_word' id='word_1_129' title='bbox 1190 1264 1504 1303; x_wconf 87' lang='lat' dir='ltr'>comminatorio</span> 
     </span>
     <span class='ocr_line' id='line_1_18' title="bbox 186 1323 1504 1368; baseline -0.007 0"><span class='ocrx_word' id='word_1_130' title='bbox 186 1331 431 1368; x_wconf 82' lang='lat' dir='ltr'>Antichristi.</span> <span class='ocrx_word' id='word_1_131' title='bbox 468 1330 531 1366; x_wconf 81' lang='lat' dir='ltr'>Sic</span> <span class='ocrx_word' id='word_1_132' title='bbox 567 1329 671 1365; x_wconf 90' lang='lat' dir='ltr'>enim</span> <span class='ocrx_word' id='word_1_133' title='bbox 705 1341 786 1364; x_wconf 91' lang='lat' dir='ltr'>non</span> <span class='ocrx_word' id='word_1_134' title='bbox 819 1328 948 1363; x_wconf 88' lang='lat' dir='ltr'>forent</span> <span class='ocrx_word' id='word_1_135' title='bbox 972 1327 1169 1363; x_wconf 84' lang='lat' dir='ltr'>seculares</span> <span class='ocrx_word' id='word_1_136' title='bbox 1194 1323 1348 1361; x_wconf 86' lang='lat' dir='ltr'>domini</span> <span class='ocrx_word' id='word_1_137' title='bbox 1370 1336 1504 1360; x_wconf 87' lang='lat' dir='ltr'>neces-</span> 
     </span>
     <span class='ocr_line' id='line_1_19' title="bbox 186 1382 1503 1436; baseline -0.006 -11"><span class='ocrx_word' id='word_1_138' title='bbox 186 1390 292 1426; x_wconf 84' lang='lat' dir='ltr'>sitati</span> <span class='ocrx_word' id='word_1_139' title='bbox 326 1402 417 1426; x_wconf 90' lang='lat' dir='ltr'>suos</span> <span class='ocrx_word' id='word_1_140' title='bbox 451 1400 647 1436; x_wconf 80' lang='lat' dir='ltr'>pauperes</span> <span class='ocrx_word' id='word_1_141' title='bbox 680 1386 853 1434; x_wconf 83' lang='lat' dir='ltr'>spoliare</span> <span class='ocrx_word' id='word_1_142' title='bbox 886 1398 957 1421; x_wconf 87' lang='lat' dir='ltr'>nec</span> <span class='ocrx_word' id='word_1_143' title='bbox 982 1385 1130 1421; x_wconf 78' lang='lat' dir='ltr'>alienas</span> <span class='ocrx_word' id='word_1_144' title='bbox 1155 1393 1280 1419; x_wconf 83' lang='lat' dir='ltr'>terras</span> <span class='ocrx_word' id='word_1_145' title='bbox 1303 1382 1503 1427; x_wconf 80' lang='lat' dir='ltr'>invadere,</span> 
     </span>
     <span class='ocr_line' id='line_1_20' title="bbox 186 1442 1503 1488; baseline -0.007 -4"><span class='ocrx_word' id='word_1_146' title='bbox 186 1450 253 1484; x_wconf 87' lang='lat' dir='ltr'>sed</span> <span class='ocrx_word' id='word_1_147' title='bbox 299 1449 346 1483; x_wconf 87' lang='lat' dir='ltr'>de</span> <span class='ocrx_word' id='word_1_148' title='bbox 395 1459 466 1482; x_wconf 87' lang='lat' dir='ltr'>suo</span> <span class='ocrx_word' id='word_1_149' title='bbox 512 1446 618 1481; x_wconf 88' lang='lat' dir='ltr'>clero</span> <span class='ocrx_word' id='word_1_150' title='bbox 662 1444 817 1481; x_wconf 74' lang='lat' dir='ltr'>vivente</span> <span class='ocrx_word' id='word_1_151' title='bbox 863 1443 1021 1479; x_wconf 86' lang='lat' dir='ltr'>Christo</span> <span class='ocrx_word' id='word_1_152' title='bbox 1074 1442 1244 1478; x_wconf 84' lang='lat' dir='ltr'>similius</span> <span class='ocrx_word' id='word_1_153' title='bbox 1294 1450 1503 1488; x_wconf 83' lang='lat' dir='ltr'>tamquam</span> 
     </span>
     <span class='ocr_line' id='line_1_21' title="bbox 130 1498 1506 1553; baseline -0.007 -11"><span class='ocrx_word' id='word_1_154' title='bbox 130 1505 383 1553; x_wconf 82' lang='lat' dir='ltr'>20spirituali</span> <span class='ocrx_word' id='word_1_155' title='bbox 418 1504 581 1552; x_wconf 89' lang='lat' dir='ltr'>speculo</span> <span class='ocrx_word' id='word_1_156' title='bbox 616 1511 755 1539; x_wconf 89' lang='lat' dir='ltr'>contra</span> <span class='ocrx_word' id='word_1_157' title='bbox 800 1501 924 1537; x_wconf 90' lang='lat' dir='ltr'>hostis</span> <span class='ocrx_word' id='word_1_158' title='bbox 970 1500 1134 1536; x_wconf 82' lang='lat' dir='ltr'>insidias</span> <span class='ocrx_word' id='word_1_159' title='bbox 1179 1512 1219 1536; x_wconf 92' lang='lat' dir='ltr'>se</span> <span class='ocrx_word' id='word_1_160' title='bbox 1263 1499 1410 1535; x_wconf 87' lang='lat' dir='ltr'>iuvare.</span> <span class='ocrx_word' id='word_1_161' title='bbox 1457 1498 1506 1533; x_wconf 88' lang='lat' dir='ltr'>Et</span> 
     </span>
     <span class='ocr_line' id='line_1_22' title="bbox 185 1556 1503 1606; baseline -0.006 -7"><span class='ocrx_word' id='word_1_162' title='bbox 185 1564 240 1600; x_wconf 87' lang='lat' dir='ltr'>sic</span> <span class='ocrx_word' id='word_1_163' title='bbox 274 1562 454 1599; x_wconf 87' lang='lat' dir='ltr'>Christus</span> <span class='ocrx_word' id='word_1_164' title='bbox 488 1562 664 1597; x_wconf 87' lang='lat' dir='ltr'>traheret</span> <span class='ocrx_word' id='word_1_165' title='bbox 697 1561 746 1596; x_wconf 80' lang='lat' dir='ltr'>ad</span> <span class='ocrx_word' id='word_1_166' title='bbox 781 1572 820 1595; x_wconf 92' lang='lat' dir='ltr'>se</span> <span class='ocrx_word' id='word_1_167' title='bbox 844 1558 1047 1606; x_wconf 82' lang='lat' dir='ltr'>copiosius</span> <span class='ocrx_word' id='word_1_168' title='bbox 1072 1570 1142 1606; x_wconf 87' lang='lat' dir='ltr'>per</span> <span class='ocrx_word' id='word_1_169' title='bbox 1166 1556 1503 1593; x_wconf 83' lang='lat' dir='ltr'>rectificacionem</span> 
     </span>
     <span class='ocr_line' id='line_1_23' title="bbox 186 1616 1505 1667; baseline -0.007 -9"><span class='ocrx_word' id='word_1_170' title='bbox 186 1621 349 1658; x_wconf 88' lang='lat' dir='ltr'>ecclesie</span> <span class='ocrx_word' id='word_1_171' title='bbox 394 1619 467 1656; x_wconf 89' lang='lat' dir='ltr'>sibi</span> <span class='ocrx_word' id='word_1_172' title='bbox 513 1619 694 1667; x_wconf 84' lang='lat' dir='ltr'>proxime</span> <span class='ocrx_word' id='word_1_173' title='bbox 741 1617 877 1653; x_wconf 84' lang='lat' dir='ltr'>omnia</span> <span class='ocrx_word' id='word_1_174' title='bbox 921 1628 1066 1664; x_wconf 70' lang='lat' dir='ltr'>genera</span> <span class='ocrx_word' id='word_1_175' title='bbox 1111 1616 1373 1663; x_wconf 87' lang='lat' dir='ltr'>reliquorum.</span> <span class='ocrx_word' id='word_1_176' title='bbox 1424 1617 1505 1650; x_wconf 91' lang='lat' dir='ltr'>Nec</span> 
     </span>
     <span class='ocr_line' id='line_1_24' title="bbox 187 1672 1504 1727; baseline -0.006 -12"><span class='ocrx_word' id='word_1_177' title='bbox 187 1679 326 1715; x_wconf 89' lang='lat' dir='ltr'>dubito</span> <span class='ocrx_word' id='word_1_178' title='bbox 360 1678 455 1727; x_wconf 89' lang='lat' dir='ltr'>quin</span> <span class='ocrx_word' id='word_1_179' title='bbox 489 1686 618 1713; x_wconf 86' lang='lat' dir='ltr'>stante</span> <span class='ocrx_word' id='word_1_180' title='bbox 651 1676 726 1712; x_wconf 88' lang='lat' dir='ltr'>ista</span> <span class='ocrx_word' id='word_1_181' title='bbox 760 1674 950 1711; x_wconf 85' lang='lat' dir='ltr'>discrasia</span> <span class='ocrx_word' id='word_1_182' title='bbox 985 1674 1079 1710; x_wconf 87' lang='lat' dir='ltr'>cleri</span> <span class='ocrx_word' id='word_1_183' title='bbox 1104 1686 1179 1722; x_wconf 89' lang='lat' dir='ltr'>que</span> <span class='ocrx_word' id='word_1_184' title='bbox 1202 1673 1304 1709; x_wconf 91' lang='lat' dir='ltr'>foret</span> <span class='ocrx_word' id='word_1_185' title='bbox 1328 1672 1504 1708; x_wconf 88' lang='lat' dir='ltr'>medium</span> 
     </span>
     <span class='ocr_line' id='line_1_25' title="bbox 186 1729 1506 1786; baseline -0.007 -12"><span class='ocrx_word' id='word_1_186' title='bbox 186 1737 384 1786; x_wconf 87' lang='lat' dir='ltr'>optimum</span> <span class='ocrx_word' id='word_1_187' title='bbox 420 1737 467 1772; x_wconf 85' lang='lat' dir='ltr'>ad</span> <span class='ocrx_word' id='word_1_188' title='bbox 503 1736 607 1771; x_wconf 88' lang='lat' dir='ltr'>hunc</span> <span class='ocrx_word' id='word_1_189' title='bbox 640 1743 827 1779; x_wconf 74' lang='lat' dir='ltr'>tractum,</span> <span class='ocrx_word' id='word_1_190' title='bbox 861 1746 942 1769; x_wconf 91' lang='lat' dir='ltr'>non</span> <span class='ocrx_word' id='word_1_191' title='bbox 965 1731 1116 1768; x_wconf 86' lang='lat' dir='ltr'>carebit</span> <span class='ocrx_word' id='word_1_192' title='bbox 1140 1731 1315 1767; x_wconf 86' lang='lat' dir='ltr'>militans</span> <span class='ocrx_word' id='word_1_193' title='bbox 1340 1729 1506 1766; x_wconf 83' lang='lat' dir='ltr'>ecclesia</span> 
     </span>
     <span class='ocr_line' id='line_1_26' title="bbox 131 1788 1504 1844; baseline -0.007 -12"><span class='ocrx_word' id='word_1_194' title='bbox 131 1795 495 1844; x_wconf 83' lang='lat' dir='ltr'>25perturbacione</span> <span class='ocrx_word' id='word_1_195' title='bbox 540 1792 709 1829; x_wconf 78' lang='lat' dir='ltr'>notabili</span> <span class='ocrx_word' id='word_1_196' title='bbox 756 1801 792 1828; x_wconf 91' lang='lat' dir='ltr'>et</span> <span class='ocrx_word' id='word_1_197' title='bbox 833 1790 1045 1838; x_wconf 88' lang='lat' dir='ltr'>multiplici</span> <span class='ocrx_word' id='word_1_198' title='bbox 1085 1789 1289 1826; x_wconf 85' lang='lat' dir='ltr'>invasione</span> <span class='ocrx_word' id='word_1_199' title='bbox 1330 1788 1504 1835; x_wconf 86' lang='lat' dir='ltr'>dyaboli.</span> 
     </span>
     <span class='ocr_line' id='line_1_27' title="bbox 245 1845 1503 1901; baseline -0.006 -12"><span class='ocrx_word' id='word_1_200' title='bbox 245 1856 293 1889; x_wconf 88' lang='lat' dir='ltr'>Et</span> <span class='ocrx_word' id='word_1_201' title='bbox 326 1861 519 1901; x_wconf 88' lang='lat' dir='ltr'>quantum</span> <span class='ocrx_word' id='word_1_202' title='bbox 555 1853 604 1887; x_wconf 83' lang='lat' dir='ltr'>ad</span> <span class='ocrx_word' id='word_1_203' title='bbox 638 1863 777 1886; x_wconf 89' lang='lat' dir='ltr'>omnes</span> <span class='ocrx_word' id='word_1_204' title='bbox 810 1849 979 1885; x_wconf 86' lang='lat' dir='ltr'>insultus</span> <span class='ocrx_word' id='word_1_205' title='bbox 1008 1847 1243 1884; x_wconf 85' lang='lat' dir='ltr'>Antichristi</span> <span class='ocrx_word' id='word_1_206' title='bbox 1277 1848 1393 1883; x_wconf 85' lang='lat' dir='ltr'>debet</span> <span class='ocrx_word' id='word_1_207' title='bbox 1426 1845 1503 1882; x_wconf 89' lang='lat' dir='ltr'>dici</span> 
     </span>
     <span class='ocr_line' id='line_1_28' title="bbox 188 1904 1504 1958; baseline -0.006 -10"><span class='ocrx_word' id='word_1_208' title='bbox 188 1912 265 1948; x_wconf 91' lang='lat' dir='ltr'>illis</span> <span class='ocrx_word' id='word_1_209' title='bbox 300 1919 529 1948; x_wconf 86' lang='lat' dir='ltr'>constanter</span> <span class='ocrx_word' id='word_1_210' title='bbox 561 1911 668 1958; x_wconf 92' lang='lat' dir='ltr'>quod</span> <span class='ocrx_word' id='word_1_211' title='bbox 708 1921 780 1945; x_wconf 90' lang='lat' dir='ltr'>nec</span> <span class='ocrx_word' id='word_1_212' title='bbox 815 1910 996 1943; x_wconf 84' lang='lat' dir='ltr'>Romano</span> <span class='ocrx_word' id='word_1_213' title='bbox 1042 1905 1223 1954; x_wconf 86' lang='lat' dir='ltr'>pontifici</span> <span class='ocrx_word' id='word_1_214' title='bbox 1267 1917 1340 1942; x_wconf 91' lang='lat' dir='ltr'>nec</span> <span class='ocrx_word' id='word_1_215' title='bbox 1385 1904 1504 1941; x_wconf 89' lang='lat' dir='ltr'>alicui</span> 
     </span>
     <span class='ocr_line' id='line_1_29' title="bbox 190 1962 1506 2018; baseline -0.006 -12"><span class='ocrx_word' id='word_1_216' title='bbox 190 1971 344 2018; x_wconf 87' lang='lat' dir='ltr'>prelato</span> <span class='ocrx_word' id='word_1_217' title='bbox 397 1968 561 2005; x_wconf 90' lang='lat' dir='ltr'>ecclesie</span> <span class='ocrx_word' id='word_1_218' title='bbox 614 1965 823 2003; x_wconf 85' lang='lat' dir='ltr'>militantis</span> <span class='ocrx_word' id='word_1_219' title='bbox 877 1967 993 2001; x_wconf 90' lang='lat' dir='ltr'>debet</span> <span class='ocrx_word' id='word_1_220' title='bbox 1045 1964 1217 2012; x_wconf 86' lang='lat' dir='ltr'>amplius</span> <span class='ocrx_word' id='word_1_221' title='bbox 1268 1964 1329 2000; x_wconf 85' lang='lat' dir='ltr'>vel</span> <span class='ocrx_word' id='word_1_222' title='bbox 1390 1962 1506 1999; x_wconf 89' lang='lat' dir='ltr'>aliter</span> 
     </span>
     <span class='ocr_line' id='line_1_30' title="bbox 190 2021 1504 2073; baseline -0.006 -9"><span class='ocrx_word' id='word_1_223' title='bbox 190 2027 358 2073; x_wconf 84' lang='lat' dir='ltr'>obediri,</span> <span class='ocrx_word' id='word_1_224' title='bbox 391 2026 466 2063; x_wconf 91' lang='lat' dir='ltr'>nisi</span> <span class='ocrx_word' id='word_1_225' title='bbox 501 2027 547 2062; x_wconf 90' lang='lat' dir='ltr'>de</span> <span class='ocrx_word' id='word_1_226' title='bbox 581 2033 732 2073; x_wconf 86' lang='lat' dir='ltr'>quanto</span> <span class='ocrx_word' id='word_1_227' title='bbox 765 2033 880 2060; x_wconf 87' lang='lat' dir='ltr'>sonat</span> <span class='ocrx_word' id='word_1_228' title='bbox 914 2036 956 2059; x_wconf 82' lang='lat' dir='ltr'>ex</span> <span class='ocrx_word' id='word_1_229' title='bbox 990 2022 1066 2059; x_wconf 87' lang='lat' dir='ltr'>fide</span> <span class='ocrx_word' id='word_1_230' title='bbox 1104 2022 1301 2070; x_wconf 85' lang='lat' dir='ltr'>scripture</span> <span class='ocrx_word' id='word_1_231' title='bbox 1339 2021 1379 2057; x_wconf 91' lang='lat' dir='ltr'>in</span> <span class='ocrx_word' id='word_1_232' title='bbox 1412 2022 1504 2057; x_wconf 90' lang='lat' dir='ltr'>obe-</span> 
     </span>
     <span class='ocr_line' id='line_1_31' title="bbox 131 2078 1505 2129; baseline -0.007 -6"><span class='ocrx_word' id='word_1_233' title='bbox 131 2085 174 2117; x_wconf 87' lang='lat'>30</span> <span class='ocrx_word' id='word_1_234' title='bbox 190 2085 387 2122; x_wconf 87' lang='lat' dir='ltr'>dienciam</span> <span class='ocrx_word' id='word_1_235' title='bbox 423 2084 587 2121; x_wconf 87' lang='lat' dir='ltr'>dornino</span> <span class='ocrx_word' id='word_1_236' title='bbox 610 2085 701 2119; x_wconf 87' lang='lat' dir='ltr'>Jesu</span> <span class='ocrx_word' id='word_1_237' title='bbox 725 2082 904 2127; x_wconf 86' lang='lat' dir='ltr'>Christo;</span> <span class='ocrx_word' id='word_1_238' title='bbox 939 2094 1028 2117; x_wconf 88' lang='lat' dir='ltr'>cum</span> <span class='ocrx_word' id='word_1_239' title='bbox 1059 2093 1152 2129; x_wconf 82' lang='lat' dir='ltr'>ergo</span> <span class='ocrx_word' id='word_1_240' title='bbox 1185 2088 1381 2128; x_wconf 78' lang='lat' dir='ltr'>repugnat</span> <span class='ocrx_word' id='word_1_241' title='bbox 1414 2078 1505 2115; x_wconf 86' lang='lat' dir='ltr'>fidei</span> 
     </span>
     <span class='ocr_line' id='line_1_32' title="bbox 190 2137 1506 2192; baseline -0.006 -12"><span class='ocrx_word' id='word_1_242' title='bbox 190 2144 386 2192; x_wconf 89' lang='lat' dir='ltr'>scripture</span> <span class='ocrx_word' id='word_1_243' title='bbox 419 2143 494 2179; x_wconf 88' lang='lat' dir='ltr'>ista</span> <span class='ocrx_word' id='word_1_244' title='bbox 527 2141 688 2178; x_wconf 89' lang='lat' dir='ltr'>dotacio</span> <span class='ocrx_word' id='word_1_245' title='bbox 728 2149 764 2177; x_wconf 89' lang='lat' dir='ltr'>et</span> <span class='ocrx_word' id='word_1_246' title='bbox 803 2139 897 2176; x_wconf 90' lang='lat' dir='ltr'>cleri</span> <span class='ocrx_word' id='word_1_247' title='bbox 938 2138 1208 2185; x_wconf 80' lang='lat' dir='ltr'>discrasiacio,</span> <span class='ocrx_word' id='word_1_248' title='bbox 1249 2146 1358 2186; x_wconf 90' lang='lat' dir='ltr'>patet</span> <span class='ocrx_word' id='word_1_249' title='bbox 1397 2137 1506 2185; x_wconf 84' lang='lat' dir='ltr'>quod</span> 
     </span>
     <span class='ocr_line' id='line_1_33' title="bbox 190 2195 1507 2247; baseline -0.006 -8"><span class='ocrx_word' id='word_1_250' title='bbox 190 2215 270 2239; x_wconf 85' lang='lat' dir='ltr'>non</span> <span class='ocrx_word' id='word_1_251' title='bbox 302 2202 520 2238; x_wconf 87' lang='lat' dir='ltr'>secundum</span> <span class='ocrx_word' id='word_1_252' title='bbox 561 2199 765 2236; x_wconf 80' lang='lat' dir='ltr'>racionem</span> <span class='ocrx_word' id='word_1_253' title='bbox 812 2205 889 2247; x_wconf 86' lang='lat' dir='ltr'>qu&#39;a</span> <span class='ocrx_word' id='word_1_254' title='bbox 934 2197 1007 2234; x_wconf 88' lang='lat' dir='ltr'>ista</span> <span class='ocrx_word' id='word_1_255' title='bbox 1052 2196 1278 2234; x_wconf 85' lang='lat' dir='ltr'>defenditur</span> <span class='ocrx_word' id='word_1_256' title='bbox 1321 2195 1507 2232; x_wconf 89' lang='lat' dir='ltr'>obeditur</span> 
     </span>
     <span class='ocr_line' id='line_1_34' title="bbox 190 2253 1506 2301; baseline -0.005 -5"><span class='ocrx_word' id='word_1_257' title='bbox 190 2260 356 2297; x_wconf 88' lang='lat' dir='ltr'>domino</span> <span class='ocrx_word' id='word_1_258' title='bbox 388 2261 478 2295; x_wconf 87' lang='lat' dir='ltr'>Jesu</span> <span class='ocrx_word' id='word_1_259' title='bbox 512 2257 671 2295; x_wconf 89' lang='lat' dir='ltr'>Christo</span> <span class='ocrx_word' id='word_1_260' title='bbox 705 2258 773 2293; x_wconf 84' lang='lat' dir='ltr'>sed</span> <span class='ocrx_word' id='word_1_261' title='bbox 807 2255 880 2292; x_wconf 90' lang='lat' dir='ltr'>sibi</span> <span class='ocrx_word' id='word_1_262' title='bbox 914 2255 1111 2292; x_wconf 86' lang='lat' dir='ltr'>resistitur</span> <span class='ocrx_word' id='word_1_263' title='bbox 1143 2263 1180 2291; x_wconf 87' lang='lat' dir='ltr'>et</span> <span class='ocrx_word' id='word_1_264' title='bbox 1218 2253 1387 2291; x_wconf 85' lang='lat' dir='ltr'>servitur</span> <span class='ocrx_word' id='word_1_265' title='bbox 1420 2265 1506 2301; x_wconf 90' lang='lat' dir='ltr'>spe-</span> 
     </span>
     <span class='ocr_line' id='line_1_35' title="bbox 191 2311 1508 2355; baseline -0.006 0"><span class='ocrx_word' id='word_1_266' title='bbox 191 2319 344 2355; x_wconf 83' lang='lat' dir='ltr'>cialiter</span> <span class='ocrx_word' id='word_1_267' title='bbox 382 2316 642 2353; x_wconf 90' lang='lat' dir='ltr'>Antichristo.</span> <span class='ocrx_word' id='word_1_268' title='bbox 684 2315 723 2352; x_wconf 80' lang='lat' dir='ltr'>Si</span> <span class='ocrx_word' id='word_1_269' title='bbox 763 2314 868 2351; x_wconf 85' lang='lat' dir='ltr'>enim</span> <span class='ocrx_word' id='word_1_270' title='bbox 908 2313 1137 2350; x_wconf 89' lang='lat' dir='ltr'>febricitans</span> <span class='ocrx_word' id='word_1_271' title='bbox 1174 2313 1236 2349; x_wconf 90' lang='lat' dir='ltr'>vel</span> <span class='ocrx_word' id='word_1_272' title='bbox 1275 2311 1446 2348; x_wconf 88' lang='lat' dir='ltr'>furiosus</span> <span class='ocrx_word' id='word_1_273' title='bbox 1486 2324 1508 2347; x_wconf 85' lang='lat' dir='ltr'>a</span> 
     </span>
     <span class='ocr_line' id='line_1_36' title="bbox 134 2368 1507 2423; baseline -0.006 -10"><span class='ocrx_word' id='word_1_274' title='bbox 134 2377 172 2408; x_wconf 77' lang='lat'>35</span> <span class='ocrx_word' id='word_1_275' title='bbox 192 2376 376 2413; x_wconf 89' lang='lat' dir='ltr'>ministro</span> <span class='ocrx_word' id='word_1_276' title='bbox 400 2388 471 2412; x_wconf 90' lang='lat' dir='ltr'>suo</span> <span class='ocrx_word' id='word_1_277' title='bbox 495 2373 661 2423; x_wconf 84' lang='lat' dir='ltr'>pecierit</span> <span class='ocrx_word' id='word_1_278' title='bbox 687 2385 834 2421; x_wconf 86' lang='lat' dir='ltr'>aquam</span> <span class='ocrx_word' id='word_1_279' title='bbox 857 2372 917 2408; x_wconf 88' lang='lat' dir='ltr'>vel</span> <span class='ocrx_word' id='word_1_280' title='bbox 941 2371 1132 2419; x_wconf 81' lang='lat' dir='ltr'>gladium,</span> <span class='ocrx_word' id='word_1_281' title='bbox 1168 2383 1258 2406; x_wconf 87' lang='lat' dir='ltr'>curn</span> <span class='ocrx_word' id='word_1_282' title='bbox 1283 2368 1507 2406; x_wconf 86' lang='lat' dir='ltr'>racionabi-</span> 
     </span>
     <span class='ocr_line' id='line_1_37' title="bbox 190 2427 1508 2481; baseline -0.006 -10"><span class='ocrx_word' id='word_1_283' title='bbox 190 2434 281 2471; x_wconf 92' lang='lat' dir='ltr'>liter</span> <span class='ocrx_word' id='word_1_284' title='bbox 312 2433 404 2470; x_wconf 90' lang='lat' dir='ltr'>licet</span> <span class='ocrx_word' id='word_1_285' title='bbox 437 2432 632 2481; x_wconf 90' lang='lat' dir='ltr'>implicite</span> <span class='ocrx_word' id='word_1_286' title='bbox 665 2439 775 2480; x_wconf 88' lang='lat' dir='ltr'>petat</span> <span class='ocrx_word' id='word_1_287' title='bbox 815 2429 1077 2475; x_wconf 82' lang='lat' dir='ltr'>contrarium,</span> <span class='ocrx_word' id='word_1_288' title='bbox 1117 2437 1226 2477; x_wconf 88' lang='lat' dir='ltr'>patet</span> <span class='ocrx_word' id='word_1_289' title='bbox 1266 2429 1374 2477; x_wconf 86' lang='lat' dir='ltr'>quod</span> <span class='ocrx_word' id='word_1_290' title='bbox 1413 2427 1508 2464; x_wconf 91' lang='lat' dir='ltr'>resi-</span> 
     </span>
     <span class='ocr_line' id='line_1_38' title="bbox 191 2486 1508 2529; baseline -0.006 0"><span class='ocrx_word' id='word_1_291' title='bbox 191 2493 333 2529; x_wconf 87' lang='lat' dir='ltr'>stendo</span> <span class='ocrx_word' id='word_1_292' title='bbox 368 2491 407 2527; x_wconf 91' lang='lat' dir='ltr'>in</span> <span class='ocrx_word' id='word_1_293' title='bbox 441 2491 517 2527; x_wconf 92' lang='lat' dir='ltr'>isto</span> <span class='ocrx_word' id='word_1_294' title='bbox 551 2499 588 2526; x_wconf 89' lang='lat' dir='ltr'>et</span> <span class='ocrx_word' id='word_1_295' title='bbox 620 2490 794 2526; x_wconf 89' lang='lat' dir='ltr'>iuvando</span> <span class='ocrx_word' id='word_1_296' title='bbox 828 2488 868 2524; x_wconf 85' lang='lat' dir='ltr'>in</span> <span class='ocrx_word' id='word_1_297' title='bbox 901 2486 1137 2524; x_wconf 84' lang='lat' dir='ltr'>racionabili</span> <span class='ocrx_word' id='word_1_298' title='bbox 1171 2486 1376 2523; x_wconf 86' lang='lat' dir='ltr'>contrario</span> <span class='ocrx_word' id='word_1_299' title='bbox 1415 2486 1508 2522; x_wconf 91' lang='lat' dir='ltr'>obe-</span> 
     </span>
     <span class='ocr_line' id='line_1_39' title="bbox 192 2543 1508 2597; baseline -0.005 -11"><span class='ocrx_word' id='word_1_300' title='bbox 192 2550 299 2586; x_wconf 86' lang='lat' dir='ltr'>ditur</span> <span class='ocrx_word' id='word_1_301' title='bbox 341 2549 397 2586; x_wconf 88' lang='lat' dir='ltr'>sic</span> <span class='ocrx_word' id='word_1_302' title='bbox 441 2547 679 2597; x_wconf 86' lang='lat' dir='ltr'>indisposito</span> <span class='ocrx_word' id='word_1_303' title='bbox 725 2555 762 2584; x_wconf 86' lang='lat' dir='ltr'>et</span> <span class='ocrx_word' id='word_1_304' title='bbox 805 2558 876 2595; x_wconf 87' lang='lat' dir='ltr'>per</span> <span class='ocrx_word' id='word_1_305' title='bbox 920 2557 1168 2594; x_wconf 88' lang='lat' dir='ltr'>consequens</span> <span class='ocrx_word' id='word_1_306' title='bbox 1214 2543 1379 2581; x_wconf 88' lang='lat' dir='ltr'>domino</span> <span class='ocrx_word' id='word_1_307' title='bbox 1417 2545 1508 2580; x_wconf 86' lang='lat' dir='ltr'>Jesu</span> 
     </span>
     <span class='ocr_line' id='line_1_40' title="bbox 192 2607 365 2645; baseline -0.006 0"><span class='ocrx_word' id='word_1_308' title='bbox 192 2607 365 2645; x_wconf 89' lang='lat' dir='ltr'>Christo.</span> 
     </span>
    </p>
   </div>
   <div class='ocr_carea' id='block_1_3' title="bbox 193 2724 1507 2867">
    <p class='ocr_par' dir='ltr' id='par_1_3' title="bbox 193 2724 1507 2867">
     <span class='ocr_line' id='line_1_41' title="bbox 261 2724 1507 2768; baseline -0.006 -11"><span class='ocrx_word' id='word_1_309' title='bbox 261 2737 281 2768; x_wconf 70' lang='lat' dir='ltr'>J.</span> <span class='ocrx_word' id='word_1_310' title='bbox 303 2729 371 2756; x_wconf 89' lang='lat' dir='ltr'>DE:</span> <span class='ocrx_word' id='word_1_311' title='bbox 394 2728 496 2756; x_wconf 83' lang='lat' dir='ltr'>officii.</span> <span class='ocrx_word' id='word_1_312' title='bbox 553 2735 578 2755; x_wconf 85' lang='lat'>2.</span> <span class='ocrx_word' id='word_1_313' title='bbox 600 2727 668 2755; x_wconf 97' lang='lat' dir='ltr'>DE:</span> <span class='ocrx_word' id='word_1_314' title='bbox 690 2731 719 2754; x_wconf 88' lang='lat' dir='ltr'>et</span> <span class='ocrx_word' id='word_1_315' title='bbox 738 2726 831 2753; x_wconf 82' lang='lat' dir='ltr'>deest.</span> <span class='ocrx_word' id='word_1_316' title='bbox 894 2735 924 2760; x_wconf 85' lang='lat'>4.</span> <span class='ocrx_word' id='word_1_317' title='bbox 946 2726 1014 2753; x_wconf 92' lang='lat' dir='ltr'>DE:</span> <span class='ocrx_word' id='word_1_318' title='bbox 1037 2725 1200 2752; x_wconf 78' lang='lat' dir='ltr'>ministret.</span> <span class='ocrx_word' id='word_1_319' title='bbox 1262 2724 1290 2755; x_wconf 80' lang='lat'>8,</span> <span class='ocrx_word' id='word_1_320' title='bbox 1306 2733 1334 2760; x_wconf 86' lang='lat'>9.</span> <span class='ocrx_word' id='word_1_321' title='bbox 1349 2725 1393 2752; x_wconf 87' lang='lat' dir='ltr'>A:</span> <span class='ocrx_word' id='word_1_322' title='bbox 1415 2731 1507 2759; x_wconf 87' lang='lat' dir='ltr'>quam</span> 
     </span>
     <span class='ocr_line' id='line_1_42' title="bbox 193 2759 1506 2794; baseline -0.005 -3"><span class='ocrx_word' id='word_1_323' title='bbox 193 2764 364 2791; x_wconf 81' lang='lat' dir='ltr'>Christum.</span> <span class='ocrx_word' id='word_1_324' title='bbox 486 2771 519 2790; x_wconf 90' lang='lat'>11.</span> <span class='ocrx_word' id='word_1_325' title='bbox 541 2764 585 2790; x_wconf 86' lang='lat' dir='ltr'>A:</span> <span class='ocrx_word' id='word_1_326' title='bbox 612 2762 680 2789; x_wconf 88' lang='lat' dir='ltr'>Joh.</span> <span class='ocrx_word' id='word_1_327' title='bbox 707 2761 788 2789; x_wconf 58' lang='lat' dir='ltr'>xum</span> <span class='ocrx_word' id='word_1_328' title='bbox 910 2769 950 2794; x_wconf 78' lang='lat'>14.</span> <span class='ocrx_word' id='word_1_329' title='bbox 971 2762 1016 2788; x_wconf 90' lang='lat' dir='ltr'>A:</span> <span class='ocrx_word' id='word_1_330' title='bbox 1039 2760 1248 2793; x_wconf 74' lang='lat' dir='ltr'>humillimus3</span> <span class='ocrx_word' id='word_1_331' title='bbox 1279 2759 1318 2786; x_wconf 92' lang='lat' dir='ltr'>E:</span> <span class='ocrx_word' id='word_1_332' title='bbox 1342 2759 1506 2786; x_wconf 73' lang='lat' dir='ltr'>humiliter.</span> 
     </span>
     <span class='ocr_line' id='line_1_43' title="bbox 193 2792 1506 2831; baseline -0.005 -5"><span class='ocrx_word' id='word_1_333' title='bbox 193 2799 235 2826; x_wconf 81' lang='lat'>16.</span> <span class='ocrx_word' id='word_1_334' title='bbox 257 2798 326 2826; x_wconf 88' lang='lat' dir='ltr'>DE:</span> <span class='ocrx_word' id='word_1_335' title='bbox 348 2803 375 2825; x_wconf 88' lang='lat' dir='ltr'>et</span> <span class='ocrx_word' id='word_1_336' title='bbox 396 2797 644 2825; x_wconf 81' lang='lat' dir='ltr'>comminatorio.</span> <span class='ocrx_word' id='word_1_337' title='bbox 757 2804 798 2831; x_wconf 86' lang='lat'>19.</span> <span class='ocrx_word' id='word_1_338' title='bbox 820 2797 864 2822; x_wconf 93' lang='lat' dir='ltr'>A:</span> <span class='ocrx_word' id='word_1_339' title='bbox 886 2796 967 2822; x_wconf 84' lang='lat' dir='ltr'>clero</span> <span class='ocrx_word' id='word_1_340' title='bbox 989 2795 1117 2822; x_wconf 83' lang='lat' dir='ltr'>siniente</span> <span class='ocrx_word' id='word_1_341' title='bbox 1138 2794 1180 2829; x_wconf 76' lang='lat' dir='ltr'>(I).</span> <span class='ocrx_word' id='word_1_342' title='bbox 1290 2793 1332 2821; x_wconf 80' lang='lat'>23.</span> <span class='ocrx_word' id='word_1_343' title='bbox 1354 2793 1422 2820; x_wconf 86' lang='lat' dir='ltr'>DE:</span> <span class='ocrx_word' id='word_1_344' title='bbox 1444 2792 1506 2828; x_wconf 90' lang='lat' dir='ltr'>qui.</span> 
     </span>
     <span class='ocr_line' id='line_1_44' title="bbox 193 2830 899 2867; baseline -0.004 -7"><span class='ocrx_word' id='word_1_345' title='bbox 193 2841 240 2867; x_wconf 78' lang='lat'>24.</span> <span class='ocrx_word' id='word_1_346' title='bbox 262 2833 331 2860; x_wconf 88' lang='lat' dir='ltr'>DE:</span> <span class='ocrx_word' id='word_1_347' title='bbox 353 2837 477 2860; x_wconf 86' lang='lat' dir='ltr'>statum.</span> <span class='ocrx_word' id='word_1_348' title='bbox 550 2831 596 2859; x_wconf 86' lang='lat'>30.</span> <span class='ocrx_word' id='word_1_349' title='bbox 617 2831 690 2859; x_wconf 91' lang='lat' dir='ltr'>AD:</span> <span class='ocrx_word' id='word_1_350' title='bbox 713 2838 785 2866; x_wconf 82' lang='lat' dir='ltr'>ergo</span> <span class='ocrx_word' id='word_1_351' title='bbox 806 2830 899 2857; x_wconf 78' lang='lat' dir='ltr'>deest.</span> 
     </span>
    </p>
   </div>
   <div class='ocr_carea' id='block_1_4' title="bbox 264 2915 1367 2998">
    <p class='ocr_par' dir='ltr' id='par_1_4' title="bbox 264 2915 1367 2998">
     <span class='ocr_line' id='line_1_45' title="bbox 264 2915 719 2955; baseline -0.004 -8"><span class='ocrx_word' id='word_1_352' title='bbox 264 2915 295 2948; x_wconf 86' lang='lat'>6.</span> <span class='ocrx_word' id='word_1_353' title='bbox 325 2915 487 2947; x_wconf 78' lang='lat' dir='ltr'>Matthaei</span> <span class='ocrx_word' id='word_1_354' title='bbox 516 2915 635 2955; x_wconf 79' lang='lat' dir='ltr'>XVIII,</span> <span class='ocrx_word' id='word_1_355' title='bbox 665 2924 719 2946; x_wconf 81' lang='lat'>20.</span> 
     </span>
     <span class='ocr_line' id='line_1_46' title="bbox 1331 2977 1367 2998; baseline 0 0"><span class='ocrx_word' id='word_1_356' title='bbox 1331 2977 1367 2998; x_wconf 86' lang='lat'>12</span> 
     </span>
    </p>
   </div>
   <div class='ocr_carea' id='block_1_5' title="bbox 1554 574 1759 670">
    <p class='ocr_par' dir='ltr' id='par_1_5' title="bbox 1554 574 1759 670">
     <span class='ocr_line' id='line_1_47' title="bbox 1587 574 1717 601; baseline 0.008 -2"><span class='ocrx_word' id='word_1_357' title='bbox 1587 574 1717 601; x_wconf 51' lang='lat' dir='ltr'>(Ilii-ism</span> 
     </span>
     <span class='ocr_line' id='line_1_48' title="bbox 1554 610 1759 635; baseline -0.005 0"><span class='ocrx_word' id='word_1_358' title='bbox 1554 610 1709 635; x_wconf 54' lang='lat' dir='ltr'>readiness</span> <span class='ocrx_word' id='word_1_359' title='bbox 1730 615 1759 635; x_wconf 73' lang='lat' dir='ltr'>to</span> 
     </span>
     <span class='ocr_line' id='line_1_49' title="bbox 1608 653 1701 670; baseline -0.011 0"><span class='ocrx_word' id='word_1_360' title='bbox 1608 653 1701 670; x_wconf 64' lang='lat' dir='ltr'>serve,</span> 
     </span>
    </p>
   </div>
   <div class='ocr_carea' id='block_1_6' title="bbox 1528 1850 1794 2025">
    <p class='ocr_par' dir='ltr' id='par_1_6' title="bbox 1528 1850 1794 2025">
     <span class='ocr_line' id='line_1_50' title="bbox 1544 1850 1778 1877; baseline 0 0"><span class='ocrx_word' id='word_1_361' title='bbox 1544 1850 1592 1877; x_wconf 90' lang='lat' dir='ltr'>No</span> <span class='ocrx_word' id='word_1_362' title='bbox 1613 1850 1778 1877; x_wconf 74' lang='lat' dir='ltr'>obedience</span> 
     </span>
     <span class='ocr_line' id='line_1_51' title="bbox 1528 1885 1788 1920; baseline 0 -8"><span class='ocrx_word' id='word_1_363' title='bbox 1528 1885 1586 1912; x_wconf 81' lang='lat' dir='ltr'>duc</span> <span class='ocrx_word' id='word_1_364' title='bbox 1607 1890 1637 1912; x_wconf 88' lang='lat' dir='ltr'>to</span> <span class='ocrx_word' id='word_1_365' title='bbox 1659 1886 1788 1920; x_wconf 82' lang='lat' dir='ltr'>prelates</span> 
     </span>
     <span class='ocr_line' id='line_1_52' title="bbox 1599 1921 1718 1947; baseline 0 0"><span class='ocrx_word' id='word_1_366' title='bbox 1599 1928 1668 1947; x_wconf 71' lang='lat' dir='ltr'>save</span> <span class='ocrx_word' id='word_1_367' title='bbox 1689 1921 1718 1947; x_wconf 83' lang='lat' dir='ltr'>in</span> 
     </span>
     <span class='ocr_line' id='line_1_53' title="bbox 1565 1955 1752 1982; baseline 0.005 -1"><span class='ocrx_word' id='word_1_368' title='bbox 1565 1955 1752 1982; x_wconf 78' lang='lat' dir='ltr'>accordance</span> 
     </span>
     <span class='ocr_line' id='line_1_54' title="bbox 1529 1990 1794 2025; baseline 0.004 -10"><span class='ocrx_word' id='word_1_369' title='bbox 1529 1990 1602 2016; x_wconf 69' lang='lat' dir='ltr'>with</span> <span class='ocrx_word' id='word_1_370' title='bbox 1624 1990 1794 2025; x_wconf 85' lang='lat' dir='ltr'>Scripture.</span> 
     </span>
    </p>
   </div>
  </div>
 </body>
</html>
