1986 3380
201 306 216 337 φ.)

229 319 248 353 κ]

255 320 278 351 ..ι-

271 1240 354 1267 lixils
375 1240 409 1267 os

207 1279 409 1314 governinent
431 1275 468 1310 by

277 1315 397 1346 priests.

207 2112 335 2141 Clerical
357 2119 480 2150 owners

215 2149 269 2175 ack
292 2147 478 2181 patriotisin.

783 309 1005 342 JOHANle
1026 308 1208 340 wvcmr
1228 307 1489 340 SERMONUM
1580 294 1731 352 [SERMO
1754 306 1801 333 Η.

488 417 608 454 ablati
654 417 810 453 videtur
854 416 962 464 loqui
1010 417 1056 451 de
1102 414 1247 450 iniuste
1292 415 1426 450 ablato
1466 423 1502 450 et
1543 414 1802 451 restitucione

489 477 536 512 ad
573 474 783 511 minimum
818 474 1002 510 facienda
1036 471 1215 509 ecclesie.

546 534 622 569 Sed
664 542 857 581 quantum
904 533 953 567 ad
996 530 1274 567 difficultatem
1320 529 1463 566 ultimo
1508 538 1712 578 gravatam
1755 531 1803 566 de

488 591 636 628 nostris
671 590 819 627 dotatis
855 588 1010 625 clericis
1045 601 1135 625 cum
1168 596 1340 624 noscunt
1368 589 1427 624 vel
1462 589 1606 624 debent
1638 600 1803 625 noscere

489 649 712 686 dotacionis
745 661 813 684 sue
846 646 1115 695 gravedinem,
1151 646 1244 694 quia
1278 654 1445 694 peccant
1478 645 1662 693 graviter,
1696 647 1837 694 quod5

489 708 669 744 nituntur
724 715 876 754 partein
923 718 1035 741 suam
1083 716 1208 753 usque
1253 705 1302 740 ad
1350 713 1520 740 mortem
1576 704 1802 745 defendere,

489 780 562 813 ego
603 778 681 800 non
721 765 836 800 video
876 762 1253 810 tergiversacionem
1287 775 1309 798 a
1343 761 1601 799 conclusione
1640 763 1687 798 de
1728 761 1804 797 illis

490 824 555 873 qui
591 824 645 859 sic
680 822 831 859 faciunt
864 822 923 858 vel
958 822 1004 857 de
1038 820 1285 857 secularibus
1319 819 1506 862 dominis,
1542 821 1589 856 de
1613 819 1803 856 fratribus

489 883 548 919 vel
587 881 892 930 quibuscunque
932 878 1020 915 aliis
1059 878 1125 927 qui
1165 878 1300 926 aliquo
1346 890 1411 914 sex
1451 879 1664 914 modorum
1711 890 1804 914 con-

490 952 627 976 sensus
661 938 737 975 illis
772 937 1045 975 consenciunt.
1081 939 1128 972 Et
1157 936 1261 972 idem
1288 945 1344 973 est
1377 945 1659 984 argumentum
1684 945 1862 984 atquem

490 997 682 1034 iudicium
708 998 755 1033 de
789 995 1019 1032 defensione
1044 1004 1080 1031 et
1108 1007 1304 1031 consensu
1328 994 1516 1031 ordinum
1541 993 1802 1042 privatorum.

490 1057 604 1093 Unde
649 1054 754 1091 beati
793 1054 860 1103 qui
901 1062 1150 1101 cognoscunt
1189 1061 1337 1088 statum
1381 1061 1633 1089 mortuorum
1674 1052 1805 1088 sciunt

490 1127 611 1163 quam
646 1112 804 1161 spissim
841 1111 1050 1148 mendacia
1090 1112 1137 1147 de
1177 1110 1390 1147 sanctitate
1429 1123 1568 1147 eorum
1605 1109 1730 1146 eciam
1767 1109 1806 1146 in

491 1170 869 1209 canonisacionibus
902 1178 992 1206 sunt
1025 1168 1253 1206 commissa.

548 1231 664 1267 Unde
698 1228 992 1265 considerando
1026 1227 1230 1264 racionem
1265 1226 1419 1275 peccati
1453 1226 1492 1262 in
1525 1225 1863 1263 dominacione15

492 1288 595 1325 civili
629 1286 782 1324 brachii
806 1286 997 1323 secularis
1030 1293 1139 1333 patet
1163 1286 1251 1321 luce
1276 1284 1421 1321 clarius
1445 1285 1552 1333 quod
1577 1283 1807 1320 dominacio

491 1346 581 1383 talis
626 1346 665 1382 in
704 1344 859 1381 clericis
899 1345 1018 1380 habet
1059 1344 1176 1391 longe
1215 1343 1304 1391 plus
1344 1344 1391 1379 de
1429 1342 1591 1379 racione
1631 1341 1806 1391 peccati;

492 1405 582 1441 ideo
615 1407 672 1447 (ut
704 1415 796 1451 sepe
829 1402 922 1450 dixi)
957 1401 1091 1438 clerici
1124 1414 1204 1438 non
1237 1400 1498 1438 dominantur
1530 1399 1698 1437 civiliter
1737 1401 1806 1436 sed

493 1461 819 1510 dampnabiliter.
855 1462 940 1497 Una
975 1459 1137 1508 quidem
1164 1458 1273 1496 racio
1307 1471 1430 1508 quare
1464 1471 1601 1495 cursus
1625 1457 1806 1494 domina-

494 1520 619 1557 cionis
654 1519 779 1556 civilis
812 1518 916 1567 sapit
955 1527 1166 1567 peccatum
1213 1526 1270 1554 est
1308 1517 1401 1554 ista:
1442 1518 1662 1554 secundum
1702 1516 1806 1564 leges
1824 1530 1865 1551 20

494 1578 702 1615 hominum
749 1579 861 1613 heres
907 1569 1040 1612 taliter
1085 1575 1330 1612 dominantis
1373 1574 1594 1624 possidebit
1639 1575 1805 1611 eandem

494 1636 757 1673 hereditatem
818 1643 1175 1683 quantumcunque
1234 1633 1351 1670 fuerit
1409 1632 1620 1682 culpabilis
1674 1633 1808 1680 quoad

493 1698 634 1731 Deum.
681 1695 759 1731 Sed
792 1693 832 1729 in
864 1691 1110 1729 secularibus
1143 1693 1262 1728 habet
1295 1691 1370 1728 ista
1407 1704 1507 1728 vena
1544 1690 1699 1739 peccati
1739 1689 1808 1726 ali-

494 1754 655 1802 quando
695 1751 931 1797 remedium,
970 1759 1013 1787 ut
1052 1749 1261 1795 mortibus,
1302 1748 1586 1798 conquestibus
1623 1749 1683 1785 vel
1722 1747 1809 1785 aliis

495 1810 637 1848 mediis
670 1823 741 1859 per
774 1822 851 1858 que
884 1811 990 1846 Deus
1029 1808 1069 1845 in
1108 1807 1354 1845 secularibus
1399 1808 1570 1844 alternat
1615 1805 1865 1844 dominia.25

496 1872 537 1906 ln
570 1868 723 1906 clericis
756 1876 889 1904 autem
930 1876 972 1903 ut
1012 1866 1208 1915 religiosis
1248 1865 1567 1914 possessionatis,
1607 1864 1698 1901 licet
1732 1864 1809 1900 sint

495 1927 683 1964 continue
717 1925 948 1970 deteriores,
983 1933 1040 1961 est
1066 1924 1141 1961 ista
1175 1925 1292 1972 culpa
1315 1936 1386 1972 per
1420 1923 1552 1960 media
1574 1921 1809 1960 Antichristi

495 1992 744 2034 perpetuata.
779 1986 867 2020 Non
900 1983 1005 2020 enim
1042 1982 1211 2019 moritur
1233 1983 1293 2019 vel
1326 1981 1566 2030 extinguitur
1590 1982 1665 2017 hoc
1687 1992 1809 2029 genus

495 2042 887 2092 possessionatorum
935 2041 1036 2077 sicut
1081 2040 1322 2088 extinguitur
1365 2039 1557 2088 cognacio
1601 2037 1808 2076 naturalis.

554 2102 738 2138 Secunda
772 2112 891 2136 causa
924 2111 1047 2148 quare
1071 2098 1184 2135 civile
1208 2097 1432 2135 dominium
1461 2097 1565 2146 sapit
1597 2105 1807 2146 peccatum
1827 2102 1868 2135 30

497 2168 553 2196 est
598 2167 763 2208 propter
807 2159 882 2194 hoc
928 2158 1034 2206 quod
1081 2156 1334 2193 dominantes
1379 2155 1547 2193 civiliter
1589 2167 1682 2204 sepe
1720 2155 1810 2191 sub-

496 2219 660 2254 trahunt
708 2217 756 2253 ab
802 2215 937 2252 officio
982 2216 1090 2263 quod
1136 2215 1280 2251 debent
1321 2216 1403 2251 Deo
1443 2222 1480 2251 et
1518 2225 1586 2250 sue
1631 2212 1809 2258 ecclesie,

497 2273 783 2324 possessionati
816 2282 950 2310 autem
985 2272 1119 2310 clerici
1153 2281 1189 2309 et
1228 2271 1402 2321 religiosi
1435 2285 1457 2309 a
1480 2271 1549 2309 tali
1589 2270 1811 2307 ministerio

497 2333 670 2382 amplius
708 2332 912 2378 ociantur3
952 2344 1045 2368 nam
1085 2343 1214 2379 neque
1253 2338 1432 2379 pugnant
1469 2338 1512 2366 ut
1552 2329 1698 2365 milites
1736 2341 1810 2376 pro

497 2391 628 2440 patria
668 2390 707 2427 in
747 2403 825 2439 qua
864 2389 1119 2426 dotacionem
1161 2388 1385 2437 suscipiunt
1422 2400 1551 2437 neque
1583 2386 1811 2436 provincias
1828 2391 1866 2424 35

498 2449 647 2487 alienas
691 2448 806 2485 nobis
858 2447 1042 2484 inimicas
1094 2447 1288 2484 invadunt
1331 2458 1461 2494 neque
1513 2444 1684 2482 sollicite
1736 2456 1810 2492 pro

497 2506 786 2556 pacificacione
844 2505 1047 2554 provincie
1107 2517 1176 2541 sue
1234 2505 1431 2541 laborant.
1491 2504 1566 2540 Sed
1620 2501 1811 2552 quicquid

569 2638 588 2657 1.
608 2630 652 2657 A:
675 2629 710 2656 de
731 2628 819 2656 iuste.
900 2637 930 2661 4.
950 2628 994 2655 A:
1016 2635 1211 2663 cognoscere.
1294 2626 1317 2654 5.
1337 2627 1382 2654 A:
1404 2625 1486 2661 quod
1509 2629 1644 2661 peccant.
1719 2625 1745 2652 8.
1766 2625 1811 2652 A:

499 2666 542 2692 vel
565 2664 765 2692 secularibus.
840 2671 873 2690 11.
895 2663 939 2690 A:
962 2662 998 2690 de
1019 2662 1114 2689 deest.
1188 2668 1225 2689 12.
1247 2660 1271 2688 E
1291 2661 1320 2688 in
1342 2669 1455 2696 marg:
1477 2660 1520 2687 l)e
1540 2659 1812 2688 consencientibus

499 2699 664 2727 dotacioni.
784 2706 826 2733 ¹9-
847 2697 887 2724 E.
909 2697 1033 2736 quidem
1055 2705 1164 2730 causa;
1193 2696 1233 2723 ib.
1255 2695 1280 2723 Ι)
1301 2695 1330 2723 in
1353 2703 1467 2730 marg:
1498 2695 1658 2722 Ponuntur
1677 2694 1812 2733 quinque

499 2735 638 2762 raciones
658 2732 739 2769 quod
768 2733 945 2760 dominacm
972 2731 1070 2759 civilis
1097 2731 1127 2759 in
1154 2730 1273 2758 clericis
1301 2730 1391 2758 habet
1417 2730 1505 2764 longe
1531 2729 1601 2765 plns
1627 2729 1663 2756 de
1690 2736 1812 2756 racione

500 2769 614 2804 peccati
629 2773 656 2795 et
672 2772 741 2795 sunt
755 2767 871 2794 debiles
883 2766 930 2805 (!);
946 2766 969 2793 E
985 2767 1013 2793 in
1030 2774 1143 2801 marg:
1161 2765 1344 2793 Dominacio
1359 2764 1457 2792 civilis
1472 2772 1526 2792 cur
1541 2764 1619 2800 sapit
1635 2767 1810 2799 peccatnin;

498 2805 526 2831 A
542 2804 571 2831 in
594 2810 707 2838 marg:
729 2802 809 2830 Nota
830 2809 984 2828 raeionem
1006 2801 1156 2840 triplicem
1178 2807 1272 2836 quare
1292 2799 1390 2827 civilis
1410 2799 1586 2826 dominacio
1607 2798 1687 2834 sapit
1707 2805 1811 2834 pecca-

499 2843 575 2865 tum.
598 2844 632 2865 ι’).
689 2837 736 2872 213,
757 2844 801 2875 ²7·
823 2835 892 2863 DE:
915 2835 975 2863 sint
995 2835 1118 2863 cotidie.
1175 2842 1220 2870 27,
1236 2835 1280 2862 28.
1303 2834 1371 2861 DE:
1393 2838 1438 2861 est
1459 2833 1516 2861 ista
1537 2833 1626 2873 culpa
1647 2837 1810 2868 perpetua;

500 2874 543 2901 A:
566 2876 711 2908 perpetua
729 2875 851 2899 extinct.
938 2870 981 2897 28.
1004 2870 1072 2898 nE:
1095 2873 1273 2905 perpetuata
1294 2868 1389 2896 deest.
1476 2867 1521 2896 30.
1543 2868 1571 2896 A
1591 2876 1619 2895 in
1643 2875 1756 2902 marg.:
1778 2874 1809 2901 ²3

502 2908 524 2934 Ι·“,
545 2907 573 2934 in
596 2915 708 2940 marga
730 2905 871 2935 Secunda
892 2913 1000 2939 cansa;
1023 2905 1047 2932 1)
1069 2905 1098 2932 in
1121 2912 1218 2939 marg.
1239 2904 1311 2931 inf.:
1333 2903 1435 2931 Homo
1457 2902 1594 2939 quidam.
1668 2901 1713 2936 34.
1735 2901 1758 2929 E
1780 2901 1808 2929 in

502 2950 615 2976 marga
637 2942 716 2969 Nota
738 2940 911 2976 ponderose
932 2940 1009 2967 lianc
1030 2939 1200 2966 materiam.
1274 2937 1317 2973 37.
1339 2939 1383 2965 A:
1405 2946 1458 2965 suc
1479 2938 1572 2965 deest.
