1986 3380
221 257 356 285 sumo
372 247 498 304 xxm]
691 261 905 293 SECUNDA
932 262 1056 293 PARs.
1739 268 1781 292 21
1799 258 1815 292 5

221 367 640 415 proporcionabiliter,
682 376 723 402 ut
763 376 852 402 sunt
894 368 1009 406 bona,
1045 376 1081 403 et
1121 380 1210 403 cum
1252 369 1290 403 in
1331 369 1532 417 equivocis

221 438 302 461 non
346 425 394 461 sit
441 424 714 461 contradiccio
761 437 805 460 ac
850 425 922 460 iste
962 425 1202 461 dilecciones
1247 436 1337 462 sunt
1377 436 1532 463 tantum

223 483 425 531 equivoce,
466 496 547 519 non
592 492 786 530 repugnat
827 484 934 530 quod
982 483 1103 518 homo
1150 483 1275 530 magis
1322 497 1361 520 se
1401 484 1531 532 ipsum

222 541 349 588 diligit
395 554 514 589 quam
560 542 720 577 beatum
766 549 802 576 et
847 549 983 576 tamen
1028 540 1153 588 magis
1198 542 1359 578 beatum
1405 542 1532 590 diligit

191 611 342 647 :quam
376 611 416 635 se
448 598 592 647 ipsum.

278 659 338 693 Ad
371 658 589 693 secundum
625 655 769 692 dicitur
792 657 900 704 quod
935 656 1102 693 dileccio
1137 670 1215 704 qua
1249 658 1371 694 homo
1405 658 1532 706 diligit
1574 666 1641 693 The
1661 667 1747 701 spirit
1770 667 1795 693 is

222 715 404 763 spiritum
450 728 563 751 suum
613 723 649 750 et
689 713 857 750 dileccio
898 727 975 762 qua
1015 714 1143 762 diligit
1189 727 1228 750 se
1273 715 1404 763 ipsum
1450 729 1533 752 non
1570 701 1796 763 {iffifflffljffu}

223 782 373 820 ponunt
401 773 441 809 in
469 785 680 809 numerum
707 773 840 820 quoad
870 771 1141 808 diversitatem
1166 786 1334 820 persone
1363 770 1659 820 obiecteffl‘ecissl
1682 771 1818 798 relation.

224 831 312 878 quia
351 831 456 868 idem
497 839 574 877 est3
608 830 686 867 alia
725 839 858 866 tamen
899 838 955 866 est
995 830 1208 878 disparitas
1248 831 1420 868 racionis
1454 845 1532 880 qua

171 890 342 925 iohorno
382 902 422 925 se
460 889 590 937 ipsum
631 887 757 935 diligit
795 887 835 923 in
874 897 1069 935 quantum
1108 889 1222 936 plene
1256 890 1378 926 homo
1418 898 1454 926 et
1492 890 1532 926 in

224 956 413 994 quantum
444 948 558 994 plene
589 945 765 994 spiritus,
797 954 838 981 ut
867 945 964 982 dicit
987 946 1250 994 Phorphirius
1274 949 1382 995 quod
1405 956 1532 984 sortes

223 1004 263 1039 in
303 1005 459 1040 theatro
500 1004 630 1040 differt
676 1017 696 1040 a
741 1016 780 1040 se
820 1004 907 1051 ipso
947 1004 1136 1040 existente
1175 1004 1215 1040 in
1253 1005 1361 1051 foro;
1402 1014 1438 1041 et
1478 1005 1532 1042 ita

223 1075 399 1100 summus
429 1064 574 1110 gradus
604 1076 682 1111 quo
712 1062 834 1098 homo
863 1075 902 1098 se
937 1062 1069 1110 ipsum
1094 1062 1276 1110 diligeret
1298 1063 1400 1099 foret
1423 1063 1532 1100 racio

223 1133 298 1168 qua
326 1133 367 1156 se
397 1120 527 1168 ipsum
560 1120 687 1168 diligit
718 1129 759 1156 ut
788 1121 940 1165 beatus,
974 1122 1076 1157 unde
1106 1121 1313 1169 dampnati
1345 1121 1533 1158 dicuntur

170 1184 262 1215 issse
292 1179 394 1226 ipsos
424 1179 536 1215 odire
569 1177 738 1214 maxime
767 1187 803 1214 et
834 1178 996 1214 minime
1026 1192 1066 1215 se
1096 1179 1203 1226 ipsos
1233 1179 1410 1227 diligere,
1441 1193 1530 1216 cum

222 1236 590 1273 vol.1ntvolucione
622 1235 858 1284 simpliciter
890 1238 1038 1272 bonum
1075 1237 1285 1273 minimum
1319 1238 1393 1273 sibi
1422 1238 1530 1285 ipsis.

280 1296 335 1330 <td
380 1294 547 1330 tercium
596 1294 741 1330 dicitur
785 1296 892 1342 quod
938 1294 1079 1330 falsum
1127 1295 1355 1341 assumitur,
1395 1309 1532 1343 ymmo
1605 1302 1764 1340 Mimasssa

224 1354 353 1397 homo,
389 1362 429 1388 ut
469 1352 716 1400 compositus
756 1365 799 1388 ex
833 1365 1002 1400 corpore
1035 1362 1071 1389 et
1105 1353 1239 1389 anima
1273 1362 1329 1389 est
1362 1353 1531 1390 similior
1549 1337 1820 1405 ‘1⁸1{¹{}1¹⁹11¹1211¹p93'1³1²1s

223 1411 368 1458 angelis
407 1411 446 1446 in
485 1410 735 1458 perfeccione
777 1419 813 1445 et
848 1411 962 1458 plene
995 1412 1134 1447 beatus
1175 1413 1454 1459 undequaque,
1489 1420 1531 1447 ut
1561 1405 1808 1467 *Jiffjlffiufflsssj'e

165 1483 206 1504 20
224 1478 275 1504 est
305 1477 467 1516 spiritus
497 1481 575 1504 sive
605 1477 840 1504 coniunctus
871 1469 1028 1516 corpori
1058 1469 1137 1504 sive
1168 1482 1189 1505 a
1220 1482 1389 1517 corpore
1418 1482 1531 1517 sepa-

218 1535 339 1563 ratus.
382 1528 495 1563 Unde
535 1526 565 1562 si
607 1534 771 1574 propter
811 1526 927 1562 istam
969 1526 1287 1572 similitudinem,
1323 1540 1412 1563 cum
1447 1529 1530 1563 Deo

216 1585 319 1621 foret
370 1593 555 1621 creatura
605 1584 841 1631 simpliciter
886 1585 1118 1632 perfeccior,
1165 1594 1258 1620 tunc
1307 1585 1443 1621 anima
1495 1594 1531 1621 et

217 1652 349 1679 cetera
390 1642 653 1691 multiplicata
695 1655 770 1690 que
816 1655 895 1678 non
945 1651 1035 1678 sunt
1075 1644 1179 1678 mole
1220 1656 1364 1691 magna
1403 1643 1532 1679 forent

216 1701 463 1750 perfecciora
508 1713 627 1749 quam
682 1699 846 1747 aliquod
892 1713 1037 1748 corpus
1082 1700 1234 1737 mundi.
1289 1703 1366 1737 Sed
1411 1701 1530 1746 absit;

161 1762 198 1794 25
216 1761 339 1796 homo
386 1772 480 1807 ergo
520 1758 700 1795 Christus
734 1760 844 1795 Jesus
893 1767 949 1794 est
987 1767 1169 1795 nostrum
1212 1758 1453 1807 principium
1495 1768 1532 1795 et

217 1817 465 1866 angelorum,
507 1817 568 1854 cui
609 1818 655 1852 de
696 1825 847 1864 quanto
890 1829 1027 1853 sumus
1067 1816 1281 1853 similiores
1320 1830 1457 1853 sumus
1496 1825 1533 1853 et

216 1875 494 1924 perfecciores.
547 1878 632 1923 Ipse
679 1882 811 1911 autem
861 1884 918 1911 est
963 1874 1184 1923 perfeccior
1224 1888 1343 1923 quam
1389 1874 1533 1924 aliquis

218 1942 374 1970 creatus
407 1933 581 1982 spiritus.

275 1994 323 2028 Et
356 1994 428 2029 hec
460 1992 569 2028 racio
603 2006 726 2040 quare
758 1991 1002 2039 Augustinus
1037 1990 1132 2027 dicit
1165 1992 1273 2039 quod
1306 1991 1460 2039 positus
1493 1991 1533 2027 in

159 2054 201 2085 30
218 2050 442 2099 adopcione
476 2059 517 2086 ut
550 2050 599 2086 sit
632 2053 754 2087 homo
786 2050 847 2086 vel
880 2050 1044 2097 angelus
1078 2049 1240 2097 eligeret
1273 2062 1356 2085 esse
1389 2050 1532 2093 homog

221 2112 323 2145 Deus
353 2107 459 2145 enim
490 2108 604 2144 aliter
627 2122 707 2145 non
731 2108 963 2157 precederet
987 2107 1026 2143 in
1050 2106 1296 2155 perficiendo
1327 2106 1532 2144 hominem

217 2167 266 2202 ad
287 2167 447 2215 plenam
464 2166 753 2203 beatitudinem
778 2165 955 2202 animam
981 2178 1071 2201 cum
1096 2177 1267 2213 corpore
1291 2165 1532 2213 copulando,

217 2237 288 2261 nec
333 2224 566 2261 affectarent
611 2224 742 2261 anime
787 2225 901 2260 beate
940 2223 1055 2260 aliter
1094 2222 1331 2271 corporibus
1371 2222 1533 2269 reuniri,

216 2295 289 2319 nec
322 2283 423 2319 foret
463 2295 563 2331 opus
596 2292 738 2320 nature
771 2283 839 2318 sed
872 2281 1011 2330 pocius
1046 2281 1117 2318 Dei
1156 2280 1251 2318 mali
1291 2293 1534 2329 componere

162 2345 200 2378 35
219 2341 423 2378 hominem
459 2354 502 2378 ex
536 2353 704 2390 corpore
738 2350 774 2377 et
808 2339 955 2386 anima,
990 2339 1021 2376 si
1055 2352 1201 2388 corpus
1234 2339 1364 2387 ipsum
1389 2339 1535 2388 irnper-

221 2399 329 2436 ficiat
369 2408 406 2436 et
443 2399 681 2436 nullomodo
720 2398 916 2448 perficiat.
962 2398 1072 2434 Sicut
1112 2410 1203 2446 ergo
1244 2410 1389 2446 corpus
1428 2397 1535 2434 beati

219 2458 338 2494 habet
377 2457 586 2506 propriam
626 2457 916 2494 beatitudinem
955 2457 1085 2493 solum
1125 2456 1293 2502 finitam,
1334 2455 1390 2492 sic
1429 2457 1535 2492 Deus

286 2566 316 2591 4.
333 2557 371 2584 E:
395 2557 509 2591 diligat.
567 2556 594 2584 6.
610 2556 694 2584 ΑΒΕ
715 2556 745 2584 in
767 2565 881 2591 marg:
902 2556 950 2583 Ad
967 2561 1015 2583 2¹⁰.
1071 2554 1097 2583 S.
1114 2555 1183 2582 DE:
1205 2563 1386 2587 numerum3
1408 2555 1448 2582 ib.
1465 2555 1533 2582 DE:

218 2592 342 2619 abiecte.
417 2600 445 2627 9.
461 2591 501 2619 E:
522 2592 629 2619 eadem
650 2596 694 2618 est
715 2591 786 2628 alia,
857 2599 890 2618 11.
906 2591 946 2618 E:
968 2591 1056 2626 plene
1077 2591 1171 2618 deest.
1246 2598 1288 2623 14,
1305 2590 1343 2617 15.
1359 2590 1402 2617 D:
1424 2590 1536 2617 debent

219 2636 267 2658 se:
288 2627 328 2654 ib.
344 2626 384 2654 E:
407 2626 620 2654 misericordie
640 2635 681 2653 se.
757 2628 798 2653 10.
820 2626 889 2653 DE:
910 2625 1055 2653 volutive.
1131 2634 1169 2660 17.
1191 2625 1277 2652 ΑΒΕ
1296 2625 1326 2652 in
1348 2632 1462 2658 marg:
1485 2625 1533 2651 Ad

219 2662 358 2689 tercium.
432 2669 475 2689 22.
498 2661 617 2700 animag
639 2662 681 2688 Il:
703 2665 842 2700 tempus;
864 2661 904 2688 E:
926 2669 990 2687 cns.
1059 2659 1105 2699 26,
1122 2660 1166 2687 A:
1189 2659 1332 2699 etde-est.
1399 2667 1446 2698 ξς).
1462 2660 1535 2686 Ain

221 2704 333 2732 marg:
362 2696 444 2723 Nota
463 2697 692 2731 Augustulum:
724 2696 748 2723 Ι)
769 2704 799 2723 in
821 2704 937 2730 marg:
966 2696 1163 2727 Augustinus
1192 2695 1315 2728 eligeret
1342 2702 1450 2729 pocius
1470 2703 1535 2720 esse

221 2731 314 2758 {inmo
335 2739 428 2766 quam
449 2731 585 2766 angelus.
685 2730 729 2758 32.
752 2730 791 2757 E:
815 2731 935 2765 plenam
958 2725 1052 2757 deest.
1153 2729 1197 2758 35.
1219 2730 1247 2756 A
1268 2729 1297 2756 iu
1319 2737 1434 2763 marg:
1455 2728 1535 2755 Nola

218 2766 300 2800 quod
323 2774 437 2801 corpus
459 2765 577 2801 perficit
597 2765 733 2793 animam
755 2765 858 2801 aliquo
880 2765 984 2792 modo.

292 2848 340 2869 11.
359 2836 502 2869 ‘Sortes'
519 2837 569 2869 Cf.
589 2836 748 2879 Wyclif's
778 2838 826 2868 De
845 2836 1116 2878 Composicione
1146 2837 1320 2876 Hominis,
1351 2836 1407 2867 ed.
1428 2836 1530 2876 Beer,

218 2893 295 2926 pag.
316 2893 390 2924 144.
489 2893 541 2926 ²9·
567 2883 659 2926 Opp.
687 2891 770 2915 tom.
792 2883 861 2922 VII,
889 2882 973 2924 2353
999 2883 1056 2924 IV,
1085 2883 1163 2916 203.
