1986 3380
249 284 383 313 sERMO
401 273 584 330 xxxiiii]
724 286 932 318 SECUNDA
964 286 1086 317 PARS.

249 404 285 431 ct
319 393 682 442 evangelizantibus
722 393 963 429 extrinsecus
998 401 1262 428 maturantur.
1301 393 1400 441 Ego,
1434 391 1561 440 inquit

249 453 478 500 Apostolus,
508 452 698 501 plantavi,
722 451 860 500 Apollo
884 450 1043 501 rigavit,
1069 451 1173 486 Dens
1201 457 1326 486 antem
1351 450 1559 486 incremen-

248 519 326 546 [nm
362 511 476 546 dedit.
512 509 577 546 Isti
619 518 753 545 autem
787 509 841 545 sic
883 508 1071 545 maturati
1104 507 1284 555 indigent
1323 516 1364 543 ut
1398 508 1562 544 ulterius

250 569 288 604 in
341 569 484 604 celeste
533 568 720 603 horreum
774 566 1056 606 immittantur,
1108 567 1175 602 sed
1225 565 1399 614 operarii
1451 565 1563 602 istius

217 625 473 666 finiinisterii,
521 627 595 661 hoc
641 634 710 669 est.
756 624 1029 672 predicatores
1077 624 1259 660 efficaces
1304 633 1396 659 sunt
1448 624 1562 660 valde

249 684 379 732 pauci,
413 692 455 719 ut
490 692 599 731 patet
628 696 670 719 ex
705 682 864 719 malicia
887 684 1158 719 sacerdotum.
1193 683 1284 718 Ideo
1320 695 1409 718 curn
1445 694 1564 718 omne

250 744 401 778 donum
441 741 661 789 perfectum
703 742 909 776 desursum
952 740 1155 777 descendit
1196 753 1217 776 a
1249 740 1447 776 Trinitate
1488 753 1563 788 que

250 809 307 836 est
339 808 453 848 pater
476 798 686 841 luminum,
722 798 868 834 Christi
892 798 1063 846 apostoli
1089 799 1231 834 debent
1260 811 1400 845 rogare
1433 797 1562 846 ipsum

250 857 316 906 qui
351 867 407 894 est
440 857 627 894 dominus
668 856 783 893 huius
824 857 961 893 messis
1001 865 1043 892 ut
1077 856 1208 893 mittat
1248 869 1314 892 eos
1354 865 1562 904 tamquam

196 928 234 950 10
249 915 456 964 operarios
490 915 529 951 in
564 927 732 952 messem
766 917 865 951 bene
906 914 1141 962 dispositam
1183 924 1348 962 propter
1383 915 1457 951 hoc
1491 914 1563 950 mi-

247 973 457 1011 nisterium
492 983 573 1010 tam
607 973 789 1021 largiflue
822 972 1092 1021 premiandOS.

307 1034 362 1068 Ex
394 1044 473 1080 quo
506 1040 669 1068 notatur
702 1032 809 1079 quod
843 1031 939 1067 nulli
965 1031 1221 1080 predicabant
1254 1031 1326 1066 nisi
1362 1031 1564 1066 mittantur

250 1094 305 1136 (ut
345 1089 490 1126 dicitur
529 1091 579 1126 ad
618 1092 733 1126 Rom.
767 1091 834 1132 X0,
880 1090 960 1136 15).
1002 1088 1042 1125 Si
1083 1097 1215 1125 autem
1263 1088 1444 1124 minister
1482 1102 1563 1125 non

251 1148 425 1184 mittitur
458 1161 479 1184 a
514 1147 675 1184 Christo
708 1149 757 1184 ad
792 1147 897 1183 istud
931 1146 1124 1193 officium,
1165 1146 1307 1182 furtive
1341 1146 1563 1194 ingreditur

197 1211 231 1242 15
250 1215 458 1255 tamquam
483 1208 612 1254 lupus.
637 1208 684 1242 Et
709 1219 750 1242 ex
775 1206 850 1242 isto
874 1214 981 1241 textu
1005 1204 1148 1253 prelati
1166 1204 1305 1241 cesarii
1330 1205 1563 1253 blaspheme

250 1265 449 1301 blaterant
495 1265 603 1312 quod
649 1264 723 1299 nisi
770 1264 843 1312 ipsi
889 1263 1100 1300 licencient
1146 1272 1503 1311 quantumcunque
1542 1276 1563 1299 a

249 1324 333 1359 Deo
374 1322 526 1359 habiles
566 1335 645 1358 non
680 1322 771 1358 licet
804 1322 880 1358 illis
914 1322 1064 1369 populo
1099 1321 1320 1369 predicare.
1361 1323 1409 1357 Et
1449 1334 1563 1369 argu-

250 1390 428 1417 mentum
462 1382 511 1417 ad
546 1382 621 1417 hoc
655 1390 710 1416 est
735 1382 840 1428 quod
866 1388 1026 1428 oportet
1059 1381 1167 1427 quod
1202 1379 1412 1415 mittantur
1435 1392 1457 1415 a
1481 1381 1564 1415 Deo

249 1440 299 1475 ad
333 1438 431 1474 illud
455 1438 653 1477 officium:
688 1451 780 1486 ergo
814 1446 973 1486 oportet
998 1439 1105 1485 quod
1140 1438 1188 1473 ab
1222 1437 1299 1473 illis
1333 1437 1563 1473 mittantur:

193 1512 233 1534 20
249 1509 324 1545 que
359 1496 651 1545 consequencia
683 1509 764 1532 non
798 1498 961 1533 haberet
997 1496 1171 1532 colorem
1207 1495 1281 1531 nisi
1316 1495 1371 1531 illi
1405 1504 1564 1543 satrape

249 1555 390 1591 forent.
427 1556 528 1602 Sepe
552 1555 714 1603 quidem
740 1554 933 1601 contingit
965 1555 1071 1602 quod
1097 1566 1235 1590 eorum
1260 1554 1414 1590 vet-acio
1448 1563 1564 1590 nocet

249 1614 413 1661 populo,
449 1625 538 1649 cum
574 1625 754 1660 expresse
778 1613 855 1648 sint
888 1612 927 1649 in
951 1612 1127 1660 capitulo
1161 1611 1439 1659 phariseorum
1466 1625 1565 1660 quos

249 1671 430 1708 Christus
462 1673 583 1715 (Luce
616 1672 701 1710 XIO.
731 1672 795 1715 52)
828 1670 883 1707 sic
917 1671 1081 1707 salutat:
1115 1671 1164 1706 Ve
1189 1669 1292 1705 vohis
1316 1671 1565 1720 legisperitis,

249 1730 334 1779 quia
374 1729 514 1765 tulistis
546 1729 693 1765 clavem
731 1729 902 1775 sciencie,
941 1729 1015 1777 ipsi
1052 1741 1124 1764 non
1157 1724 1351 1763 'introistis
1391 1736 1426 1764 et
1464 1728 1566 1776 ipsos

193 1792 231 1824 25
249 1788 312 1837 qui
342 1787 549 1824 introibant
567 1787 832 1836 prohibuistis.
867 1787 1061 1823 Auferunt
1085 1795 1217 1823 autem
1243 1786 1387 1834 prelati
1412 1787 1564 1822 clavem

249 1845 433 1891 sciencie,
474 1846 635 1894 quando
668 1844 852 1881 videntur
892 1845 992 1881 ferre
1031 1843 1312 1893 potestativam
1349 1844 1564 1880 scienciam

250 1913 286 1940 et
319 1912 454 1940 tamen
487 1902 833 1951 inpresenciarum
867 1903 938 1939 Dei
971 1902 1142 1939 sciencie
1175 1911 1266 1938 sunt
1299 1911 1489 1950 expertes,
1530 1911 1566 1938 et

251 1961 342 1998 hinc
375 1961 450 2010 ipsi
483 1974 556 1998 nec
582 1970 754 2009 pascunt
787 1974 879 1998 oves
901 1961 1031 1998 verbis
1055 1960 1280 1997 salubribus
1305 1962 1372 1997 sed
1397 1973 1564 2003 veneno,

249 2032 322 2057 nec
367 2019 605 2068 permittunt
650 2021 756 2068 quod
801 2019 868 2056 alii
915 2019 1023 2056 docti
1068 2028 1105 2055 et
1152 2018 1260 2055 missi
1302 2031 1322 2055 a
1363 2021 1446 2055 Deo
1491 2020 1566 2055 hoc

194 2084 235 2116 30
250 2077 400 2114 faciunt
446 2090 489 2114 ex
534 2090 606 2114 suo
646 2078 751 2114 fastu
790 2086 826 2114 et
866 2087 1008 2126 questu
1051 2076 1215 2113 indubie
1261 2077 1360 2113 moti
1400 2079 1450 2113 ad
1491 2077 1566 2113 hoc

249 2135 401 2172 facinus
424 2137 753 2184 perpetrandum.
785 2138 866 2172 Nec
890 2135 1006 2172 video
1036 2136 1242 2183 quomodo
1273 2134 1566 2172 ecclesiasticus

249 2202 383 2242 posset
422 2193 629 2242 patencius
675 2195 845 2242 prodere
886 2196 1012 2230 Deum
1058 2206 1188 2235 suum,
1227 2202 1312 2229 tum
1354 2193 1446 2241 quia
1486 2206 1566 2229 non

249 2251 376 2300 pascit
420 2253 489 2288 sed
528 2252 707 2300 depascit
746 2264 907 2300 gregem
948 2251 1123 2297 Domini,
1171 2260 1256 2287 tum
1302 2251 1429 2288 eciam
1474 2251 1567 2299 quia

249 2323 383 2347 servos
417 2323 516 2358 quos
550 2309 746 2347 Dominus
780 2310 964 2347 habilitat
998 2319 1117 2358 atque
1151 2309 1273 2345 mittit
1306 2310 1496 2357 reprobat
1530 2318 1567 2346 et

194 2373 232 2406 35
250 2367 421 2417 expellit.

310 2426 418 2463 Licet
451 2435 585 2463 autem
619 2439 710 2463 raro
745 2427 952 2475 contingat
985 2425 1301 2467 sermocinantes
1341 2425 1487 2473 fingere
1527 2438 1567 2462 se

252 2484 355 2521 mitti
378 2497 400 2522 a
423 2487 520 2531 Deo,
546 2497 635 2521 eum
662 2486 737 2521 hoc
762 2486 869 2533 quod
892 2484 970 2521 sint
999 2484 1082 2532 lupi
1106 2483 1276 2520 heresim
1310 2483 1566 2523 seminantes,

319 2595 343 2623 3.
364 2597 408 2623 A:
430 2596 489 2623 Ista
507 2618 512 2622 .
529 2618 534 2623 .
553 2618 558 2623 .
576 2618 581 2623 .
599 2601 759 2623 maturata.
835 2605 875 2625 w,
899 2605 931 2623 ιι.
952 2598 997 2623 A:
1019 2596 1179 2631 operarios
1198 2611 1231 2614 —
1253 2595 1452 2631 premiandos
1473 2596 1566 2622 deest.

251 2630 287 2659 13.
310 2631 333 2658 Ε
354 2631 382 2658 iil
405 2639 518 2666 marg:
540 2631 651 2658 Nullus
672 2631 806 2666 predicet
828 2631 883 2658 uisi
907 2631 1054 2658 mittatur.
1113 2639 1153 2664 14.
1170 2630 1238 2658 DE:
1260 2630 1364 2657 furtim
1387 2630 1566 2665 ingreditur.

250 2674 288 2701 17-
310 2666 334 2693 E
354 2667 382 2693 iu
406 2674 519 2701 marg:
542 2667 770 2702 Argumentum
793 2675 848 2700 pro
870 2666 1018 2693 missione
1039 2666 1279 2700 predicatorum.
1373 2667 1413 2692 ιδ.
1436 2665 1480 2692 A:
1502 2673 1567 2692 mu-

249 2706 361 2728 tantur.
448 2709 490 2736 19.
513 2701 557 2728 A:
580 2701 671 2728 istud.
759 2708 796 2728 21.
819 2701 843 2727 Ι)
866 2702 894 2728 iu
918 2709 1032 2736 marga
1054 2701 1146 2728 Deus.
1237 2708 1280 2727 22.
1302 2700 1343 2727 l):
1367 2700 1395 2727 in
1417 2704 1566 2734 tempore.

249 2735 292 2763 23.
314 2736 338 2763 E
358 2735 386 2762 iu
410 2743 523 2770 marg:
545 2735 699 2763 Salutacio
721 2735 947 2770 phariseorum.
1013 2743 1058 2770 24.
1081 2735 1150 2763 DE:
1172 2735 1222 2770 qui
1244 2734 1372 2764 tulistis:
1395 2736 1439 2762 A:
1460 2734 1566 2761 tulisti.

250 2770 292 2798 25.
315 2770 339 2797 E
358 2770 387 2797 iu
411 2778 525 2805 marg:
556 2770 664 2797 prelati
685 2773 827 2797 auferunt
847 2771 962 2797 clarem
985 2770 1125 2798 sciencie.
1146 2770 1236 2797 Nota.
1364 2769 1408 2797 28.
1429 2770 1474 2796 A:
1505 2777 1566 2796 nou

252 2810 390 2839 pascum.
534 2812 581 2839 29.
603 2805 647 2831 A:
679 2805 837 2840 permittit.
982 2804 1027 2832 30.
1051 2805 1118 2832 DE:
1140 2805 1270 2837 iaciant:
1299 2804 1339 2831 ib.
1363 2805 1406 2831 A:
1438 2812 1473 2830 ex
1494 2812 1564 2838 quo.

250 2840 294 2874 32,
315 2839 358 2867 33.
379 2840 425 2866 A:
446 2843 510 2866 tum
530 2855 564 2858 —
584 2839 708 2866 nomini
731 2840 823 2867 deest.
898 2839 939 2866 33.
957 2841 1001 2867 A:
1023 2845 1086 2867 tuin
1108 2845 1145 2866 et.
1221 2838 1267 2873 34.
1282 2841 1326 2866 A:
1348 2838 1512 2865 lmmiiitat.

323 2921 353 2943 2.
382 2913 392 2943 1
421 2913 500 2944 eor.
529 2912 582 2952 111,
609 2912 640 2944 6.

1770 279 1842 316 281

1588 1027 1666 1054 How
1689 1028 1852 1062 preacliers

1645 1071 1695 1090 are
1716 1067 1790 1090 sent.
