1986 3380
188 287 324 316 sERMO
346 275 439 333 Lm]
659 287 871 320 SECUNDA
900 287 1022 318 PARs.

191 397 231 433 fit
272 409 315 433 ex
355 395 572 433 devocione
613 402 719 431 recta
759 394 978 430 secundum
1019 393 1174 440 regulas
1211 395 1303 429 ,lesu
1337 394 1497 433 Christi,

189 456 351 503 quando
390 454 494 490 enim
535 452 715 489 Christus
755 451 850 488 dicit
890 453 996 487 Luce
1027 452 1148 495 X1V0‚
1187 450 1256 486 33:
1298 451 1384 486 Nisi
1419 452 1500 499 quis

101 506 173 567 *20¹3
190 512 473 549 renunciaverit
518 511 691 547 omnibus
736 522 805 558 que
844 509 1028 558 possidet,
1065 504 1068 562 Ι
1112 521 1183 544 non
1225 516 1351 557 potest
1397 521 1501 544 meus

94 561 157 582 ²³²
189 583 269 607 esse
302 570 524 619 discipulus.
558 568 667 605 Talis
702 577 895 616 patronus
929 566 1024 603 dicit
1058 575 1240 603 econtra:
1298 565 1380 602 Nisi
1414 566 1500 614 quis

156 633 317 665 5totum
362 635 622 675 patronatum
664 638 796 662 meum
842 624 1064 673 possederit
1108 633 1228 673 atque
1268 624 1500 663 defenderit,

188 699 269 722 non
302 687 418 722 debet
457 697 540 721 esse
576 696 686 720 meus
720 682 1036 719 elemosinarius.
1078 684 1126 718 Et
1159 682 1214 718 sic
1248 683 1295 719 de
1328 681 1502 730 privato-

190 757 277 780 rum
311 743 498 779 ordinum
534 740 854 778 fundacionibus.

247 800 470 848 Dupliciter
503 809 637 837 autem
662 808 829 847 possunt
853 799 1018 847 intelligi
1045 799 1134 835 talis
1158 798 1235 835 olei
1259 797 1501 839 venditores,

189 860 249 896 vel
282 859 337 895 illi
378 859 576 895 seculares
615 866 682 893 aut
722 857 882 905 patroni
923 857 988 905 qui
1029 858 1205 893 vendunt
1243 854 1503 892 devocionem

137 917 229 953 10in
263 916 444 965 sequenti
477 915 633 964 privato
667 914 806 951 ordine
840 923 1005 963 propter
1044 914 1243 963 premium
1282 913 1505 961 temporale

189 975 250 1012 vel
289 975 354 1011 ille
397 982 502 1011 secte
547 973 700 1022 private
740 985 816 1021 que
854 973 1030 1008 vendunt
1064 972 1323 1009 devocionem
1366 972 1505 1007 funda-

190 1032 356 1078 toribus,
410 1040 631 1069 asserentes
675 1030 888 1067 infideliter
941 1032 1047 1078 quod
1092 1032 1295 1067 habebunt
1348 1038 1503 1066 tantum

191 1091 388 1140 privatum
436 1089 643 1138 spirituale
686 1088 918 1136 suffragium
963 1097 1053 1136 post
1101 1089 1205 1125 diem
1260 1087 1416 1133 iudicii;
1471 1096 1506 1123 et

191 1158 342 1186 certum
378 1157 434 1184 est
476 1148 582 1196 quod
615 1159 687 1183 nec
727 1146 791 1182 isti
830 1159 903 1183 nec
943 1146 998 1182 illi
1038 1147 1136 1183 tales
1169 1146 1396 1183 venditores
1430 1144 1507 1181 olei

137 1211 358 1256 15possunt
401 1215 495 1242 tunc
534 1218 626 1242 suos
666 1204 905 1242 correlarios
945 1205 1135 1241 habentes
1181 1213 1275 1241 tunc
1316 1203 1507 1240 extinctas

190 1266 398 1314 lampades
437 1264 639 1302 adiuvare.
684 1264 800 1300 Certa
842 1262 978 1310 itaque
1018 1271 1074 1299 est
1108 1262 1254 1299 Christi
1294 1261 1435 1310 religio
1469 1260 1508 1297 in

191 1336 269 1372 qua
314 1331 524 1372 sequentes
569 1319 843 1358 ordinacionis
888 1333 956 1357 sue
1000 1321 1127 1369 legem
1169 1330 1205 1357 et
1253 1319 1507 1368 perficientes

192 1394 280 1419 eam
327 1380 500 1417 finaliter
545 1379 584 1416 in
629 1378 919 1416 beatitudinem
966 1378 1095 1426 patrie
1140 1379 1397 1423 inducuntur,
1443 1376 1509 1414 alii

192 1448 325 1477 autem
351 1439 486 1476 clausa
509 1437 627 1475 ianua
650 1437 933 1482 excluduntur;
958 1445 994 1472 et
1017 1436 1072 1473 sic
1090 1437 1338 1473 seminantur
1353 1435 1510 1484 spissim

135 1511 176 1532 20
192 1497 419 1535 venditores
452 1496 529 1533 olei
562 1508 632 1544 per
672 1494 890 1543 discipulos
921 1494 1170 1531 Antichristi.
1225 1494 1366 1531 Omnis
1406 1493 1509 1530 enim

193 1568 298 1604 papa
330 1556 390 1591 vel
435 1554 659 1603 episcopus,
700 1552 879 1601 privatus
921 1553 1021 1589 ordo
1060 1554 1120 1589 vel
1162 1552 1381 1589 chullarius
1419 1564 1511 1600 pro-

194 1613 355 1650 mittens
388 1611 689 1649 infundabiliter
723 1610 834 1647 laicis
858 1610 1066 1659 spirituale
1099 1611 1334 1659 suffragium
1368 1609 1408 1646 in
1432 1621 1511 1658 quo

193 1683 359 1709 erronee
399 1679 489 1707 sunt
529 1669 659 1707 devoti
703 1678 760 1705 est
793 1668 963 1705 iniustus
996 1669 1179 1705 venditor
1219 1668 1296 1705 olei
1330 1667 1397 1717 qui
1431 1680 1511 1704 non

192 1729 340 1779 poterit
374 1729 412 1765 in
445 1727 555 1765 finali
587 1726 737 1764 iudicio
770 1727 993 1775 suffragari.

137 1789 175 1822 25
251 1790 300 1824 Et
351 1787 405 1823 sic
457 1788 590 1836 quoad
639 1786 857 1822 secundum
910 1785 1062 1821 dictum
1114 1794 1170 1821 est
1221 1785 1354 1833 sepius
1405 1785 1512 1832 quod

197 1846 363 1883 stultum
380 1846 482 1881 foret
504 1857 584 1881 non
609 1845 822 1880 habentem
848 1845 898 1880 ad
922 1844 997 1879 hoc
1022 1842 1314 1879 revelacionem
1338 1854 1514 1879 asserere

195 1916 443 1953 quemquam
476 1903 560 1939 fore
594 1903 898 1950 dampnandum
932 1910 1097 1949 propter
1130 1902 1205 1938 hoc
1240 1902 1348 1950 quod
1381 1899 1421 1937 in
1444 1899 1513 1937 tali

195 1961 406 2011 proposito
450 1961 511 1998 vel
552 1960 693 1996 ordine
735 1958 1043 2003 consummavit,
1091 1972 1180 1996 cum
1220 1958 1260 1995 in
1299 1967 1513 2007 quantum-

197 2032 354 2069 cunque
398 2031 522 2067 parvo
566 2027 749 2066 tempore
793 2017 833 2053 in
877 2030 949 2054 suo
993 2017 1097 2053 exitu
1142 2017 1323 2065 graciose
1368 2016 1512 2053 reverti

139 2079 180 2111 30
196 2078 345 2127 poterit
378 2079 427 2114 ab
461 2088 609 2113 errore.

254 2135 351 2173 Tria
389 2144 525 2172 tamen
561 2134 745 2171 videntur
784 2132 900 2179 mihi·
926 2132 1152 2181 probabilia
1190 2133 1230 2168 in
1275 2134 1349 2169 hac
1387 2140 1513 2180 parte,

199 2194 331 2243 primo
365 2194 472 2242 quod
507 2192 735 2241 quicunque
769 2190 1112 2227 consummaverit
1136 2190 1176 2226 in
1200 2190 1276 2227 isto
1301 2202 1435 2226 errore
1459 2198 1516 2225 est

200 2252 499 2300 dampnandus,
534 2251 711 2287 secundo
744 2250 851 2298 quod
884 2248 1145 2297 indisposicio
1170 2247 1349 2285 criminis
1382 2260 1425 2284 ex
1448 2249 1516 2284 ad-

198 2310 406 2348 versancia
454 2307 707 2345 ordinacioni
755 2316 791 2343 et
836 2306 911 2354 legi
957 2306 1104 2343 Christi
1153 2306 1378 2354 periculose
1423 2318 1516 2342 con-

143 2371 182 2403 35
199 2369 378 2405 tinuatur
416 2367 456 2403 in
494 2365 706 2412 viantibus,
752 2377 842 2402 cum
881 2365 942 2401 vel
981 2365 1108 2401 malus
1147 2365 1207 2401 vel
1248 2363 1421 2400 difficilis
1467 2363 1517 2400 sit

200 2426 277 2464 illis
311 2426 449 2463 exitus.
483 2427 573 2461 Non
607 2423 713 2461 enim
746 2424 989 2459 credendum
1032 2431 1089 2459 est
1128 2424 1237 2471 quod
1270 2421 1517 2470 Augustinus

201 2493 238 2522 et
291 2483 413 2521 ceteri
457 2481 584 2519 sancti
629 2482 788 2518 fuerunt
834 2493 923 2517 cum
969 2480 1053 2517 istis
1098 2480 1263 2528 privatis
1309 2479 1516 2517 ordinibus

201 2541 444 2591 desponsati.
497 2541 546 2576 Et
584 2539 708 2576 tercio
748 2538 905 2575 videtur
938 2538 1035 2575 mihi
1076 2542 1181 2584 (cum
1216 2551 1308 2587 pars
1341 2537 1519 2575 securior

273 2719 294 2738 1.
314 2711 339 2738 D
361 2710 390 2738 in
412 2718 525 2749 marg:
552 2709 643 2736 Nota.
687 2744 690 2745 V
762 2708 790 2736 8.
812 2708 836 2736 E
856 2708 885 2736 in
907 2716 1021 2744 marg.:
1043 2708 1220 2735 Vendentes
1241 2708 1342 2735 oleum
1363 2706 1414 2742 qui
1437 2711 1516 2733 sunt.

203 2747 230 2774 8.
251 2747 296 2774 A:
328 2745 380 2772 sed
407 2744 587 2780 dupliciter,
617 2743 657 2771 ib.
678 2743 746 2771 DE:
779 2748 889 2779 potest.
1033 2743 1070 2771 15.
1093 2743 1117 2770 E
1143 2743 1172 2770 in
1201 2751 1314 2777 marg:
1346 2742 1518 2769 collatores.

202 2788 247 2808 20.
268 2780 293 2808 E
312 2779 343 2807 in
364 2787 479 2815 marg:
500 2779 591 2807 Nota.
734 2786 772 2805 21.
794 2777 863 2805 DE:
885 2777 1053 2805 chullarius
1074 2778 1176 2811 deest,
1207 2782 1302 2804 recte:
1324 2775 1518 2804 cucullarius.

203 2815 244 2844 25.
266 2816 295 2842 A
314 2814 345 2842 in
365 2822 480 2849 marg.:
502 2813 551 2842 Ad
572 2818 630 2848 2¹²²,
649 2813 674 2840 E
694 2812 723 2840 in
746 2821 860 2848 marg:
883 2820 908 2840 2.
1052 2820 1096 2847 27.
1117 2813 1162 2840 A:
1185 2821 1251 2839 esse
1272 2811 1518 2846 dampnandum.

204 2850 249 2884 28,
269 2857 318 2886 29.
338 2850 384 2877 A:
405 2856 599 2884 quocunque.
660 2846 698 2876 31.
715 2847 740 2876 E
753 2848 784 2875 in
800 2855 913 2882 marg:
935 2846 1017 2874 Nota
1037 2847 1085 2875 hic
1105 2847 1172 2874 tria.
1234 2846 1279 2881 32,
1295 2845 1338 2882 33,
1354 2845 1399 2873 38.
1414 2845 1470 2873 ΑΕ
1489 2845 1519 2872 in

205 2892 319 2920 marg:
342 2892 362 2917 1,
377 2891 393 2922 .²
419 2883 444 2912 3.
501 2881 544 2910 32.
561 2883 604 2910 A:
627 2883 685 2910 isto
706 2882 878 2918 proposito.
935 2880 978 2909 33.
995 2883 1039 2909 A:
1061 2881 1200 2910 criminis
1221 2889 1324 2917 quam.
1380 2879 1424 2908 36.
1445 2879 1470 2907 E
1490 2879 1518 2907 in

210 2927 324 2955 marg.:
345 2906 425 2947 Vide
445 2922 566 2946 attente.

1703 278 1779 323 443

1545 806 1657 833 Sellers
1678 806 1711 832 Ol
1729 805 1767 830 oil

1535 849 1584 867 are
1605 841 1691 867 those
1713 840 1781 866 who

1534 875 1658 910 pretend
1682 874 1787 909 falsely

1522 915 1550 937 11»
1572 910 1638 944 give
1656 908 1794 944 spiritual

1626 945 1686 971 aid.

1552 1791 1729 1826 possibility
1750 1790 1785 1817 os

1528 1828 1586 1854 late
1608 1830 1800 1861 rcpentance.

1585 2140 1707 2175 Danger
1727 2140 1761 2166 of

1622 2183 1716 2202 error.
