1986 3380
199 288 334 317 sERMO
355 280 464 338 xm]
677 295 890 328 SECUNDA
920 297 1043 328 PARS.

198 397 238 433 in
271 399 523 446 dyabolicam
548 400 826 438 infidelitatem
861 405 966 451 quod
991 403 1113 450 gratis
1136 405 1185 440 ab
1220 404 1273 440 eis
1307 406 1509 452 cognitum

200 459 417 504 reprobant
451 467 487 494 et
527 468 834 507 contempnunt.
883 462 1006 496 Debet
1039 470 1173 497 autem
1207 471 1349 498 notare
1383 463 1509 499 incre-

200 516 316 550 dulus
350 518 555 563 quomodo
586 518 696 553 Jeszts
730 519 961 554 descendens
994 520 1040 555 de
1073 528 1198 555 monte
1230 520 1310 556 sive
1344 522 1391 557 de
1424 522 1510 557 alti-

199 573 339 609 tudine
372 573 505 610 divina
537 574 615 610 sive
650 576 696 610 de
730 577 1076 624 contemplacione
1106 578 1331 625 evangelica
1351 579 1453 614 stetit
1476 580 1510 614 in

167 630 282 666 5Ioco
305 633 515 680 campestri
544 633 603 668 vel
637 634 753 669 basso
787 633 826 670 in
859 647 938 682 quo
972 644 1132 683 captata
1166 644 1223 671 est
1255 635 1329 671 sibi
1364 650 1511 684 oppor-

199 687 347 724 tunitas
376 691 596 725 secundum
628 691 784 738 regulas
808 692 934 728 active
957 692 1034 728 vite
1057 694 1251 741 populum
1276 694 1510 730 instruendi.

256 746 345 782 Fuit
377 756 511 783 autem
546 747 687 796 triplex
719 750 832 784 turba
857 763 932 798 que
966 750 1097 798 ipsum
1130 751 1326 798 audierat,
1360 751 1511 788 scilicet
1547 758 1647 785 Three
1667 760 1781 787 classes

198 803 381 852 discipuli
406 814 615 854 tamquam
639 807 835 854 pedagogi
858 808 1040 844 subditos
1063 808 1308 855 instructuri‚
1333 812 1510 846 secundo

197 862 308 908 plebs
341 861 501 899 iudaica
535 864 582 900 de
615 864 725 900 omni
754 877 898 912 genere
931 865 1156 911 iudeorum,
1191 876 1227 903 et
1251 868 1375 904 tercio
1400 869 1510 916 plebs

141 934 180 955 10
196 919 354 967 gentilis
388 933 464 969 que
497 930 587 969 post
621 922 922 959 conversionem
957 925 1006 960 ad
1041 924 1160 960 fidem
1185 926 1350 962 ecclesie
1383 927 1510 963 fuerat

195 977 447 1019 instruenda:
487 988 523 1015 et
563 979 638 1016 ista
676 980 752 1017 tria
790 994 936 1028 genera
973 995 1055 1018 non
1093 985 1335 1029 sacerdotes,
1383 984 1510 1020 scribe

196 1044 232 1071 et
265 1035 438 1083 pharisei
472 1038 613 1074 devote
646 1038 857 1075 audierant
888 1041 1053 1075 verbum
1078 1040 1239 1077 Christi.
1274 1043 1510 1078 Habuerunt

194 1102 327 1130 autem
362 1095 473 1142 plebs
506 1104 588 1131 tam
621 1096 829 1144 gentilium
863 1110 983 1146 quam
1017 1098 1228 1135 iudeorum
1263 1099 1508 1136 evidenciam

194 1152 383 1188 audiendi
429 1153 632 1189 Christum
678 1167 721 1191 ex
766 1156 841 1191 hoc
887 1157 995 1204 quod
1040 1169 1061 1191 α
1102 1158 1180 1193 suis
1224 1158 1510 1208 i1fi7·nzitatibus

141 1214 176 1246 15
193 1211 432 1246 sanabantur
463 1211 565 1248 sicut
598 1212 746 1249 curiosi
778 1215 1021 1263 quandoque
1045 1215 1249 1251 Christum
1284 1216 1507 1262 audierant,

193 1276 235 1303 ut
267 1269 327 1304 vel
360 1270 409 1305 ab
443 1281 490 1305 eo
522 1270 762 1307 subtilitates
786 1271 1038 1308 addiscerent
1060 1274 1121 1309 vel
1145 1286 1234 1309 eum
1260 1283 1448 1322 caperent
1470 1274 1509 1310 in

192 1338 390 1363 sermone.
408 1326 535 1364 Nimis
554 1337 686 1365 autem
706 1331 824 1366 rudes
839 1329 1004 1366 fuissent
1019 1330 1087 1379 qui
1102 1331 1232 1379 ipsum
1248 1342 1509 1381 sequerentur

193 1397 291 1432 pure
309 1394 474 1433 propter
490 1386 686 1422 cibarium
706 1389 935 1436 corporale;
954 1390 1059 1426 unde
1078 1389 1118 1425 in
1136 1390 1506 1436 confirmacionem,

192 1442 473 1479 induccionem
495 1453 531 1480 et
549 1445 879 1482 testificacionem
904 1447 999 1494 legis
1019 1447 1165 1483 Christi
1185 1449 1248 1496 qui
1265 1449 1509 1485 vexabantur

135 1513 213 1536 2oa
246 1502 444 1549 spiritibus
476 1502 683 1539 immundis
720 1505 971 1549 sanabantur,
1010 1505 1076 1541 ubi
1115 1514 1224 1553 patet
1265 1507 1506 1543 miraculum

193 1558 341 1595 Christi
371 1572 417 1595 ac
450 1569 626 1608 potestas
660 1574 779 1610 super
811 1563 1012 1609 demonia,
1049 1564 1322 1601 benefaciendi
1355 1567 1507 1614 populo

190 1616 336 1653 volicio
369 1618 564 1665 graciosa,
596 1632 689 1655 nam
724 1632 796 1656 nec
828 1620 1016 1657 valuisset
1049 1621 1138 1658 talis
1161 1622 1306 1659 volicio
1329 1623 1414 1659 sine
1438 1637 1507 1672 po—

191 1675 321 1711 tencia
345 1688 417 1711 nec
441 1686 623 1719 econtra:
657 1686 691 1713 et
716 1678 806 1714 hinc
830 1678 1019 1716 nimirum
1045 1681 1168 1716 omnis
1190 1681 1370 1728 predicta
1394 1683 1506 1717 turba

190 1734 371 1781 querebat
409 1735 606 1770 Christum
647 1743 810 1786 tangere
848 1737 934 1785 quia
975 1738 1098 1774 virtus
1135 1739 1181 1774 de
1212 1739 1278 1775 illo
1311 1740 1441 1775 exibat
1473 1748 1507 1776 et

135 1792 349 1827 zjwsanabat
394 1805 523 1828 omnes
569 1806 669 1841 quos
715 1794 878 1842 dignum
917 1794 991 1831 fuit
1034 1804 1130 1832 tunc
1176 1805 1212 1833 et
1251 1797 1385 1833 taliter
1424 1811 1507 1835 esse

190 1859 364 1893 sanatos,
400 1852 447 1886 de
481 1851 623 1899 quibus
659 1865 703 1887 ex
735 1853 843 1888 omni
873 1853 1001 1901 plebis
1023 1867 1168 1902 genere
1191 1864 1304 1891 erant
1326 1855 1505 1904 quidam.

254 1909 433 1945 Christus
465 1919 597 1945 autem
636 1910 754 1956 (sicut
786 1924 878 1960 sepe
912 1912 1064 1948 dictum
1098 1922 1156 1949 est
1188 1926 1232 1950 ex
1264 1922 1372 1950 textu
1405 1916 1506 1951 Mat-

191 1966 271 2002 thei
294 1968 362 2013 V⁰‚
391 1967 428 2014 3)
455 1968 612 2004 elevatis
635 1970 755 2005 oculis
776 1970 856 2006 suis
883 1971 919 2006 in
952 1971 1031 2006 eius
1063 1972 1272 2021 discipulos
1304 1973 1404 2008 dixit
1435 1973 1507 2009 eis:

191 2025 304 2060 Beati
328 2037 523 2074 pauperes
554 2027 706 2075 spiritu,
739 2029 915 2075 quoniam
950 2036 1119 2065 vestrum
1152 2038 1208 2066 est
1230 2043 1394 2081 regnum
1419 2031 1505 2077 Dei,

134 2085 175 2117 30
191 2082 257 2118 ubi
291 2082 446 2119 videtur
479 2096 705 2121 sermonem
741 2085 967 2134 specialiter
1000 2088 1049 2122 ad
1083 2088 1302 2136 discipulos
1335 2089 1506 2137 dirigere

191 2142 258 2176 sed
309 2154 449 2177 omnes
499 2155 613 2179 veros
665 2155 855 2191 sequaces
900 2157 1039 2181 eorum
1085 2145 1303 2182 includere.
1357 2149 1405 2182 Et
1449 2147 1505 2183 sic

191 2198 336 2235 exclusi
374 2208 465 2235 sunt
503 2201 614 2247 egeni
660 2202 840 2249 vulgares
885 2202 952 2251 qui
995 2203 1126 2239 solum
1171 2213 1262 2240 sunt
1308 2217 1505 2253 pauperes

188 2257 381 2303 violente;
421 2257 478 2294 illi
512 2259 616 2294 enirn
651 2272 732 2296 non
764 2269 855 2296 sunt
889 2273 1085 2311 pauperes
1115 2263 1268 2311 spiritu,
1307 2265 1375 2299 sed
1409 2263 1505 2299 dicti

189 2316 375 2363 apostoli,
420 2329 502 2352 non
546 2317 720 2365 pharisei
759 2318 912 2365 cesarii,
953 2319 1020 2367 qui
1064 2332 1137 2356 nec
1181 2329 1272 2356 sunt
1310 2333 1505 2371 pauperes

130 2376 171 2408 35
189 2374 327 2422 spiritu
359 2387 433 2410 nec
466 2375 621 2421 effectu,
657 2386 748 2412 sunt
782 2376 888 2413 beati
923 2377 986 2414 hic
1018 2378 1204 2414 arraliter
1237 2387 1274 2415 et
1306 2379 1347 2415 in
1381 2379 1504 2416 beati-

189 2432 325 2468 tudine
356 2432 541 2478 finaliter,
582 2435 759 2482 quoniam
793 2436 964 2484 ipsorum
998 2444 1054 2472 est
1086 2449 1251 2486 regnum
1284 2437 1370 2482 Dei,
1410 2437 1504 2486 quia

189 2490 370 2526 Christus
403 2503 522 2539 super
554 2492 691 2529 omnia
725 2494 831 2529 bona
863 2506 935 2530 sua
968 2493 1075 2542 ipsos
1108 2494 1329 2532 constituit.

255 2610 285 2636 4.
306 2602 374 2629 DE:
399 2602 476 2629 sicut
497 2603 550 2636 de:
580 2604 621 2630 ib.
645 2604 684 2630 13:
706 2604 852 2640 angelica.
986 2614 1012 2641 7.
1033 2604 1059 2632 E
1078 2605 1109 2633 in
1130 2614 1245 2641 marg:
1267 2606 1396 2642 Triplex
1415 2607 1503 2634 turba

187 2635 348 2664 Christum
369 2637 503 2671 audivit;
533 2639 561 2665 A
581 2639 611 2665 in
634 2647 754 2674 marg:
786 2647 806 2668 ι,
827 2647 854 2672 2,
875 2638 901 2666 3.
1029 2639 1066 2668 13.
1086 2641 1131 2668 A:
1163 2649 1270 2669 vocem
1294 2642 1398 2677 plebs;
1428 2642 1452 2669 E
1472 2642 1503 2669 in

188 2679 302 2705 marga
325 2672 439 2706 plebes.
499 2672 535 2699 15.
558 2673 628 2700 DE:
650 2674 774 2708 quando
796 2674 966 2701 Christum.
1024 2675 1066 2703 16.
1088 2675 1158 2702 DE:
1179 2676 1217 2703 ab
1237 2675 1317 2712 ipso.
1375 2684 1417 2715 ¹9·
1434 2676 1501 2704 DE:

187 2704 375 2734 inductivam
397 2711 425 2733 et
445 2707 709 2735 iustitie-monem.
792 2717 838 2735 20.
860 2708 928 2736 DE:
951 2709 1059 2744 patuit.
1143 2718 1182 2738 21.
1203 2712 1248 2738 A:
1270 2711 1385 2738 Christi
1407 2711 1501 2738 deest.

186 2748 230 2767 22.
252 2741 296 2768 A:
318 2741 450 2768 volucio.
585 2751 632 2777 24.
654 2744 699 2770 A:
720 2743 825 2770 Jesum
847 2748 980 2778 tangere.
1118 2745 1161 2773 25.
1183 2745 1252 2773 DE:
1274 2754 1335 2781 quo
1356 2746 1502 2781 dignum:

186 2775 226 2802 ib.
242 2775 312 2803 DE:
334 2780 362 2803 et
377 2776 471 2803 deest.
528 2777 573 2805 26.
589 2779 634 2805 A:
656 2778 807 2805 omnium.
864 2779 908 2805 28.
926 2778 994 2806 DE:
1017 2779 1092 2807 disci
1120 2781 1188 2807 ulis.
1244 2788 1292 2816 29.
1307 2781 1352 2808 A:
1375 2789 1501 2816 regnum

186 2810 334 2837 celorum.
398 2810 441 2838 32.
462 2811 487 2838 E
506 2812 535 2839 in
558 2820 673 2848 marg:
696 2813 848 2848 Pauperes
869 2813 1011 2841 violente.
1079 2813 1123 2842 3·.
1144 2816 1189 2842 A:
1211 2815 1305 2843 ducti.
1372 2815 1501 2843 35.1)13:

186 2853 247 2871 non
269 2850 351 2872 sunt.
422 2844 471 2873 36.
490 2847 536 2873 A:
558 2855 628 2875 cum
648 2848 778 2875 istorum
800 2852 854 2875 est.
927 2847 971 2883 37.
992 2849 1077 2884 ipsa;
1097 2849 1138 2877 E:
1159 2858 1223 2877 eos.

260 2927 309 2959 19.
340 2919 455 2950 Lucae
475 2919 532 2960 VI,
560 2918 609 2952 18.
709 2920 760 2952 23.
791 2920 835 2951 ib.
860 2930 910 2963 19·
1011 2930 1063 2964 29.
1090 2922 1135 2954 ib.
1165 2932 1218 2954 20.

1572 793 1601 819 in
1624 793 1753 821 Clu-ist's

1584 829 1740 856 audicuce.
