1986 3380
197 296 273 339 384
757 302 977 334 IOHANNIS
998 300 1178 332 wrciir
1196 298 1452 331 sERuoNuu
1541 284 1694 341 [SERMO
1716 293 1792 320 [ιιι.

481 411 548 444 sed
584 422 687 445 nunc
722 409 759 444 in
794 411 879 444 luce
915 408 1043 455 prima
1077 405 1331 453 singulariter
1366 404 1478 442 uniti,
1514 405 1618 451 quod
1655 403 1685 437 si
1720 416 1798 438 non

480 476 570 503 sunt
615 466 669 503 sic
719 468 780 503 lux
821 464 1074 514 singulariter
1115 472 1182 500 aut
1224 471 1429 498 moveatur
1469 461 1720 497 obstaculum
1763 469 1798 497 et

481 526 543 561 lux
604 525 732 572 prima
778 537 853 572 que
905 532 960 559 est
1012 534 1168 557 summa
1220 520 1350 556 unitas
1401 520 1620 556 secundum
1672 519 1796 565 legem

481 583 748 630 evangelicam
788 581 1016 622 illustrabit,
1052 580 1143 628 quia
1177 580 1239 614 lux
1273 578 1403 626 prima
1442 577 1526 614 sine
1559 576 1798 624 accepcione

482 654 649 689 persone
691 654 848 688 semper
889 649 923 676 et
965 638 1110 686 ubique
1151 637 1230 684 agit
1271 637 1488 673 secundum
1532 634 1830 683 capacitatcmfi

484 699 660 739 materie,
701 699 755 735 sie
796 698 899 734 enim
941 697 979 732 in
1019 708 1163 744 penam
1205 694 1360 743 peccati
1393 692 1538 742 prioris
1571 693 1634 729 lux
1667 692 1798 740 prima

481 757 642 793 indurat
682 769 750 792 cor
790 754 1009 792 Pharaonis
1050 763 1086 790 et
1125 753 1305 790 dissolvit
1349 761 1392 788 ut
1431 751 1599 800 glaciem
1641 750 1798 787 animos

481 815 741 851 lubricorum.
808 816 855 849 Et
907 812 1078 849 breviter
1139 824 1219 848 non
1271 820 1328 847 est
1377 809 1566 858 possibile
1620 808 1796 856 aliquam

482 873 768 922 proprietatem
833 870 1154 920 philosophicam
1218 868 1347 906 inesse
1403 866 1601 904 materiali
1657 865 1798 902 lumini

481 931 575 980 quin
606 929 970 979 proporcionabilis
1000 928 1092 965 insit
1114 926 1378 976 principalius
1407 926 1535 975 prime
1559 924 1649 961 luci.
1685 925 1799 961 Unde
1819 939 1857 960 10

483 988 774 1038 congruencius
833 997 890 1024 est
940 986 1192 1036 philosophis
1249 986 1468 1022 secundum
1522 982 1798 1019 habitudinem

483 1048 653 1096 primam
688 1048 817 1083 lucem
850 1055 887 1082 et
918 1046 1041 1082 libros
1074 1044 1322 1092 theologicos
1354 1040 1652 1091 philosophiam
1685 1053 1799 1077 suam

482 1105 688 1143 addiscere
727 1117 848 1153 quam
889 1105 995 1140 nude
1035 1112 1072 1140 et
1113 1103 1347 1151 imperfecte
1386 1101 1425 1137 in
1462 1099 1799 1149 philosophorum

483 1164 688 1200 codicibus
729 1172 765 1199 et
804 1161 1132 1199 consideracione
1170 1162 1277 1197 nuda
1317 1172 1386 1196 sue
1424 1157 1598 1195 essencie
1639 1166 1676 1193 et
1719 1169 1799 1193 non

483 1235 599 1259 cause
646 1220 774 1270 prime
819 1220 902 1257 sine
941 1233 1020 1269 qua
1060 1219 1182 1256 nichil
1221 1219 1394 1267 perfecte
1437 1215 1705 1264 cognoscitur.
1752 1216 1855 1250 Et15

481 1281 699 1317 secundum
734 1279 851 1315 istam
887 1278 1256 1315 consideracionem
1291 1275 1387 1312 dicit
1410 1273 1657 1323 Augustinus
1691 1273 1798 1322 quod

481 1339 642 1387 quelibet
676 1337 820 1374 veritas
847 1337 1116 1387 philosophica
1150 1335 1362 1372 includitur
1394 1334 1430 1369 in
1463 1333 1671 1383 scriptura.

974 1472 1168 1513 SERMO
1201 1471 1307 1512 LIII.

548 1570 622 1607 Vos
654 1569 742 1606 estis
775 1570 846 1606 lux
878 1568 1022 1605 mundi.
1057 1566 1224 1604 Matthei
1257 1567 1325 1612 VO,
1367 1578 1427 1611 14.

207 1637 449 1677 ,Propertiesof
542 1630 714 1674 Quando
758 1627 812 1663 fui
858 1627 990 1664 iunior
1035 1635 1072 1663 et
1116 1625 1155 1662 in
1201 1623 1474 1661 delectacione
1525 1634 1623 1670 vaga
1671 1620 1795 1668 magis
1811 1635 1854 1656 20

195 1672 271 1707 ¹¹g¹¹t
290 1673 467 1700 continued.
483 1686 678 1723 sollicitus
712 1685 853 1734 collegi
887 1685 1028 1721 diffuse
1060 1682 1330 1732 proprietates
1369 1680 1468 1717 lucis
1513 1693 1556 1717 ex
1590 1678 1795 1716 codicibus

484 1744 732 1794 perspective
765 1752 802 1781 et
835 1743 932 1780 alias
964 1741 1151 1780 veritates
1185 1739 1492 1777 mathematicas
1526 1750 1624 1787 quas
1656 1749 1794 1773 secun-

485 1799 578 1840 dum
625 1801 997 1840 consideracionem
1043 1801 1093 1837 ad
1139 1799 1258 1835 finem
1305 1798 1500 1834 moralem
1546 1794 1711 1844 concepi
1757 1794 1796 1831 in

484 1862 683 1910 scriptura
735 1860 915 1908 intelligi.
970 1860 1096 1895 Debet
1149 1870 1242 1905 ergo
1294 1856 1492 1904 perfectus
1532 1853 1796 1903 philosophus

485 1919 608 1956 libros
653 1919 855 1955 naturales
907 1919 954 1953 de
1001 1917 1087 1952 luce
1131 1916 1260 1963 legere
1306 1923 1343 1950 et
1393 1926 1433 1950 se
1479 1912 1570 1949 huic
1615 1911 1796 1948 doctrine
1813 1916 1853 1947 25

486 1977 711 2026 evangelice
736 1976 1003 2014 conformare.
1028 1976 1252 2022 Supersunt
1275 1981 1409 2009 autem
1430 1973 1505 2007 due
1529 1969 1796 2019 proprietates

486 2035 561 2072 alie
605 2035 703 2072 lucis
748 2034 788 2071 in
833 2033 977 2083 quibus
1028 2044 1242 2081 possumus
1296 2041 1537 2078 cognoscere
1590 2028 1796 2077 quomodo

196 2100 371 2141 anginis
390 2095 704 2141 mistsecundum
739 2091 1009 2129 intencionem
1044 2090 1173 2139 prime
1206 2088 1305 2126 lucis
1336 2099 1550 2138 possumus
1573 2085 1703 2135 aptari
1727 2097 1797 2134 per

197 2137 413 2199 ''⁶g¹¹¹2{¹„¹s15¹(¹,¹„²f¹¹
432 2142 470 2165 ¹¹⁵
485 2152 676 2199 graciam,
711 2160 752 2187 ut
784 2151 908 2187 simus
940 2150 1003 2186 lux
1037 2147 1189 2185 mundi.
1227 2146 1371 2184 Tereia
1403 2154 1537 2183 autem
1569 2143 1796 2194 proprietas

486 2210 584 2247 lucis
618 2219 674 2247 est
707 2210 815 2258 quod
848 2208 888 2245 in
921 2207 1031 2244 omni
1065 2206 1229 2244 accione
1262 2204 1345 2242 eius
1378 2213 1435 2241 est
1474 2201 1855 2247 ordinatissima33o

486 2269 594 2317 quod
627 2276 737 2317 patet
762 2280 805 2304 ex
829 2265 1062 2303 duodecim:
1087 2264 1219 2313 primo
1244 2275 1287 2300 ex
1310 2261 1485 2300 accionis
1510 2259 1795 2306 indifferencia,

487 2339 577 2363 cum
612 2326 650 2363 in
683 2325 794 2362 omni
828 2324 966 2373 capaci
1002 2323 1136 2360 medio
1170 2329 1364 2371 quantum
1399 2328 1530 2369 potest
1568 2319 1652 2355 sine
1687 2317 1796 2354 diffe-

487 2384 621 2422 rencia
653 2396 693 2421 se
726 2383 925 2429 diffundit,
960 2382 1136 2419 secundo
1170 2392 1214 2417 ex
1246 2378 1422 2417 accionis
1456 2377 1671 2423 celeritate,
1706 2388 1794 2413 cum

486 2442 618 2480 subito
651 2455 694 2480 ex
727 2442 811 2479 eius
849 2439 1133 2490 spiritualitate
1178 2451 1218 2476 se
1264 2436 1505 2485 multiplicat
1551 2436 1599 2472 ab
1644 2433 1797 2488 oriente

557 2573 581 2593 2.
602 2566 646 2593 A:
668 2568 897 2597 ammoveatur;
927 2563 967 2591 E:
989 2567 1057 2590 ante
1078 2565 1280 2589 removeatur.
1380 2558 1464 2591 4—6.
1486 2559 1530 2586 A:
1561 2557 1626 2586 sine
1644 2573 1678 2577 —
1699 2556 1798 2593 prima

487 2602 581 2629 deest.
679 2608 720 2628 10.
741 2599 782 2627 E:
828 2597 1062 2634 roporcioualis.
1160 2605 1193 2624 ιι.
1214 2596 1258 2624 A:
1281 2594 1499 2622 beatitudinem
1521 2593 1569 2620 ad.
1657 2601 1697 2629 ¹9·
1718 2593 1747 2620 A
1767 2591 1797 2619 in

488 2644 600 2670 marg:
631 2635 741 2663 Sermo
768 2607 850 2666 LIII&
881 2633 905 2660 I)
927 2633 957 2660 in
979 2640 1094 2667 marg:
1126 2631 1193 2665 I.II;
1222 2629 1247 2658 E
1273 2629 1302 2657 in
1331 2637 1446 2664 marg:
1479 2627 1625 2666 Sequitur
1650 2627 1687 2654 ad
1715 2626 1796 2654 idem

487 2679 561 2699 eran
603 2669 678 2697 Iium
699 2669 891 2704 subsequens
913 2667 1054 2703 digestio.
1197 2672 1242 2692 20.
1263 2665 1304 2693 E:
1334 2663 1376 2691 fui
1398 2663 1500 2691 minor
1519 2667 1549 2690 ct
1568 2670 1598 2690 111
1619 2661 1797 2690 dileccione.

487 2714 531 2740 27,
553 2678 598 2733 ἐξ.
618 2705 662 2732 A:
693 2711 878 2739 cognoscere
898 2719 931 2722 -
952 2710 1120 2741 possumus
1141 2700 1234 2728 deest.
1342 2698 1387 2726 28.
1410 2697 1433 2726 E
1453 2697 1483 2726 in
1506 2705 1620 2733 marg:
1642 2697 1708 2724 Due
1751 2704 1798 2724 ro-

489 2740 630 2776 prietates
652 2739 738 2767 lucis.
842 2746 888 2773 29.
910 2737 934 2764 E
954 2745 984 2764 in
1007 2745 1121 2771 marg.:
1142 2734 1254 2763 Tereia
1276 2733 1450 2770 proprietas
1472 2731 1558 2760 lucis.
1660 2730 1699 2760 31.
1767 2730 1798 2758 in

489 2783 600 2838 Qarug
631 2773 802 2802 Duodecim
834 2771 1037 2808 proprietates
1066 2770 1142 2798 lucis
1173 2769 1221 2797 liic
1251 2773 1424 2804 ponuntur3
1454 2767 1494 2795 ib.
1521 2766 1546 2794 E
1575 2767 1603 2794 in
1634 2774 1746 2800 marg:
1779 2774 1798 2793 1.

487 2833 494 2837 .
524 2831 529 2837 .
596 2817 624 2837 in
646 2816 761 2844 marg:
782 2815 807 2835 2.

561 2891 612 2924 17.
638 2882 672 2913 S.
703 2882 793 2922 Aug.
820 2879 915 2922 Opp.
940 2886 1024 2911 tom.
1043 2878 1132 2919 VIII,
1163 2887 1242 2920 pag.
1273 2875 1350 2917 254.
1382 2873 1435 2907 Cf.
1460 2873 1583 2913 Trial„
1615 2882 1716 2917 pagg.
1742 2872 1799 2914 54,

489 2937 567 2969 240,
596 2927 670 2971 379.
769 2937 822 2968 24.
847 2925 898 2958 Cf.
919 2924 1084 2968 Wyclif’s
1110 2924 1212 2967 Opus
1239 2923 1371 2964 Evang‚
1399 2921 1510 2961 lib..1,
1535 2929 1609 2963 cap.
1635 2919 1739 2952 XXV.
