1986 3380
186 324 321 353 smnio
343 314 381 372 r]
657 327 875 360 SECUNDA
903 327 1028 360 PARS.

188 437 274 485 ipso
304 436 468 472 honeste
498 434 643 474 dicior;
676 443 712 471 et
743 447 833 471 cum
863 433 998 471 omnia
1024 434 1155 471 media
1179 434 1355 471 virtuosa
1380 434 1503 471 inclu-

188 497 336 532 duntur
364 493 403 529 in
433 493 517 529 istis
546 492 743 538 extremis,
769 501 877 541 patet
901 494 1007 541 quod
1033 501 1159 529 status
1184 493 1357 529 hominis
1388 494 1503 530 debet

189 555 235 590 de
259 551 467 589 nativitate
492 550 607 588 huius
632 550 784 587 domini
810 552 1075 598 congaudere.
1111 553 1158 587 Et
1183 550 1272 588 ideo
1302 550 1505 599 signanter

188 612 227 648 in
260 610 343 647 eius
375 609 583 646 nativitate
618 610 768 645 mundo
803 608 1022 645 ditissimus
1047 610 1168 646 Cesar
1197 611 1399 657 Augustus
1433 609 1504 646 fuit

155 669 227 705 5in
272 667 438 705 floribus
485 667 544 704 sui
591 666 772 706 dominii,
813 676 850 704 et
892 666 994 703 inter
1033 680 1172 704 omnes
1214 667 1398 704 homines
1437 668 1504 716 qui

188 735 353 776 possunt
378 738 461 763 esse
484 738 603 762 nemo
627 725 874 762 secularibus
908 725 1082 762 dominis
1115 725 1187 761 fuit
1212 725 1373 762 Christo
1407 725 1505 762 ami-

188 784 368 829 cabilior,
409 796 499 820 cum
539 782 778 832 approbavit
818 796 1021 820 summum
1054 784 1233 820 seculare
1267 783 1504 827 dominium,

188 853 224 880 et
248 851 290 879 ut
326 841 382 879 illi
413 843 585 879 habeant
616 841 747 890 ipsum
778 854 820 878 ex
850 841 1018 889 integro,
1054 854 1134 878 non
1160 842 1279 878 habet
1302 841 1505 890 tugurium

186 901 410 951 proprium,
457 901 521 936 ubi
555 907 669 950 caput
706 912 816 936 suum
857 900 1036 946 reclinet;
1080 909 1116 936 et
1161 899 1332 936 breviter
1378 899 1507 937 cuius-

133 972 171 996 ιο
189 972 344 1008 cunque
375 959 522 1007 gradus
555 958 595 994 in
627 967 733 994 statu
767 958 1003 996 diviciarum
1036 959 1097 995 vel
1130 957 1379 1006 paupertatis
1418 958 1506 1007 quis

188 1017 304 1055 fuerit
338 1017 513 1054 invenire
547 1025 678 1065 potest
721 1015 759 1052 in
794 1016 954 1053 Christo
988 1016 1198 1053 dominum
1237 1028 1392 1053 summe
1431 1016 1505 1053 sibi

187 1076 227 1113 in
273 1074 427 1112 diviciis
471 1087 516 1112 ac
561 1082 799 1124 paupertate
845 1086 918 1123 pro
963 1074 1207 1124 acquirenda
1259 1073 1505 1111 beatitudine

187 1143 434 1183 coaptatum.
450 1134 498 1170 Et
514 1133 569 1170 sic
585 1134 863 1181 congaudeant
886 1131 977 1170 huic
998 1145 1124 1181 puero
1145 1145 1286 1170 omnes
1308 1132 1504 1179 homines,

189 1205 278 1230 cum
324 1192 469 1229 habeat
507 1200 761 1240 potestatem,
804 1191 896 1229 licet
936 1190 1076 1237 infans,
1118 1203 1284 1240 regnum
1326 1191 1505 1228 celorum

135 1256 171 1289 15
189 1263 262 1300 pro
295 1249 452 1287 abiecto
485 1249 621 1298 precio
655 1249 878 1299 cuicunque
910 1250 1081 1287 voluerit
1121 1258 1392 1295 commutare3
1432 1262 1505 1286 nec

188 1309 403 1358 quicquam
456 1307 622 1357 requirit
673 1321 747 1356 pro
791 1317 904 1346 tanto
949 1307 1194 1345 commercio
1237 1307 1313 1344 nisi
1358 1309 1505 1345 bonam

189 1366 361 1404 hominis
389 1362 394 1419 Ι
423 1366 683 1412 voluntatem,
722 1378 795 1403 nec
835 1366 1051 1416 quicquam
1083 1366 1159 1403 nisi
1191 1366 1407 1403 infidelitas
1447 1378 1507 1402 re-

188 1426 320 1463 tardat
370 1423 551 1461 homines
590 1426 697 1473 quod
737 1438 818 1461 non
857 1423 1125 1462 amicabiliter
1164 1433 1201 1461 et
1239 1433 1505 1474 properanter

189 1484 384 1520 accedunt
399 1484 449 1520 ad
466 1483 570 1519 hunc
586 1495 754 1531 puerum
772 1496 844 1531 pro
860 1483 936 1520 isto
961 1483 1206 1521 commercio
1230 1482 1503 1531 adipiscendo.

131 1564 174 1587 20
189 1543 265 1578 Dat
297 1540 402 1577 enim
432 1540 696 1577 hereditatem
726 1554 838 1578 suam
870 1550 1049 1578 eternam
1080 1554 1153 1590 pro
1182 1540 1259 1578 isto
1289 1541 1505 1590 temporali

188 1599 333 1636 merito
375 1598 488 1648 quasi
520 1611 594 1648 pro
633 1598 834 1648 lapidibus
873 1611 1118 1645 cerasorum,
1151 1611 1245 1636 narn
1285 1601 1505 1636 secundum

186 1657 427 1707 Apostolum
474 1670 547 1694 non
584 1665 672 1694 sunt
710 1658 902 1709 condigne
932 1658 1134 1708 passiones
1171 1658 1284 1694 huius
1321 1658 1507 1707 temporis

186 1716 239 1753 ad
263 1717 448 1765 futuram
486 1716 658 1767 gloriam
698 1728 768 1765 que
805 1716 1043 1753 revelabitur
1079 1716 1115 1752 in
1160 1716 1288 1761 nobis;
1329 1728 1402 1753 nec
1448 1725 1506 1753 est

187 1774 411 1812 timendum
445 1773 540 1823 quin
573 1773 744 1811 stabitur
778 1774 952 1812 finaliter
984 1787 1056 1812 suo
1089 1773 1252 1821 iudicio,
1287 1773 1382 1823 quia
1415 1787 1505 1811 curn

131 1845 171 1879 25
187 1832 237 1870 sit
260 1833 383 1870 Cesar
410 1845 568 1881 semper
589 1833 792 1881 Augustus
821 1841 857 1870 et
887 1846 977 1870 curn
1010 1833 1086 1870 hoc
1115 1845 1214 1882 puer
1242 1841 1360 1870 natus
1389 1832 1506 1870 nobis

188 1889 432 1928 humanitus.
458 1893 544 1940 Ipse
568 1890 672 1928 enirn
690 1890 880 1928 describit
902 1891 1132 1929 universum
1157 1892 1352 1928 mundum
1377 1890 1506 1940 dupli-

189 1949 300 1996 citer,
347 1948 440 1998 quia
490 1949 678 1986 divinitus
718 1958 904 1987 numerat
948 1949 1125 1999 singulas
1170 1958 1305 1998 partes
1350 1949 1504 1995 mundi,

189 2020 279 2046 curn
303 2006 575 2045 Ecclesiastici
599 2010 635 2045 ΙΟ
660 2007 807 2045 dicitur
829 2010 938 2057 quod
971 2008 1021 2045 sit
1055 2007 1258 2057 sapiencia
1287 2008 1506 2056 precedens

189 2065 325 2104 omnia
363 2078 522 2103 arenam
561 2067 696 2114 maris,
728 2067 862 2117 pluvie
891 2074 1027 2118 guttas
1058 2073 1093 2104 et
1133 2067 1213 2104 dies
1250 2066 1371 2103 seculi
1399 2066 1435 2102 in
1467 2078 1508 2102 se

133 2137 175 2171 30
189 2125 451 2172 dinumerans,
474 2125 713 2161 altitudinem
737 2125 821 2173 celi,
843 2125 1082 2163 latitudinem
1097 2132 1204 2162 terre
1217 2132 1253 2162 et
1260 2124 1505 2174 profundum

188 2183 307 2220 abissi
322 2183 528 2220 dimeciens
545 2191 582 2220 et
606 2183 778 2220 breviter
799 2196 939 2221 omnes
962 2193 1096 2233 partes
1120 2182 1260 2220 mundi
1283 2184 1503 2220 secundum

188 2241 371 2280 raciones
403 2243 651 2291 exemplares
684 2254 934 2279 mensurans.
968 2244 1017 2279 Et
1050 2242 1282 2279 humanitus
1316 2242 1383 2278 dat
1416 2253 1505 2290 per-

187 2299 407 2338 feccionem
452 2302 669 2338 secundam
715 2300 754 2337 in
798 2313 968 2338 numero
1013 2300 1088 2338 sibi
1133 2299 1295 2349 cognito
1342 2299 1506 2337 cuilibet

187 2358 293 2409 parti
317 2358 470 2397 mundi.
503 2361 552 2396 Et
574 2358 673 2396 illud
697 2358 871 2397 edictum
903 2359 994 2397 exiit
1017 2359 1057 2396 in
1080 2360 1236 2396 duobus
1264 2357 1505 2396 instantibus

97 1350 171 1382 Foi.

96 1395 173 1431 185⁸

257 2496 282 2533 3,
301 2506 332 2532 4.
353 2496 397 2525 A:
418 2495 510 2524 huius
528 2511 562 2515 ——
583 2495 739 2524 nativitate
759 2495 853 2523 deest.
932 2503 958 2530 7.
979 2496 1024 2524 A:
1046 2495 1215 2531 approbat3
1246 2495 1286 2523 D:
1310 2503 1398 2523 suum
1421 2504 1505 2523 sccu-

187 2533 259 2560 lare.
332 2539 361 2568 9.
383 2531 452 2560 DE:
498 2530 636 2566 roprium
657 2530 758 2565 deest;
786 2530 826 2558 ib.
848 2531 892 2559 A:
914 2538 1004 2558 suum
1026 2529 1119 2558 deest.
1194 2539 1228 2558 11.
1250 2530 1289 2558 E:
1312 2531 1504 2564 dominiun1;

187 2567 232 2595 A:
253 2567 363 2595 Deum.
421 2574 458 2594 12.
493 2565 549 2594 ³13:
571 2573 630 2601 pro
649 2565 750 2599 dcest;
778 2565 818 2593 ib.
839 2564 882 2593 D:
905 2565 1134 2593 beatitudinem.
1192 2563 1230 2593 13.
1251 2565 1320 2593 DE:
1341 2565 1505 2600 gaudeant.

188 2602 224 2630 15.
246 2603 289 2630 A:
311 2601 506 2629 commutari.
564 2601 600 2635 15,
623 2599 664 2628 16.
685 2601 729 2628 A:
751 2608 811 2627 non
833 2599 914 2628 enim
935 2599 1112 2636 quicquam.
1164 2608 1206 2636 ¹9·
1226 2601 1271 2628 A:
1293 2600 1503 2638 adimplendo.

187 2645 233 2664 20.
255 2636 324 2664 DE:
345 2640 481 2664 eternam
503 2635 597 2663 deest.
661 2643 700 2663 21.
718 2634 785 2663 DE:
807 2643 996 2663 cci-osorum.
1064 2642 1111 2668 24.
1127 2635 1171 2662 A:
1194 2635 1330 2663 fideliter.
1395 2638 1442 2663 20.
1458 2636 1503 2663 A:

188 2672 366 2699 universum
394 2671 500 2698 orbem
522 2675 601 2698 terre
620 2669 708 2706 quia;
740 2670 762 2697 l)
785 2670 813 2697 in
836 2678 949 2706 marg:
978 2669 1130 2697 Describit
1150 2669 1294 2698 Christus
1313 2670 1502 2697 universum.

187 2707 232 2734 28.
253 2706 278 2734 E
297 2706 328 2734 in
348 2713 462 2741 marg.:
485 2705 683 2744 Iicclesiastes
703 2704 781 2740 (sic).
855 2704 900 2732 30.
922 2704 990 2733 DE:
1012 2704 1205 2733 latitudinem
1226 2704 1319 2732 deest.
1394 2703 1435 2732 31.
1456 2706 1502 2732 A:

188 2740 388 2769 dimenciens.
462 2739 504 2768 33.
525 2741 570 2768 A:
592 2744 728 2768 terciam.
801 2738 848 2774 34.
869 2740 914 2768 A:
935 2747 1007 2776 pars
1028 2739 1146 2767 mundi.

262 2834 315 2857 22.
343 2824 434 2856 Rom
467 2823 554 2865 vui,
587 2821 634 2855 ι8.
754 2821 807 2855 28.
834 2823 928 2862 Eccl,
953 2822 977 2863 1,
1007 2833 1035 2862 1,
1063 2833 1092 2855 2.
1123 2820 1243 2855 Omnis
1269 2822 1452 2866 sapiencia
1481 2831 1503 2853 a

190 2871 348 2904 Domino
373 2874 425 2904 est
443 2894 450 2902 .
470 2893 478 2902 .
497 2895 505 2902 .
524 2893 532 2902 .
557 2868 715 2903 Arenam
744 2869 858 2902 maris
883 2874 917 2901 et
937 2869 1086 2912 pluviae
1109 2872 1234 2912 guttas
1259 2873 1294 2902 et
1320 2868 1394 2901 dies
1424 2878 1502 2900 sae-

187 2918 258 2950 culi
281 2916 359 2960 quis
383 2915 653 2949 dinumeravit?
690 2915 920 2948 Altitudinem
947 2915 1041 2948 caeli
1068 2919 1101 2948 et
1127 2915 1354 2948 latitudinem
1383 2919 1503 2947 terrae

187 2967 222 2996 et
239 2962 462 3006 profundum
489 2963 612 3005 abyssi
639 2962 714 3006 quis
740 2961 918 2995 dimensus
944 2961 1028 2994 est?

1608 731 1713 759 (ᾸΙΙΓίδῐ

1556 766 1713 801 approxcd
1735 770 1764 794 oi

1551 802 1669 829 seculus
1691 802 1764 828 sule.

1551 1256 1654 1283 Christ
1675 1258 1767 1284 ‹ulcr›

1547 1291 1662 1319 heaven
1684 1297 1714 1319 ιω
1735 1293 1771 1320 all

1549 1334 1616 1354 men
1638 1327 1673 1354 os
1689 1327 1768 1360 good

1624 1361 1696 1389 will.
