1986 3380
194 279 329 306 sisium
354 266 445 323 1:1le
666 278 878 311 sECUNDA
906 277 1032 310 PARS.

196 389 303 438 quod
336 388 552 435 prudentes
590 385 759 433 virgines
799 384 980 420 dixerunt
1020 382 1155 418 fatuis:
1197 383 1251 417 Ite
1285 383 1418 430 pocius
1456 384 1506 417 ad

196 447 398 483 vendentes
440 453 475 481 et
518 444 628 481 emite
682 443 798 487 vobis,
836 441 992 478 videtur
1036 440 1176 489 pocius
1220 440 1397 475 alludere
1443 439 1505 475 isti

195 503 449 553 possibilitati
482 501 717 550 simpliciter
751 509 787 536 et
820 498 1135 547 impossibilitati
1167 499 1386 534 secundum
1412 497 1506 545 quid

196 575 238 599 ex
272 562 386 609 lapsu
419 559 611 608 temporis
641 559 689 595 sit
722 558 929 594 intendere
953 556 1250 593 revolucionem
1286 555 1325 591 in
1358 555 1505 599 anima,

163 619 489 656 §considerando
536 630 694 654 cursum
745 615 974 652 huiusmodi
1012 614 1203 659 veritatis,
1249 626 1369 661 quam
1416 626 1508 649 con—

195 677 414 714 sulcionem
449 675 590 712 icionis
623 676 672 712 ad
705 674 894 710 viandum
928 673 968 709 in
990 673 1064 719 via,
1100 685 1189 708 cum
1214 680 1295 708 tam
1329 670 1509 707 salvandi

196 748 317 784 quam
341 733 589 782 dampnandi
623 732 717 769 satis
741 740 960 779 agnoscent
984 729 1349 780 impossibilitatem
1375 728 1508 765 huius-

198 792 306 829 modi
340 791 496 828 icionis.

1711 276 1783 309 441

255 851 358 885 Dum
399 857 523 885 antem
564 848 603 884 in
644 848 972 885 consideracione
1013 846 1068 883 sic
1107 847 1219 891 irent,
1258 845 1358 882 venit
1395 857 1508 894 spon·
1525 849 1591 876 The
1613 850 1749 883 sliutiiug
1770 851 1798 876 ot

143 920 260 945 lOSllS
305 909 354 944 ad
400 907 519 943 finale
565 906 756 942 iudicium
809 913 843 941 et
889 906 1061 955 virgines
1105 917 1174 953 qne
1212 911 1355 954 parate
1399 910 1509 939 erant

198 979 287 1003 cum
332 966 489 1001 lucente
528 965 616 1000 oleo
655 965 899 1000 intraverunt
937 976 1020 999 cum
1066 962 1220 998 Christo
1259 962 1310 997 ad
1354 961 1511 1010 nupcias

197 1032 510 1068 consummataS,
551 1030 584 1059 et
623 1023 753 1058 clausa
792 1029 847 1057 est
884 1021 1011 1064 ianua,
1056 1021 1217 1068 quando
1262 1018 1511 1068 precluditur

198 1081 380 1130 prescitis
419 1080 665 1129 possibilitas
705 1079 990 1127 premiacionis
1031 1078 1172 1123 finalis,
1208 1078 1299 1114 licet
1338 1078 1511 1114 habeant

198 1138 506 1189 possibilitatem
542 1137 773 1174 huiusmodi
806 1138 1056 1182 absolutam,
1091 1138 1198 1185 quod
1223 1144 1355 1172 autem
1379 1143 1511 1184 poste—

144 1200 181 1233 15
198 1197 279 1234 rius
312 1198 352 1234 in
384 1197 524 1233 ordine
556 1209 637 1233 non
670 1196 710 1232 in
732 1204 914 1244 tempore
937 1194 1100 1231 veniunt
1133 1194 1188 1231 sic
1210 1193 1383 1242 virgines
1405 1194 1512 1230 fatue

199 1265 236 1293 et
269 1256 324 1292 sic
363 1255 536 1304 pulsant,
577 1254 707 1303 signat
746 1255 855 1302 quod
894 1253 1025 1290 vocati
1065 1251 1272 1289 christiani
1312 1250 1511 1300 posterius

199 1314 238 1350 in
271 1313 411 1350 ordine
452 1312 793 1350 consideracionis
836 1313 883 1348 de
922 1324 991 1347 sua
1031 1310 1297 1359 possibilitate
1327 1308 1511 1347 veniendi

199 1374 249 1409 ad
297 1371 469 1420 patriam
523 1371 787 1408 admirantur.
851 1371 928 1406 Sed
982 1368 1074 1418 quia
1127 1369 1264 1405 dicunt
1316 1367 1510 1404 inaniter:

199 1430 377 1474 Domine,
407 1430 586 1475 Domine,
619 1438 656 1465 et
689 1429 729 1465 in
761 1428 886 1465 tercio
921 1427 1033 1475 signo
1067 1428 1189 1475 (quod
1224 1426 1513 1474 correspondet

143 1501 184 1523 20
201 1487 330 1525 amori
350 1487 522 1536 Spiritus
538 1487 690 1535 Sancti)
718 1486 908 1523 deficiunt
933 1485 972 1522 in
995 1485 1058 1521 via
1082 1497 1204 1533 opere
1228 1484 1511 1532 promerendo,

200 1546 290 1582 ideo
335 1546 502 1582 audiunt
542 1545 718 1582 divinum
765 1556 1022 1592 responsum:
1068 1544 1202 1587 Amen,
1246 1543 1380 1587 Amen,
1429 1541 1513 1577 dico

201 1604 305 1640 vobis
342 1604 466 1640 nescio
514 1616 590 1639 vos.
638 1602 829 1648 Quamvis
874 1611 1007 1638 autem
1048 1600 1229 1638 Christus
1272 1600 1385 1636 scivit
1424 1599 1513 1635 illos

200 1674 295 1708 esse,
321 1661 413 1710 quia
437 1661 592 1710 paravit
616 1660 670 1697 eis
698 1660 1035 1708 dampnacionem
1065 1667 1316 1707 perpetuam,
1349 1656 1514 1694 nescivit

199 1729 335 1757 tamen
367 1719 474 1768 ipsos
507 1719 546 1755 in
577 1718 640 1755 via
673 1718 907 1766 dignificare
937 1730 977 1754 se
1010 1719 1060 1753 ad
1084 1716 1281 1765 premium
1307 1716 1346 1752 in
1369 1715 1512 1764 patria,

144 1779 183 1812 25
199 1790 272 1814 nec
316 1777 430 1814 scivit
477 1786 513 1814 et
556 1789 627 1825 per
670 1789 919 1824 consequens
964 1775 1072 1823 ipsos
1118 1787 1203 1811 esse
1248 1776 1296 1811 de
1340 1786 1510 1810 numero

199 1835 397 1884 virginum
438 1834 703 1884 prudencium
751 1835 1054 1871 salvandarum:
1096 1833 1261 1883 Vigilate
1308 1833 1434 1881 itaque
1478 1840 1515 1868 et

202 1902 328 1939 orate,
355 1894 441 1942 quia
465 1893 617 1930 nescitis
640 1893 738 1929 diem
764 1905 881 1942 neque
903 1893 1053 1928 horam.
1079 1893 1233 1927 Debent
1256 1890 1347 1927 ideo
1371 1889 1515 1938 singuli

202 1951 408 1988 christiani
440 1951 605 1999 vigilare
638 1950 847 1996 attencius,
889 1950 1182 1987 conformando
1215 1961 1255 1985 se
1296 1947 1515 1985 intencioni

203 2018 239 2046 et
273 2009 404 2046 ordini
443 2009 539 2057 legis
573 2008 722 2045 Christi
762 2017 798 2045 et
839 2009 1059 2045 secundum
1100 2007 1210 2044 illam
1244 2006 1514 2044 intencionem

144 2067 187 2101 30
203 2080 319 2104 orare
342 2067 537 2112 obnixius,
563 2068 655 2103 dum
682 2066 745 2102 hic
767 2066 888 2111 viant,
913 2066 1007 2115 quia
1031 2065 1182 2113 duplici
1215 2064 1299 2101 vice
1333 2065 1513 2101 clausum

203 2135 260 2162 est
303 2125 464 2169 ostium,
518 2133 560 2161 ut
608 2124 648 2160 in
693 2125 792 2161 hora
836 2124 992 2169 mortis,
1047 2124 1209 2172 quando
1255 2125 1361 2159 Deus
1406 2121 1515 2170 prius

201 2183 376 2220 viantem
411 2182 712 2232 impossibilitat
745 2183 795 2219 ad
828 2182 1089 2230 postmodum
1124 2181 1453 2229 promerendum,
1478 2189 1516 2216 et

201 2241 241 2278 in
290 2241 352 2278 die
397 2241 525 2278 finalis
570 2240 720 2286 iudicii,
762 2241 922 2288 quando
961 2238 1240 2275 universaliter
1284 2239 1420 2275 clausa
1460 2246 1516 2274 est

202 2312 346 2348 magna
398 2299 537 2344 ianua3
591 2307 732 2335 extunc
784 2297 889 2334 enim
944 2296 1297 2345 impossibilitatur
1349 2295 1516 2345 quilibet

145 2358 185 2391 35
202 2357 410 2406 prescitus,
442 2370 490 2394 ne
513 2356 679 2393 ulterius
703 2365 916 2393 mereatur.
953 2356 1044 2392 Ideo
1069 2356 1262 2392 debemus.
1283 2355 1378 2391 dato
1400 2354 1516 2391 nobis

201 2425 384 2464 ternpore
416 2415 594 2464 vigilare.

261 2473 378 2511 Circa
431 2474 507 2510 hoc
560 2471 809 2520 evangelium
863 2471 1068 2508 dubitatur
1113 2484 1185 2519 pro
1240 2469 1517 2517 complecione

202 2532 403 2568 dictorum
437 2531 477 2567 in
511 2530 715 2578 evangelio
748 2529 897 2578 triplici
936 2530 1176 2578 precedente
1215 2536 1351 2564 utrum
1386 2528 1515 2564 solum

269 2652 295 2681 3.
317 2653 385 2681 DE:
408 2653 603 2688 possibilitati
627 2653 807 2680 secundum.
888 2652 916 2687 6,
938 2652 965 2679 8.
987 2651 1056 2679 DE:
1079 2651 1222 2679 racionis.
1308 2659 1334 2684 7.
1357 2650 1426 2677 DE:
1448 2658 1518 2685 cog-

202 2693 342 2715 noscunt.
408 2697 436 2723 9.
453 2688 520 2715 DE:
541 2687 582 2715 ita
597 2688 684 2715 irent.
742 2687 779 2715 15.
795 2687 863 2714 DE:
885 2686 1011 2714 veniunt
1024 2686 1054 2714 in
1071 2687 1189 2714 ordine.
1247 2687 1287 2713 16.
1303 2685 1381 2713 Diis
1396 2685 1517 2720 signant

202 2723 338 2758 quidem.
425 2722 464 2750 18.
486 2722 603 2750 Codd.:
624 2722 782 2750 insaniter:
870 2730 911 2757 19.
927 2723 971 2749 A:
993 2721 1126 2748 Domine
1146 2726 1183 2748 et.
1275 2728 1320 2747 ρο.
1342 2720 1386 2747 A:
1409 2720 1515 2746 amari.

204 2765 243 2784 21.
265 2758 309 2785 A:
330 2758 430 2785 Amen
454 2757 547 2784 deest.
613 2756 658 2784 30.
681 2757 749 2784 DE:
772 2758 845 2784 dum
867 2756 934 2791 qui;
956 2756 996 2784 ib.
1018 2756 1086 2783 DE:
1109 2756 1254 2783 secunda.
1320 2754 1358 2782 31.
1380 2755 1424 2782 A:
1446 2763 1516 2781 eum

203 2792 296 2819 Deus.
352 2791 393 2820 35.
414 2793 459 2819 A:
482 2800 518 2820 ne
539 2792 676 2819 ulterius.
739 2791 782 2825 35,
797 2790 843 2819 36.
858 2792 902 2819 A:
924 2791 995 2818 dato
1016 2807 1049 2810 —
1069 2795 1207 2826 tempore
1229 2791 1322 2818 deest.
1379 2788 1424 2816 36.
1447 2789 1515 2817 DE:

205 2827 355 2854 attencius
376 2827 469 2854 deest.
543 2825 587 2862 37.
610 2826 665 2854 ΑΕ
685 2827 714 2854 in
736 2835 848 2862 marg.:
871 2826 1024 2860 Dubium
1045 2826 1070 2853 D
1093 2826 1122 2853 in
1145 2834 1258 2861 marg:
1281 2824 1455 2852 Dubitatur.

274 2910 306 2942 9.
334 2899 455 2931 Matth.
480 2899 587 2939 XXV,
614 2909 663 2931 ιο.
763 2909 814 2930 21.
844 2898 963 2930 Matth.
990 2898 1095 2937 XXV,
1123 2908 1172 2938 12,
1197 2898 1246 2929 13.

1581 885 1630 911 the
1651 884 1746 917 d001·;

1550 2076 1568 2095 1.
1592 2068 1620 2095 in
1642 2068 1691 2095 the
1713 2067 1792 2094 hom·

1592 2102 1627 2130 of
1644 2102 1744 2137 death,

1556 2250 1580 2269 2.
1602 2242 1631 2269 in
1653 2242 1702 2269 the
1723 2241 1781 2277 day

1549 2277 1583 2304 of
1599 2277 1792 2312 Judgement.

1541 2473 1605 2502 Can
1626 2475 1698 2510 only
1719 2474 1806 2501 those

1555 2509 1589 2536 be
1609 2508 1701 2536 saved
1723 2508 1793 2535 who

1544 2544 1648 2572 follow
1668 2543 1801 2571 Clu-ist's

1630 2578 1709 2606 law?
