1986 3380
210 283 346 312 seruo
369 272 476 328 xxti]
680 286 891 320 SECUNDA
920 286 1044 318 PARS.

209 394 344 443 iugum
380 407 469 431 cum
503 393 681 430 saltatrix
714 393 788 430 ista
821 392 1003 441 pecierit:
1046 393 1137 429 Volo
1171 401 1210 428 ut
1236 394 1416 442 protinus
1454 396 1519 431 des

208 453 302 488 milti
339 453 373 488 in
414 453 517 489 disco
556 459 669 501 caput
699 452 884 487 ιῙοΙιαηιιιζς
916 451 1120 500 Baptiste?
1160 453 1231 487 Per
1271 452 1345 488 hoc
1385 460 1517 488 autem

209 512 317 559 quod
351 510 448 559 petit
476 510 656 559 protinus
689 510 764 545 hoc
798 508 968 557 impleri,
1010 517 1118 557 patet
1152 510 1259 557 quod
1300 509 1413 546 timet
1446 510 1519 546 sibi

206 580 255 605 ne
288 568 572 605 interveniente
605 580 724 604 causa
747 567 938 603 Johannis
971 567 1119 604 occisio
1143 567 1191 603 sit
1215 567 1350 611 dilata,
1385 576 1421 604 et
1449 580 1519 616 per

174 626 284 662 §hoc
317 627 425 675 quod
458 625 556 674 petit
590 625 675 661 dari
709 625 748 660 in
781 625 891 661 disco
926 634 1044 673 caput
1089 634 1171 661 tam
1220 625 1361 671 sancti,
1410 634 1519 673 patet

207 686 313 732 quod
348 684 476 720 innuit
509 683 763 720 securitatem
798 682 1011 719 occisionis
1044 691 1081 719 et
1114 683 1362 720 iocacionem
1398 685 1517 720 letam

207 742 322 778 huius
355 741 508 790 capitis.
549 743 663 778 Unde
697 740 954 777 contristacio
988 741 1159 778 Herodis
1191 741 1263 777 fuit
1297 754 1340 778 ex
1379 743 1518 778 eadem

208 799 366 836 malicia
399 799 598 845 simulata,
633 811 722 835 cum
758 812 837 835 non
869 800 1054 835 obstante
1093 799 1213 835 stulta
1251 799 1519 847 promissione

206 866 325 906 atque
370 857 509 894 illicita
560 857 695 893 debuit
746 856 976 893 stulciorem
1026 857 1267 905 peticionem
1313 857 1520 894 iuvencule

151 915 409 963 xorepulisse.
456 916 532 951 Sed
576 915 651 951 hoc
695 924 823 951 totum
868 915 1017 951 factum
1063 923 1120 951 est
1164 915 1436 952 fraudulenter
1480 915 1519 953 in

206 986 377 1017 carcere,
411 986 460 1010 ne
491 985 562 1021 per
593 972 785 1009 Johannis
825 972 977 1010 amicos
1015 973 1075 1009 vel
1112 973 1367 1021 inopinatum
1407 974 1518 1010 adiu-

204 1031 351 1067 torium
377 1030 426 1067 sit
459 1031 613 1067 facinus
635 1031 780 1067 femine
804 1030 1057 1079 impeditum.
1093 1031 1203 1068 Sicut
1230 1031 1335 1067 enim
1369 1031 1518 1068 femina

204 1090 253 1125 ad
288 1090 437 1125 bonum
472 1088 605 1125 dedita
638 1097 695 1125 est
728 1088 955 1137 specialiter
987 1089 1153 1125 ecclesie
1192 1089 1377 1133 iuvativa,
1424 1089 1517 1138 quia

203 1160 398 1195 organum
444 1146 620 1192 Domini,
668 1156 710 1183 ut
754 1155 863 1195 patet
908 1146 948 1184 in
980 1147 1106 1184 Maria
1152 1156 1188 1184 et
1233 1147 1319 1184 aliis
1364 1147 1438 1184 sibi
1477 1147 1517 1183 in

151 1204 349 1242 15virtute
387 1205 598 1251 similibus,
644 1204 700 1241 sic
744 1205 892 1242 femina
936 1207 1101 1242 seducta
1146 1205 1310 1242 cautelis
1356 1206 1516 1254 dyaboli

205 1272 368 1311 superat
401 1263 440 1299 in
474 1262 635 1299 malicia
675 1263 822 1300 multos
860 1263 979 1309 viros,
1021 1276 1111 1300 cum
1145 1264 1195 1300 sit
1227 1263 1401 1312 speciale
1434 1273 1516 1301 rete

204 1321 374 1367 diaboli3
420 1320 510 1358 ideo
554 1321 768 1369 utrobique
812 1322 1014 1358 laudanda
1059 1330 1116 1358 est
1147 1330 1291 1358 natura
1324 1331 1361 1359 et
1393 1321 1517 1359 virtus

205 1380 273 1415 sed
326 1379 480 1428 peccati
534 1378 694 1416 malicia
745 1378 1004 1428 increpanda.
1049 1379 1206 1416 Veritas
1251 1379 1413 1429 quidem
1460 1389 1517 1417 est

205 1439 326 1486 quod,
373 1437 475 1473 sicut
522 1445 665 1474 natura
708 1437 879 1474 feminea
919 1446 977 1474 est
1008 1437 1111 1474 virili
1144 1437 1337 1486 fragilior,
1370 1437 1426 1475 sic
1459 1447 1517 1475 est

148 1509 189 1530 20
204 1495 349 1532 virtute
382 1495 557 1541 inferior,
592 1496 661 1531 sed
693 1495 795 1531 sicut
819 1497 923 1532 Deus
957 1504 1013 1532 est
1047 1495 1296 1544 prestancior
1329 1497 1514 1544 dyabolo,

205 1553 260 1589 sic
293 1553 450 1590 bonitas
485 1552 663 1589 mulieris
697 1562 859 1601 superat
892 1553 974 1590 eius
1008 1554 1224 1599 maliciam,
1265 1567 1355 1590 cum
1390 1554 1517 1591 Maria

204 1612 292 1659 plus
332 1612 482 1647 mundo
527 1611 676 1660 profuit
721 1624 841 1660 quam
887 1620 971 1648 tota
1016 1611 1192 1648 mulieris
1237 1611 1397 1649 malicia
1441 1612 1515 1649 sibi

203 1669 354 1706 nocuit.
388 1670 480 1706 Ideo
513 1670 734 1706 hortandus
764 1678 821 1706 est
843 1678 1011 1719 uterque
1035 1682 1148 1706 sexus
1172 1679 1382 1718 peccatum
1407 1672 1514 1719 quod

205 1736 262 1763 est
305 1740 502 1764 venenum
556 1727 715 1775 dyaboli
766 1727 807 1764 in
857 1736 1001 1764 natura
1052 1727 1232 1764 inficiens
1284 1737 1516 1765 constanter

147 1789 186 1821 25
204 1787 386 1823 deserere
424 1794 461 1822 et
498 1785 625 1822 instar
662 1785 849 1834 principii
888 1786 947 1822 sui
986 1798 1098 1823 sexus
1135 1786 1302 1823 virtutes
1334 1786 1513 1823 induere.

204 1843 319 1880 Ponit
365 1844 470 1881 enim
514 1843 759 1892 Augustinus
809 1843 849 1880 in
901 1846 958 1880 De
1001 1846 1104 1881 Vera
1149 1844 1354 1892 Religione
1407 1846 1514 1893 quod

203 1901 353 1938 scilicet
368 1915 415 1938 ne
431 1914 543 1938 sexus
559 1901 702 1950 aliquis
719 1910 995 1950 contemptum
1011 1915 1051 1939 se
1067 1911 1259 1948 cerneret,
1270 1904 1375 1939 Deus
1384 1902 1513 1939 virum

202 1960 376 2008 suscepit
407 1969 524 1997 natus
557 1972 601 1996 ex
632 1960 792 1997 femina.
830 1962 988 1997 Ponunt
1021 1970 1155 1997 autem
1189 1961 1355 2009 quidam
1390 1961 1515 1997 multa

202 2018 398 2066 vituperia
431 2018 471 2054 in
505 2019 611 2055 mala
644 2018 810 2064 femina,
843 2020 949 2055 unde
978 2020 1172 2067 dyabolus
1196 2018 1264 2068 qui
1287 2020 1404 2056 beato
1427 2020 1513 2056 Yob

145 2079 187 2112 30
203 2085 240 2112 et
272 2076 376 2113 filios
410 2085 446 2113 et
478 2076 751 2125 possessiones
783 2077 1004 2114 abstulerat
1034 2077 1252 2123 universas,
1287 2077 1321 2114 ei
1354 2076 1515 2126 reliquit

201 2147 365 2171 uxorem
380 2147 461 2171 non
477 2136 527 2171 ad
542 2134 735 2171 solacium
759 2134 832 2171 viri
856 2136 924 2171 sed
948 2136 998 2172 ad
1022 2148 1091 2172 sue
1115 2135 1513 2173 consummacionem

202 2192 373 2239 malicie,
407 2201 449 2229 ut
481 2205 552 2241 per
584 2192 773 2229 feminam
807 2193 983 2230 vinceret
1015 2206 1133 2242 quem
1168 2194 1400 2242 persecucio
1432 2207 1513 2230 non

199 2250 349 2287 vicerat
382 2259 419 2287 et
452 2263 569 2299 quem
603 2251 803 2287 ulceribus
835 2263 916 2288 non
949 2260 1119 2300 poterat,
1153 2251 1283 2289 verbis
1317 2252 1512 2297 afficeret;

200 2320 282 2345 non
314 2308 524 2346 videbatur
547 2308 581 2345 ei
605 2308 768 2346 liberior
792 2318 828 2346 et
856 2309 1125 2358 opportunior
1153 2309 1325 2346 nocendi
1353 2305 1526 2347 occasio

144 2369 322 2415 35quam
361 2379 432 2415 per
469 2366 708 2404 familiarem
749 2367 957 2404 inimicum
998 2376 1034 2404 et
1073 2367 1339 2405 domesticum
1378 2368 1513 2417 prodi-

201 2433 344 2461 torem.
379 2425 582 2473 Scriptum
617 2434 675 2462 est
709 2425 813 2462 enim
851 2425 1022 2473 (Michee
1045 2427 1148 2472 VII0,
1186 2427 1246 2474 5):
1279 2426 1336 2462 Ab
1369 2439 1412 2463 ea
1444 2438 1514 2476 que

269 2556 299 2582 4.
314 2547 387 2575 AD:
409 2547 518 2575 delata.
591 2546 619 2575 8.
641 2547 711 2575 DE:
732 2551 835 2575 tamen
856 2555 928 2575 uon.
1004 2556 1046 2576 10.
1060 2548 1106 2576 A:
1129 2547 1305 2584 repulsisse.
1380 2557 1421 2583 14.
1438 2549 1510 2577 An.-

201 2586 233 2609 ut
276 2586 335 2609 atet
355 2582 449 2610 deest.
524 2582 559 2610 15.
582 2582 606 2609 D
627 2582 657 2609 in
679 2590 794 2618 marg:
815 2582 942 2610 Femiue
962 2582 1094 2610 malicia.
1170 2584 1210 2611 16.
1231 2584 1260 2610 A
1280 2584 1310 2610 in
1332 2591 1447 2620 marg:
1470 2584 1512 2610 De

201 2590 323 2644 malicia
353 2617 506 2651 mulieris;
536 2618 576 2644 ib.
599 2617 623 2644 D
645 2617 674 2644 in
697 2625 810 2653 marg:
842 2617 938 2645 Maria
965 2618 1034 2653 plus
1062 2617 1179 2645 mundo
1200 2618 1317 2653 profuit
1336 2627 1429 2658 quam
1450 2623 1513 2645 tota

201 2651 322 2679 malicia
343 2652 505 2679 mulierum
527 2652 584 2679 sibi
606 2652 718 2679 nocuit.
783 2660 823 2687 19.
839 2652 884 2679 A:
907 2652 950 2679 sic
971 2652 1090 2680 virtute.
1153 2659 1196 2688 22,
1211 2651 1254 2680 23.
1269 2653 1314 2681 A:
1335 2661 1379 2680 sic
1398 2653 1512 2680 nocuit.

202 2693 248 2719 24.
270 2686 338 2713 DE:
361 2691 389 2714 et
410 2686 537 2714 materia
557 2686 706 2716 inficiens.
804 2687 850 2714 26.
870 2687 899 2714 A
919 2687 950 2714 in
971 2695 1084 2722 marg.:
1106 2687 1311 2723 Augustinus.
1403 2695 1446 2723 27.
1467 2689 1511 2715 A:

200 2720 327 2748 domina
346 2721 459 2749 virum.
486 2721 584 2749 Rect.:
605 2721 744 2749 Verbum
760 2721 860 2748 virum
877 2722 1012 2757 suscepit
1026 2726 1116 2749 natus
1130 2730 1166 2749 ex
1180 2722 1304 2750 femina.
1378 2721 1423 2749 30.
1439 2723 1467 2750 A
1482 2723 1511 2749 in

200 2763 314 2790 marg:
337 2764 358 2783 1.
430 2755 472 2783 32.
492 2757 537 2783 A:
559 2756 820 2792 persecucionem.
894 2755 936 2783 33.
958 2756 1025 2784 DE:
1047 2757 1246 2792 verberibus;
1267 2757 1307 2784 ib.
1323 2757 1367 2785 A:
1390 2757 1511 2793 poterit.

199 2789 240 2818 35.
263 2790 332 2818 DE:
354 2790 559 2818 domesticum
580 2791 674 2818 deest.
749 2790 794 2819 36.
815 2791 844 2818 A
864 2790 894 2818 in
917 2799 1030 2827 marg:
1051 2798 1077 2819 2.

269 2861 322 2895 26.
348 2863 535 2904 Augustini
563 2863 657 2907 Opp.
683 2869 757 2895 tom
783 2864 806 2904 1,
833 2873 912 2906 pag.
940 2862 1018 2906 757.
1061 2863 1112 2896 Cf.
1141 2863 1286 2907 Wyclif,
1319 2864 1368 2895 De
1402 2864 1512 2895 Bene-

200 2908 288 2941 dicta
318 2909 575 2951 incarnacione,
601 2919 680 2953 pag.
704 2909 778 2951 184.

1335 2979 1368 3001 11

1732 280 1800 315 161

1604 1031 1735 1058 women

1532 1069 1664 1092 extreme
1680 1066 1707 1092 in
1724 1067 1803 1100 good

1607 1109 1642 1127 or
1662 1101 1729 1127 cvii.

1545 1957 1629 1984 Job's
1650 1957 1720 1984 wife
1740 1957 1791 1985 left

1529 2000 1562 2019 as
1583 1992 1629 2019 liis
1650 1993 1707 2019 lust
1724 1993 1802 2019 trial.
