1986 3380
155 993 303 1019 Auswers
325 994 354 1015 to
376 988 424 1014 tht·

213 1024 371 1052 doubtcr's

221 1067 358 1087 reason&

208 1454 308 1480 which
330 1462 381 1480 are

160 1490 257 1524 partly
280 1489 419 1515 allowed

174 2151 222 2179 All
247 2150 373 2186 religion
396 2150 420 2177 is

206 2185 340 2213 founded
362 2185 391 2212 in

240 2220 355 2248 Christ.

718 297 938 328 JOH.-xNN1s
962 296 1144 327 WYCMF
1165 296 1420 327 erRMONUM
1458 283 1609 338 {smum
1632 293 1752 321 XXXV·

442 405 697 451 desponsare.
748 404 838 439 Ideo
879 402 1034 438 videtur
1076 402 1237 438 indubie
1277 404 1383 449 quod
1424 403 1514 439 talis
1555 402 1754 450 obligacio

443 470 635 509 perpetua
683 462 731 497 ad
772 461 870 496 tales
915 459 1121 496 sensibiles
1161 469 1197 495 et
1237 459 1413 507 privatos
1453 460 1614 496 ordines
1653 460 1756 508 sapit

443 519 749 567 blasphemiam,
797 518 985 554 illibertat
1037 514 1247 555 ecclesiam
1302 527 1338 554 et
1387 527 1444 554 est
1495 518 1755 555 seminarium

443 577 536 613 retis
561 577 722 624 dyaboli
754 577 801 612 ad
835 576 980 611 multos
1010 575 1048 611 in
1081 574 1341 612 conscienciis
1366 586 1401 612 et
1426 576 1757 612 contencionibus

443 644 479 671 et
508 633 777 671 observanciis
808 633 988 669 onerosis
1020 633 1184 669 ecclesie
1209 634 1492 681 laqueandum.
1527 635 1618 670 Ideo
1643 635 1757 670 bene-

444 693 572 729 dictus
607 692 802 728 Dominus
836 692 900 739 qui
942 704 1014 727 nos
1048 693 1096 727 ab
1131 691 1214 726 istis
1248 691 1400 740 laqueis
1433 691 1628 731 liberavit.
1663 704 1755 728 nam

447 752 589 787 l'salm.
626 751 814 794 (ΞΧΧΙΙΡ7
852 762 871 796 7
919 748 1124 785 scribitur:
1166 750 1344 797 Laqueus
1381 751 1568 786 contritus
1612 757 1680 793 est,
1724 757 1757 786 et

444 822 511 844 nos
557 808 711 843 liberali
752 820 894 843 sarnus.
947 809 994 843 Et
1034 808 1224 844 debemus
1264 820 1404 855 rogare
1442 808 1658 844 Dominum
1700 807 1756 843 in-

445 865 619 902 stancius
671 866 777 913 quod
830 865 958 900 dictus
1009 865 1173 913 laqueus
1218 866 1277 901 vel
1322 874 1404 902 rete
1449 865 1622 913 dyaboli,
1666 878 1754 901 cum

446 923 726 960 fundacionem
762 935 841 958 non
876 924 1020 959 habeat
1055 923 1240 971 amplius,
1274 923 1323 959 sit
1357 924 1565 960 contritus.

503 983 562 1017 Ad
596 981 768 1029 primam
803 981 1004 1017 racionem
1042 981 1187 1018 dicitur
1211 983 1316 1029 quod
1352 982 1492 1018 falsum
1527 981 1758 1026 assumitur,

447 1053 535 1075 cum
562 1041 706 1075 debent
723 1040 894 1086 probare
918 1039 977 1075 rel
994 1039 1155 1075 racione
1179 1040 1238 1075 vel
1261 1052 1382 1087 opere
1400 1041 1506 1088 quod
1532 1048 1759 1078 assumunt:

447 1099 513 1134 sed
559 1098 690 1133 stabat
734 1097 935 1133 Iohannes
981 1096 1164 1145 stupidus
1209 1097 1248 1132 in
1296 1106 1487 1146 utroque:
1533 1111 1605 1134 nec
1644 1097 1760 1133 video

447 1155 542 1203 quin
586 1156 646 1191 rel
699 1149 891 1191 carebunt
942 1155 1183 1191 fundacione
1228 1156 1287 1192 vel
1339 1157 1677 1204 blasphemabunt
1722 1155 1760 1190 in

447 1213 650 1249 Christum
687 1222 723 1249 et
756 1226 848 1249 suos
882 1213 1101 1261 apostolos.

504 1272 563 1307 Ad
597 1272 814 1308 secundam
849 1270 1052 1307 racionem
1088 1273 1266 1307 concedo
1300 1273 1405 1319 quod
1440 1284 1575 1308 verum
1602 1271 1762 1308 conclu-

447 1328 572 1374 ditur3
614 1330 719 1365 unde
756 1328 913 1365 videtur
953 1328 1049 1365 mihi
1089 1338 1255 1377 propter
1294 1342 1455 1366 causam
1496 1329 1759 1377 multiplicem

448 1388 555 1435 quod
580 1399 719 1423 omnes
748 1386 892 1423 irretiti
924 1387 1089 1434 privatis
1122 1387 1331 1424 ordinibus
1364 1389 1510 1424 debent
1543 1387 1652 1436 ipsos
1686 1387 1763 1423 dis-

449 1457 635 1493 rumpere
670 1454 705 1482 et
739 1444 960 1493 primevam
987 1445 1134 1481 Christi
1160 1445 1393 1493 religionem
1420 1446 1587 1483 liberam
1623 1458 1763 1494 accep-

448 1512 545 1539 tare.
587 1506 668 1539 Nec
707 1511 868 1551 oportet
900 1503 1042 1539 timere
1076 1505 1123 1540 de
1157 1503 1323 1540 licencia
1357 1503 1527 1541 Romani
1561 1503 1762 1552 pontificis

449 1574 521 1597 nec
561 1563 608 1598 de
642 1560 966 1597 incar-ceracione
998 1562 1058 1597 vel
1093 1570 1221 1598 morte
1254 1563 1361 1610 quod
1395 1561 1485 1598 talis
1517 1574 1556 1598 se
1590 1561 1763 1598 liberans

450 1632 471 1656 a
504 1619 693 1656 fratribus
726 1618 956 1664 occidatur;
997 1632 1117 1656 causa
1156 1619 1260 1656 enim
1297 1620 1477 1668 martyrii
1511 1628 1568 1656 est
1602 1619 1764 1656 libertas

449 1677 627 1714 ecclesie.
669 1680 717 1713 Et
750 1677 805 1713 sic
838 1678 1004 1713 concedi
1038 1679 1153 1714 debet
1188 1677 1317 1714 finalis
1351 1677 1576 1722 conclusi03
1608 1678 1765 1714 videtur

449 1736 554 1771 enim
590 1735 687 1771 mihi
721 1737 829 1784 quod
862 1735 929 1783 qui
969 1748 1048 1771 non
1088 1736 1246 1772 laborat
1283 1749 1364 1772 non
1404 1735 1660 1772 assimuletur
1693 1748 1764 1771 suo

451 1794 582 1830 ordini
617 1806 734 1842 quem
770 1801 930 1841 reputat
962 1802 1042 1829 tam
1076 1794 1309 1841 perfectum,
1340 1794 1474 1830 deficit
1507 1807 1528 1831 a
1562 1793 1765 1830 condicio-

449 1851 564 1887 nibus
604 1851 796 1895 caritatis,
844 1860 880 1887 et
920 1863 1009 1887 cum
1051 1864 1170 1888 nemo
1214 1853 1433 1888 secundum
1476 1851 1544 1888 Dei
1583 1864 1763 1888 amorem

451 1909 577 1957 diligit
610 1909 837 1958 proximum
871 1917 914 1944 ut
946 1921 986 1945 se
1019 1909 1150 1957 ipsum
1180 1909 1256 1945 nisi
1290 1909 1356 1946 illa
1388 1909 1556 1946 dileccio
1589 1910 1638 1946 sit
1672 1923 1765 1946 con-

450 1980 548 2003 sona
582 1966 748 2009 racioni,
785 1966 1039 2003 manifestum
1064 1976 1122 2003 est
1146 1969 1253 2015 quod
1277 1969 1393 2004 debet
1416 1980 1501 2004 esse
1523 1980 1601 2005 una
1626 1967 1764 2015 religio

450 2027 499 2062 ad
525 2038 644 2073 quam
670 2037 808 2061 omnes
833 2023 908 2061 alie
933 2026 1195 2067 reducantur;
1226 2039 1345 2074 quam
1371 2038 1556 2074 suppono
1579 2035 1620 2062 ut
1645 2026 1761 2062 Iidem

451 2083 617 2120 ecclesie
650 2095 734 2120 esse
768 2082 1003 2131 religionem
1037 2082 1262 2131 simplicem
1297 2083 1570 2120 christianam.

508 2143 568 2177 Ad
611 2141 778 2177 tercium
814 2140 961 2177 dicitur
994 2143 1101 2189 quod
1135 2154 1272 2178 verum
1310 2154 1401 2178 vere
1441 2141 1695 2178 concluditur
1729 2150 1765 2178 et

451 2199 506 2236 sic
539 2199 684 2236 veritas
716 2198 891 2235 veridice
927 2199 1204 2236 confirmatur.
1245 2199 1355 2236 Sicut
1395 2199 1500 2236 enim
1544 2201 1763 2236 secundum

450 2257 717 2305 Augustinum
758 2270 830 2292 mm
870 2265 926 2293 est
966 2258 1108 2293 veritas
1141 2258 1362 2306 nisisuerit
1393 2258 1430 2294 in
1463 2259 1674 2307 scriptura,
1711 2257 1767 2293 sic

451 2328 531 2352 non
570 2324 626 2352 est
659 2315 782 2351 virtus
822 2315 901 2352 sive
934 2314 1075 2363 religio
1115 2315 1189 2352 nisi
1224 2316 1263 2352 in
1298 2315 1472 2353 Domino
1505 2316 1554 2352 sit
1588 2316 1765 2352 fundata.

452 2372 538 2421 Ipse
578 2373 682 2410 enim
724 2382 781 2410 est
820 2374 961 2421 plenus
1008 2373 1140 2421 gracie
1181 2383 1217 2410 et
1254 2373 1446 2420 veritatis,
1481 2373 1690 2410 continens
1728 2373 1767 2408 in

452 2444 492 2468 se
522 2431 753 2468 eternaliter
782 2431 965 2468 raciones
995 2431 1170 2479 singulas
1195 2432 1461 2480 exemplares3
1492 2433 1560 2468 sed
1585 2431 1767 2468 derident

453 2489 577 2526 nostri
613 2489 729 2537 logici
763 2498 924 2526 nostros
964 2489 1141 2538 privatos
1181 2489 1355 2530 ordines.
1397 2491 1560 2538 quando
1600 2490 1767 2526 fundant

452 2560 543 2583 suas
581 2547 756 2595 privatas
795 2547 1076 2584 observancias
1116 2547 1155 2584 in
1194 2547 1323 2584 verbis
1355 2549 1415 2584 vel
1456 2547 1644 2596 operibus
1675 2549 1767 2584 Jesu

524 2700 542 2719 1.
564 2691 587 2718 E
609 2691 637 2718 in
661 2700 775 2726 marest
798 2691 960 2726 Obligacio
982 2692 1018 2720 ad
1041 2692 1179 2728 privatos
1199 2692 1336 2720 ordines
1458 2693 1481 2721 5.
1504 2693 1572 2721 nli:
1594 2693 1766 2729 Iaqueaudi.

454 2734 486 2754 ιι.
509 2726 592 2754 Ami
613 2727 641 2753 iu
665 2734 778 2760 marga:
801 2726 848 2754 Ad
873 2727 1019 2761 primum.
1119 2726 1155 2754 123.
1179 2727 1202 2754 I)
1224 2728 1253 2755 in
1277 2736 1390 2762 marga
1414 2727 1504 2755 Nota.
1598 2729 1637 2755 ιε’).
1660 2728 1715 2755 ΑΙ)
1737 2728 1765 2755 iu

453 2770 566 2796 ηψπ-μη
589 2761 637 2788 Ad
660 2761 847 2790 secundum:
878 2761 901 2788 li
922 2762 950 2789 iu
974 2770 1087 2796 marga
1109 2770 1134 2789 2.
1232 2770 1274 2790 22.
1296 2764 1339 2790 A:
1362 2768 1421 2789 tam
1444 2763 1538 2790 enim.
1630 2770 1676 2796 24.
1698 2762 1766 2790 nli:

454 2796 527 2823 mihi
550 2795 644 2823 deest.
727 2803 773 2826 20.
796 2797 822 2823 Α
844 2796 872 2823 in
896 2804 1008 2831 marga
1031 2796 1121 2824 Nota.
1203 2796 1241 2824 31.
1263 2797 1348 2824 Ant-3
1369 2797 1398 2825 iu
1421 2805 1532 2831 marga
1555 2797 1604 2825 Ad
1627 2797 1767 2824 tercium.

454 2830 498 2863 Ἡ.
522 2830 588 2857 nli:
611 2831 654 2858 vel
678 2828 801 2864 felii-{503
822 2831 861 2857 ib.
885 2830 952 2858 Illi:
976 2831 1032 2858 nisi
1056 2831 1150 2858 modo
1171 2831 1233 2858 illo.

526 2924 578 2946 22.
606 2914 656 2946 Cf.
686 2915 774 2955 Aug.
802 2914 892 2956 Opp.
921 2922 1005 2947 tuin.
1031 2915 1054 2954 1,
1082 2926 1157 2958 pag.
1189 2925 1268 2954 2203
1303 2916 1386 2955 VIII,
1414 2916 1490 2956 254.

1780 939 1817 960 ¹0

1782 1218 1818 1249 15

1780 1517 1821 1539 20

1783 1798 1822 1830 25

1785 2378 1823 2410 35
