1986 3380
149 933 187 954 10

151 1213 184 1243 15

149 1793 187 1824 25

153 2373 192 2405 ‘55

119 2420 193 2451 Fol.

183 2464 196 2482 tl

114 2477 180 2509 209

200 287 335 316 sERMO
361 275 484 334 xxxi]
671 288 819 322 SECUN
829 290 885 321 DA
915 290 1040 323 PARS.

202 400 309 447 quod
338 411 524 445 magnam
556 398 633 433 vim
666 398 783 433 habet
812 395 1021 432 ordinacio
1053 396 1200 432 Christi
1231 396 1322 431 fecit
1353 397 1401 431 ab
1430 396 1514 443 ipsa

202 455 422 492 successive
445 456 512 491 sed
542 455 684 491 callide
715 454 908 491 declinari
938 463 974 490 et
1010 454 1190 490 modicus
1225 466 1336 489 error
1370 466 1412 489 ex
1445 466 1515 490 sua

203 514 413 551 ceeacione
458 513 529 548 fuit
568 521 774 560 reputatus
813 525 833 548 a
875 511 1145 548 mundialibus
1185 525 1257 559 pro
1298 524 1369 547 sua
1408 511 1516 547 brevi

203 572 369 620 periodo
402 571 482 608 sive
514 570 752 607 insensibilis
785 570 863 606 sive
896 570 1039 606 nullus.

261 633 307 666 Et
347 631 395 666 ad
437 630 749 665 mensurandum
790 628 909 664 istum
950 640 1126 664 errorem
1166 641 1247 663 non
1280 636 1516 674 computant

203 704 224 726 a
263 689 342 724 vita
385 687 531 724 Christi
570 687 630 722 vel
670 687 804 733 regula
845 688 892 722 ad
935 699 1111 722 errorem
1155 687 1275 721 modo
1316 684 1516 720 viancium

202 749 269 784 sed
309 748 357 782 ab
398 758 532 782 errore
577 744 852 780 recentissimo
901 745 949 780 ab
990 743 1157 780 ecclesia
1204 742 1516 791 malignancium

203 806 441 854 approbato.
503 804 579 839 Sed
635 815 724 839 cum
772 802 862 838 talis
913 814 1025 839 error
1076 802 1124 838 sit
1169 800 1409 837 insensibilis
1458 801 1519 837 vel

203 861 425 900 invenibilis
466 860 566 897 alius
608 873 719 897 error
760 860 901 902 maior,
936 861 1163 908 approbant
1197 860 1301 895 hunc
1341 870 1517 895 errorem

203 931 239 958 et
280 921 319 956 in
357 919 479 956 alium
521 920 658 955 eadem
700 926 785 954 arte
824 918 1061 965 profundius
1095 917 1326 954 illabuntur.
1366 916 1519 953 Fideles

202 988 335 1016 autern
375 978 593 1013 secundum
633 985 866 1012 sanctorum
906 976 1136 1012 testimonia
1178 977 1323 1012 debent
1365 987 1519 1011 errores

203 1038 394 1073 instantes
434 1036 482 1071 ad
522 1033 717 1071 instancia
757 1033 887 1082 prime
920 1034 1054 1082 regule
1094 1046 1325 1070 mensurare
1358 1041 1394 1069 et
1426 1040 1520 1068 tunc

203 1094 395 1132 sentirent
429 1093 564 1141 patule
598 1101 792 1141 quantum
833 1105 854 1128 a
895 1091 1024 1140 prima
1066 1104 1251 1128 mensura
1291 1092 1520 1127 sacerdotes

203 1153 327 1190 nostri
373 1151 574 1188 declinant
619 1152 837 1187 secundum
883 1150 1020 1195 vitam,
1070 1151 1196 1197 legem
1243 1158 1279 1186 et
1325 1148 1519 1197 evangeli-

203 1211 423 1248 zacionem.
460 1211 574 1246 Unde
599 1209 689 1257 quia
717 1209 846 1245 maior
870 1221 960 1256 pars
983 1208 1205 1245 vivencium
1230 1216 1320 1243 sunt
1337 1206 1519 1243 homines

203 1271 242 1306 in
282 1270 355 1305 ista
390 1268 571 1316 perfidia,
606 1267 695 1303 ideo
736 1266 917 1314 adiungit
951 1267 1150 1303 Christus:
1191 1267 1342 1310 Cavete,
1377 1264 1518 1314 inquit,

203 1329 248 1363 ab
282 1327 516 1370 lzonzinibus;
553 1338 643 1362 nam
686 1322 806 1375 (sicut
847 1324 901 1361 ait
935 1320 1170 1375 Apostolus)
1204 1337 1288 1360 cum
1322 1324 1422 1359 inter
1455 1335 1521 1359 vos

203 1393 289 1422 sunt
324 1385 427 1437 {elus
459 1392 493 1420 et
525 1384 731 1427 contencio,
763 1396 885 1419 nonne
907 1383 1077 1419 homines
1099 1383 1277 1418 carnales
1299 1381 1418 1418 estis?
1446 1381 1521 1417 hoc

205 1453 274 1489 est,
322 1445 465 1479 humus
505 1451 663 1478 terrena
701 1441 872 1489 sapiens,
918 1454 998 1477 non
1044 1450 1193 1477 eterna.
1233 1439 1317 1475 Viri
1357 1439 1519 1488 quidam

205 1500 420 1549 evangelici
454 1502 597 1536 debent
632 1499 669 1535 in
704 1500 908 1535 voluntate
941 1508 977 1534 et
1011 1499 1049 1535 in
1084 1498 1392 1535 conversacione
1422 1506 1522 1533 tam-

204 1573 324 1609 quam
357 1559 416 1595 vir
448 1571 549 1594 unus
590 1570 828 1594 concurrere
869 1566 1063 1605 quantum
1107 1557 1196 1593 loco
1237 1555 1451 1592 distiterint
1486 1565 1521 1591 et

204 1620 332 1666 legem
366 1616 513 1653 Christi
553 1616 625 1652 sibi
660 1615 854 1663 presentis
894 1623 1123 1651 constanter
1163 1615 1388 1659 defendere,
1427 1626 1520 1648 nam

204 1679 305 1722 (Act.
344 1677 428 1720 lV0,
469 1674 535 1720 32)
574 1674 828 1709 multitudinis
860 1673 1100 1709 credenciznn
1136 1680 1220 1708 erat
1252 1684 1320 1707 cor
1351 1684 1464 1707 znnnn
1489 1679 1524 1707 et

204 1735 331 1771 anima
362 1746 447 1769 una.
483 1732 547 1769 Sic
580 1744 672 1780 ergo
707 1732 842 1768 fideles
872 1732 1016 1767 debent
1047 1743 1185 1767 cavere
1213 1731 1261 1766 ab
1293 1729 1522 1765 hominibus

205 1793 370 1829 istarum
417 1799 616 1827 sectarum
662 1799 742 1826 tam
790 1788 1009 1837 disparium
1050 1802 1098 1825 ne
1138 1787 1420 1825 insensibiliter
1462 1800 1521 1823 se-

206 1853 403 1888 ducantur
448 1848 689 1886 declinando
733 1861 754 1884 a
800 1847 930 1896 prima
975 1846 1110 1895 regula
1157 1845 1388 1891 christiana,
1430 1845 1523 1893 quia

205 1909 306 1946 sicut
335 1907 513 1956 sophiste
543 1919 585 1944 ex
614 1906 687 1943 ista
717 1905 935 1942 insensibili
966 1905 1162 1942 distancia
1193 1912 1377 1952 arguunt,
1408 1903 1523 1940 aliter

206 1966 358 2016 aliquid
398 1974 611 2014 appareret
650 1965 688 2001 in
729 1964 911 2000 fidelibus
945 1965 1052 2012 quod
1093 1963 1227 2000 divino
1261 1961 1410 1998 iudicio
1442 1975 1524 1998 non

206 2033 387 2074 apparet.
441 2024 556 2061 Unde
604 2023 704 2060 sicut
749 2031 931 2070 tempore
977 2021 1124 2058 Christi
1169 2020 1342 2069 apostoli
1386 2019 1524 2056 traditi

207 2093 319 2121 erant
348 2083 387 2119 in
411 2081 587 2119 consiliis
620 2080 837 2127 iudicandi,
873 2088 914 2115 ut
948 2079 1115 2116 celerius
1148 2079 1225 2116 sint
1259 2078 1434 2123 extincti,
1468 2077 1524 2114 sic

207 2151 389 2190 tempore
411 2139 645 2177 Antichristi
678 2138 750 2176 viri
783 2138 995 2187 apostolici
1028 2137 1189 2174 tractati
1228 2145 1319 2173 sunt
1352 2136 1391 2172 in
1424 2136 1524 2172 anti-

208 2199 406 2237 christivis
445 2197 622 2235 consiliis
655 2198 862 2246 quomodo
905 2195 1129 2233 coloracius
1164 2203 1200 2232 et
1232 2194 1316 2231 sine
1349 2194 1525 2230 tumultu

208 2257 347 2307 populi
380 2265 570 2306 poterunt
603 2254 796 2304 superari.
830 2257 878 2290 Et
911 2253 1013 2291 sicut
1046 2254 1084 2290 in
1107 2262 1290 2301 ternpore
1315 2251 1462 2288 Christi
1486 2251 1525 2288 in

209 2315 418 2365 synagogis
442 2314 615 2363 apostoli
640 2314 797 2350 fuerant
821 2312 1023 2361 flagellati,
1041 2312 1097 2348 sic
1114 2311 1193 2348 iam
1213 2312 1335 2347 modo
1354 2309 1526 2347 instante

209 2384 392 2423 ternpore
437 2372 673 2409 Antichristi
717 2370 790 2408 viri
836 2370 1048 2419 apostolici
1089 2367 1525 2414 excommunicacione,

211 2431 526 2482 exprobracione
571 2439 608 2467 et
658 2428 884 2467 minacione
929 2427 1142 2477 multiplici
1186 2427 1225 2463 in
1269 2425 1479 2475 synagogis
1514 2422 1521 2480 l

279 2553 308 2580 9.
329 2543 398 2572 DE:
421 2543 586 2571 invenitur.
678 2550 710 2569 ιι.
732 2542 776 2569 A:
799 2540 989 2568 testimonio.
1082 2547 1119 2567 12.
1141 2539 1164 2566 E
1185 2539 1215 2566 in
1237 2546 1351 2573 marg:
1383 2537 1527 2565 Mensura

209 2588 360 2607 errorum.
469 2578 504 2606 15.
527 2578 568 2605 E:
589 2576 742 2604 viancium
767 2580 838 2603 sunt
858 2575 959 2602 hodie.
1070 2574 1109 2602 18.
1133 2573 1250 2602 Codd.:
1272 2573 1410 2600 carnales
1432 2572 1526 2599 deest.

210 2614 345 2648 Addidi3
376 2613 415 2641 ib.
437 2613 460 2640 E
481 2613 511 2640 in
534 2620 647 2646 marg:
679 2611 859 2639 Cavendum
883 2610 919 2637 ab
941 2609 1130 2637 hominibus.
1275 2616 1317 2642 19.
1340 2609 1384 2635 A:
1407 2607 1525 2642 sapien.

210 2657 248 2677 21.
264 2650 310 2677 A:
332 2656 471 2681 currere:
492 2648 533 2675 ib.
548 2648 592 2674 A:
615 2651 826 2682 quantumque
841 2646 927 2679 loco;
949 2645 988 2672 ib.
1006 2644 1049 2671 b:
1070 2643 1269 2677 destituterit3
1290 2643 1330 2670 E:
1353 2642 1527 2670 distituerit.

211 2692 253 2711 22.
275 2684 320 2712 A:
342 2687 519 2710 constanter
540 2682 634 2709 deest.
727 2681 769 2715 25,
790 2681 837 2708 20.
860 2679 930 2707 DE:
953 2679 1148 2706 reducantur.
1242 2685 1286 2712 27.
1308 2678 1351 2705 A:
1374 2676 1528 2713 sensibili;

210 2719 251 2747 ib.
268 2720 312 2746 A:
335 2718 421 2745 aliter
436 2717 529 2744 deest.
586 2716 631 2744 28.
648 2716 688 2743 E:
710 2715 825 2750 aliquid
841 2715 963 2742 extinct.
1020 2713 1066 2741 30.
1082 2714 1126 2741 A:
1148 2712 1277 2740 celerius
1293 2716 1379 2746 sunt:
1401 2711 1440 2738 ib.
1458 2711 1482 2738 l)
1498 2711 1527 2738 in

212 2752 440 2787 marg.:N01a:
462 2752 484 2779 E
501 2752 529 2779 in
547 2760 660 2786 marg:
679 2760 697 2778 1.
714 2749 859 2785 Apostoli
875 2749 1075 2776 tradebantur
1089 2748 1118 2775 in
1135 2747 1284 2775 consiliis.
1340 2745 1378 2774 31.
1396 2746 1437 2773 b:
1455 2745 1527 2784 veri.

211 2787 254 2816 33.
271 2789 314 2815 A:
330 2788 359 2814 in
376 2787 477 2819 deest:
499 2787 538 2814 ib.
555 2786 581 2813 E
595 2786 623 2813 in
642 2794 756 2820 marg:
776 2793 798 2811 2.
856 2782 978 2818 34-36.
993 2784 1038 2810 A:
1055 2783 1187 2818 apostoli
1206 2799 1227 2801 ν
1251 2790 1366 2817 synago
1380 2781 1416 2808 vis
1432 2785 1528 2807 twice.

210 2822 252 2851 35.
280 2822 348 2850 DE:
379 2822 434 2849 viri
465 2821 624 2857 apostolici
656 2821 755 2854 ἀει-εἰς
790 2820 829 2846 ib.
863 2818 1188 2846 excommunicacione
1218 2821 1246 2844 et
1274 2824 1370 2851 expro
1397 2815 1528 2842 racione.

209 2857 256 2886 36.
278 2858 321 2885 A:
343 2857 527 2887 victacione:
549 2856 590 2883 D:
612 2855 763 2883 viacione.

284 2927 336 2960 17.
361 2917 384 2949 1.
413 2916 494 2948 eor.
520 2916 577 2957 111,
603 2916 633 2949 3.

1568 633 1700 660 Chrisl's
1722 634 1771 660 life

1550 669 1607 694 ancl
1633 669 1694 695 rule
1715 669 1790 695 have

1544 704 1650 730 ccuscd
1673 708 1702 729 to
1725 704 1759 730 be
1778 712 1794 730 a

1591 738 1746 765 standard.

1556 2094 1749 2122 Persecution
1771 2093 1805 2120 os

1551 2130 1702 2165 apostolic
1724 2136 1802 2155 men.
