1986 3380
166 587 244 622 llnty
266 594 295 614 ot
318 587 414 614 rulers

187 628 216 648 ιιι
239 623 398 648 withdraw

180 658 403 684 cuman-nieuw.

171 1687 267 1715 Their
288 1688 420 1717 subiect<

197 1723 300 1750 would
322 1723 390 1758 help

251 1758 343 1785 them.

738 300 961 338 ,ioHANNJs
981 299 1166 331 WYCMF
1186 299 1443 332 SERMONUM
1475 286 1630 344 [SFRMO
1646 298 1756 326 XXIV-

445 407 481 442 in
517 406 650 442 bestiis
685 415 720 442 et
753 416 856 442 terre
889 406 1143 442 nascentibus
1178 405 1251 441 nisi
1291 416 1332 441 ut
1373 406 1447 453 ipsi
1481 408 1564 442 Deo
1602 408 1757 443 subser-

443 464 551 501 viant
585 474 620 501 et
654 464 884 512 specialiter
920 473 1067 500 statum
1108 476 1176 500 sue
1215 464 1381 500 ecclesie
1422 476 1539 512 quem
1578 464 1661 512 ipse
1699 465 1757 501 in-

445 523 571 558 stituit
607 523 870 558 defendendo.

504 582 559 616 De
592 580 913 617 auctorizacione
946 591 1038 615 vero
1083 578 1194 615 istius
1242 579 1366 626 partis
1418 579 1582 616 ecclesie
1627 589 1663 616 et
1708 582 1756 616 de

446 638 730 685 ingratitudine
776 646 901 674 status
945 636 1100 684 repensi
1148 637 1297 673 dictum
1346 645 1402 673 est
1447 649 1631 674 sermone
1671 640 1789 674 1110.5

446 698 492 732 Et
527 695 694 732 facilitas
734 695 957 731 necessaria
1000 694 1090 730 huic
1130 695 1232 742 parti
1267 694 1432 731 ecclesie
1465 707 1508 731 ex
1541 697 1616 732 hoc
1648 704 1757 743 patet

445 756 551 803 quod
591 766 710 790 omne
748 754 926 790 seculare
966 752 1188 789 dominium
1231 754 1338 800 quod
1378 753 1504 789 clerus
1544 753 1758 790 infideliter

444 821 614 860 occupat
655 808 714 863 (ut
749 820 856 859 patet
891 813 996 847 Luce
1029 812 1152 846 ΧΧΙΙ(1
1188 819 1225 846 et
1257 822 1442 847 sermone
1465 812 1588 859 xxw)
1625 820 1757 860 posset

446 872 520 906 hoc
544 869 751 906 brachium
777 869 849 905 sibi
875 868 1042 905 faciliter
1073 880 1116 904 ex
1148 868 1300 915 integro
1332 880 1531 915 revocare,
1566 869 1621 905 sic
1650 871 1758 918 quod

443 941 523 964 non
557 936 735 964 remanet
768 926 914 963 erroris
946 926 1153 973 vestigium
1188 925 1228 962 in
1263 925 1453 974 episcopo
1482 927 1542 963 vel
1572 927 1758 974 religioso
1779 942 1816 963 10

444 985 754 1034 possessionato.
789 987 888 1022 Cum
926 984 1030 1020 enim
1062 985 1137 1020 hoc
1173 997 1253 1020 non
1283 993 1416 1032 posset
1450 985 1630 1021 conferre
1663 985 1758 1033 ipsis

444 1045 661 1092 prudenter
693 1043 935 1091 temporales
968 1042 1206 1078 elemosinas
1238 1043 1456 1078 secundum
1492 1056 1589 1090 quas
1613 1045 1697 1080 Deo
1722 1052 1758 1079 et

446 1102 610 1138 ecclesie
644 1101 873 1137 meritorius
907 1113 951 1136 ac
987 1100 1277 1147 congruencius
1311 1099 1567 1137 deservirent.

501 1159 643 1196 Tercia
675 1172 768 1196 vero
801 1171 893 1207 pars
934 1158 1099 1194 ecclesie
1139 1167 1195 1193 est
1238 1158 1512 1194 laboratorum
1553 1159 1619 1207 qui
1659 1168 1758 1195 tam-

445 1231 564 1267 quam
600 1219 771 1265 pecudes
805 1224 1049 1263 congregant
1082 1215 1165 1251 istis
1200 1216 1354 1251 duabus
1386 1216 1567 1263 partibus
1605 1226 1760 1264 tempo-
1781 1222 1816 1254 15

445 1275 543 1313 ralia
576 1274 799 1311 necessaria
832 1287 903 1310 suo
930 1272 1151 1310 ministerio
1175 1286 1253 1321 quo
1277 1273 1451 1309 serviunt
1474 1275 1563 1310 Jesu
1587 1274 1758 1311 Christo.

446 1337 525 1370 Nec
570 1333 734 1369 dubium
781 1332 877 1380 quin
920 1331 995 1368 ista
1039 1344 1131 1380 pars
1184 1339 1221 1367 et
1273 1331 1480 1379 quodlibet
1534 1333 1757 1368 membrum

445 1391 610 1428 ecclesie
661 1392 777 1427 debet
827 1389 891 1425 isti
942 1389 1009 1426 fini
1060 1389 1277 1434 intendere,
1329 1389 1452 1437 aliqui
1504 1390 1759 1427 dominanter

445 1450 651 1499 operando
704 1457 746 1485 ut
801 1447 933 1484 media
984 1460 1076 1496 pars
1129 1446 1309 1493 ecclesie,
1363 1447 1487 1496 aliqui
1540 1449 1758 1496 prudenter

445 1508 661 1556 arguendo,
707 1514 937 1543 constanter
981 1506 1230 1542 obsecrando
1276 1514 1313 1541 et
1356 1515 1657 1553 perseveranter
1701 1506 1758 1542 in-
1775 1523 1817 1545 20

446 1566 648 1614 crepando
680 1573 723 1601 ut
754 1564 886 1613 prima
924 1576 1016 1611 pars
1055 1563 1233 1609 ecclesie,
1273 1575 1363 1599 cum
1396 1576 1478 1600 non
1510 1564 1558 1600 sit
1592 1564 1757 1600 dubium

446 1624 543 1673 quin
587 1623 795 1672 quodlibet
841 1623 1065 1658 membrum
1111 1620 1275 1657 ecclesie
1320 1633 1363 1657 ex
1408 1622 1483 1658 hoc
1535 1631 1759 1670 reportaret

448 1682 708 1719 commodum
732 1679 958 1727 utrobique,
991 1688 1073 1716 tam
1098 1680 1230 1727 quoad
1254 1691 1399 1727 corpus
1422 1692 1543 1728 quam
1567 1681 1759 1726 animam,

447 1750 529 1777 tarn
564 1739 627 1775 hic
659 1751 780 1787 quam
813 1737 852 1774 in
885 1737 1028 1786 patria.
1063 1738 1155 1773 Ideo
1188 1750 1269 1772 non
1303 1737 1468 1773 dubium
1503 1738 1599 1786 quin
1637 1738 1758 1775 tercia

448 1811 540 1847 pars
572 1796 737 1834 ecclesie
770 1796 995 1841 adiuvaret3
1028 1794 1102 1843 ipsi
1137 1794 1241 1831 enirn
1276 1804 1367 1831 sunt
1399 1795 1438 1831 in
1470 1796 1760 1844 temporalibus
1777 1803 1816 1836 25

448 1855 609 1904 spoliati
625 1864 757 1904 preter
773 1854 1102 1890 defraudaciones
1118 1852 1336 1901 spiritualis
1356 1853 1521 1890 subsidii
1545 1854 1760 1891 seminatas

446 1915 485 1951 in
519 1913 686 1950 ecclesia
719 1911 988 1949 communiter
1020 1923 1090 1959 per
1123 1910 1340 1959 discipulos
1373 1911 1621 1949 Antichristi.

502 1974 616 2009 Tunc
649 1970 753 2008 enim
787 1969 977 2006 offerrent
1009 1981 1119 2017 reges
1152 1969 1381 2017 placencius
1413 1981 1551 2005 aurum
1586 1969 1759 2016 Christo,

446 2031 674 2067 sacerdotes
707 2029 794 2065 thus
827 2036 863 2064 et
895 2027 1106 2064 servitores
1139 2027 1303 2062 mirram
1336 2028 1386 2063 ad
1411 2029 1591 2064 membra
1614 2027 1761 2064 debilia

447 2088 612 2125 ecclesie
652 2087 942 2123 roborandum.
985 2087 1034 2121 Et
1067 2083 1128 2135 (ut
1160 2085 1331 2121 breviter
1364 2084 1535 2135 dicatur)
1578 2098 1660 2122 non
1704 2094 1760 2122 est
1777 2094 1819 2126 30

447 2146 610 2195 aliquod
645 2144 910 2181 ministerium
935 2143 1094 2181 Christo
1119 2142 1296 2179 debitum
1321 2142 1361 2179 in
1384 2156 1463 2191 quo
1487 2144 1559 2180 hec
1582 2143 1760 2180 trimem-

447 2204 527 2241 bris
559 2216 652 2252 pars
685 2202 849 2239 ecclesie
883 2210 1016 2250 posset
1049 2200 1208 2238 Christo
1249 2200 1478 2237 meritorius
1518 2201 1758 2240 ministrare.

446 2265 527 2299 Nec
561 2261 724 2298 dubium
760 2259 856 2308 quin
889 2259 1070 2297 Christus
1103 2268 1243 2295 contra
1266 2258 1555 2296 Antichristum
1590 2259 1759 2296 istorum

448 2321 721 2357 membrorum
756 2317 964 2367 quodlibet
997 2316 1221 2358 adimerem
1256 2316 1437 2353 Christus
1470 2317 1573 2354 enim
1607 2326 1663 2354 est
1687 2329 1762 2354 rex

447 2391 584 2429 regum
618 2385 653 2414 et
698 2376 875 2412 dominus
914 2375 1156 2411 dominorum
1203 2378 1260 2419 (ut
1305 2386 1397 2422 sepe
1440 2383 1550 2423 patet
1594 2387 1638 2412 ex
1684 2375 1760 2412 fide
1776 2383 1817 2416 35

447 2436 678 2484 scripture);
702 2434 792 2470 ideo
817 2433 923 2482 ipsos
949 2432 1134 2469 dominos
1160 2431 1322 2469 indubie
1345 2432 1562 2469 adiuvaret.
1598 2434 1646 2469 Et
1668 2445 1759 2469 cum

447 2494 496 2530 sit
539 2494 726 2530 sacerdos
770 2492 810 2528 in
853 2500 1034 2528 eternum
1079 2503 1125 2527 ac
1169 2503 1350 2526 summus
1388 2489 1563 2539 pontifex
1591 2487 1596 2544 Ι
1623 2476 1850 2539 ymmoF⁰¹·

1777 2526 1858 2564 204⁶*

517 2624 542 2644 2.
565 2616 603 2644 1-2:
624 2624 727 2651 quam.
854 2614 878 2643 3.
900 2616 943 2644 A:
965 2615 1173 2644 distendendo.
1294 2614 1318 2643 5.
1339 2614 1378 2642 Ε;
1401 2618 1497 2642 status
1518 2613 1638 2648 repensi
1659 2613 1759 2645 deest:

449 2651 488 2678 ib.
510 2652 554 2679 A:
581 2659 723 2678 sermone
744 2650 848 2684 vnl·=;
880 2651 918 2678 ib.
940 2651 968 2678 Α
989 2650 1018 2678 in
1041 2659 1154 2685 marg:
1182 2651 1292 2679 Sermo
1312 2649 1408 2677 vl110.
1546 2650 1572 2676 δ’.
1595 2648 1663 2675 DE:
1690 2648 1760 2677 Ser-

449 2694 539 2713 mone
559 2685 664 2718 XIV⁰3
692 2685 731 2713 ib.
753 2685 781 2713 Α
801 2685 830 2712 in
854 2693 967 2719 marga
989 2686 1098 2714 Sermo
1119 2684 1198 2713 XXI.
1283 2692 1316 2711 ιι.
1338 2683 1407 2711 DE:
1429 2683 1509 2711 enim
1532 2683 1630 2716 deest;
1658 2683 1697 2710 ib.
1720 2684 1759 2710 E:

449 2721 507 2747 hoc
527 2725 639 2747 tamen.
714 2718 804 2747 ῐι-ῂιῖζ
824 2719 903 2747 This
924 2728 1014 2754 passa
1039 2729 1053 2747 e
1074 2719 1099 2747 is
1120 2719 1266 2755 certainly
1286 2722 1422 2753 corrupt.
1443 2718 1495 2746 W.
1518 2719 1632 2753 always
1653 2718 1760 2745 allows

448 2755 513 2782 that
533 2754 682 2790 tempora}
704 2755 781 2781 alnis
803 2762 872 2781 mav
895 2754 929 2781 be
951 2754 1024 2781 wisc
1038 2763 1056 2790 y
1076 2754 1177 2793 given.
1251 2762 1292 2788 ιιι.
1314 2754 1341 2780 Α
1361 2752 1390 2780 in
1408 2761 1521 2788 marg.:
1543 2752 1577 2780 C.
1650 2760 1697 2780 20.
1721 2752 1758 2779 13:

448 2789 658 2825 obsequendo.
778 2796 825 2822 24.
847 2784 915 2816 DE:
936 2787 999 2816 Nec
1020 2789 1159 2816 dubium.
1277 2787 1320 2815 25.
1341 2787 1381 2815 Εε
1403 2788 1483 2815 velut
1503 2786 1688 2819 tortoribus:
1717 2787 1759 2814 D:

449 2823 611 2851 duodecim
633 2823 812 2851 tortoribus.
942 2822 989 2851 30.
1010 2824 1054 2850 A:
1077 2822 1262 2850 roborando.
1382 2820 1421 2855 31,
1442 2821 1484 2850 32.
1505 2822 1550 2850 A:
1571 2821 1760 2849 trimembris

450 2858 612 2894 perfective
633 2862 745 2894 posset.
864 2856 984 2892 347—36.
1005 2857 1045 2885 13:
1067 2856 1209 2885 Christus
1227 2872 1261 2876 —
1281 2856 1439 2884 adiuvaret
1458 2857 1552 2884 deest.

520 2929 549 2964 5.
576 2929 628 2963 Cf.
655 2939 758 2973 supra
787 2938 883 2972 paga
915 2939 964 2973 m.
1061 2927 1092 2960 8.
1119 2927 1171 2961 Cf.
1199 2938 1303 2972 supra
1330 2938 1410 2972 pag.
1441 2928 1515 2961 155.
