1986 3380
203 291 338 320 sERMO
354 281 492 339 XLV114}
668 293 881 326 sECUNDA
907 293 1034 324 PARs.

203 403 250 437 de
283 400 470 448 suffragio
496 400 707 449 spirituali.
742 402 789 435 Et
822 399 927 435 idem
952 399 1115 447 fingitur
1148 400 1195 435 de
1219 398 1342 435 literis
1377 401 1513 437 frater—

201 459 372 495 nitatum
390 457 848 503 concessisafratribus3
873 459 942 494 sed
965 456 1133 493 istorum
1158 457 1339 493 omnium
1363 457 1513 494 illusio-

201 529 292 553 nem
321 517 482 565 propria
515 515 691 552 stulticia
715 514 1074 552 elemosinancium
1100 524 1156 551 est
1180 515 1219 551 in
1244 528 1364 552 causa
1411 519 1510 552 Nam

201 574 409 623 supposito
444 575 551 622 quod
584 574 699 610 litera
731 573 821 610 talis
854 573 938 610 sine
961 574 1059 610 falsa
1084 572 1230 610 ficticia
1254 575 1469 610 descendat
1493 588 1513 611 a

169 633 305 681 5papa
327 633 388 669 vel
411 632 602 680 episcopo
628 632 752 680 (quod
777 644 868 668 raro
893 631 1054 679 evenit),
1087 644 1223 679 ymmo
1248 631 1380 679 posito
1405 634 1512 681 quod

200 700 332 738 portet
361 703 508 738 papam
531 691 592 727 vel
615 689 850 738 episcopum
875 689 914 725 in
938 689 1135 736 manibus,
1160 698 1301 738 querat
1331 690 1513 726 elemosi-

199 762 299 785 nans
324 749 529 797 quomodo
553 756 686 796 posset
710 748 757 783 de
780 756 839 783 tot
863 747 1127 795 indulgenciis
1149 748 1210 784 vel
1239 747 1513 795 spiritualibus

201 806 399 854 suffragiis
447 818 530 842 esse
576 814 721 842 certus.
768 808 849 841 Nec
898 805 1063 842 dubium
1110 805 1206 854 quin
1243 805 1512 843 Antichristus

201 877 291 901 cum
327 864 479 901 cunctis
512 863 591 900 suis
625 863 889 911 complicibus
927 876 1000 900 nec
1034 863 1107 900 scit
1140 876 1212 900 nec
1251 864 1398 900 sufficit
1431 878 1513 901 cer-

147 934 185 955 10
201 922 355 959 ciorare
401 924 448 958 de
493 922 717 970 capacitate
760 922 821 958 vel
866 920 1059 969 dignitate
1105 922 1418 973 elemosinantis,
1471 932 1513 959 ut

201 980 367 1028 recipiat
406 989 563 1016 tantum
598 981 761 1016 bonum.
817 981 917 1016 Cum
952 992 1044 1027 ergo
1083 993 1164 1016 non
1197 981 1313 1016 debet
1346 981 1512 1028 expendi

199 1038 370 1086 pecunia
402 1038 442 1074 in
477 1038 624 1074 ficticia
656 1037 797 1074 frivola
832 1046 868 1073 et
902 1037 1067 1084 incerta,
1101 1038 1258 1074 videtur
1291 1040 1399 1087 quod
1432 1051 1512 1075 non

199 1098 315 1132 debet
349 1096 434 1133 dari
468 1096 613 1132 talibus
647 1095 818 1144 pecunia
850 1095 926 1132 nisi
950 1096 1053 1132 forte
1086 1097 1133 1133 de
1166 1096 1430 1144 indulgenciis
1453 1105 1512 1133 tot

198 1163 234 1191 et
266 1163 379 1191 tanto
412 1154 601 1201 suffragio
634 1154 799 1190 fecerint
832 1154 990 1190 firmam
1025 1154 1163 1199 fidem3
1203 1156 1271 1191 sed
1305 1156 1512 1203 quomodo

146 1213 181 1246 15
198 1214 273 1249 hoc
306 1213 494 1259 facerent,
521 1225 610 1249 cum
634 1221 783 1249 statum
808 1212 1108 1249 elemosinantis
1142 1213 1328 1261 ignorant
1361 1213 1391 1249 si
1424 1226 1511 1261 pre-

199 1270 419 1307 destinatus
452 1270 570 1307 fuerit
592 1271 652 1307 vel
685 1270 905 1319 prescitus?
938 1273 1128 1318 Ignorant
1152 1271 1279 1307 eciam
1305 1273 1511 1319 quomodo

198 1337 409 1377 peccatum
442 1329 596 1366 veniale
630 1328 863 1366 distinctum
897 1329 1015 1365 fuerit
1049 1342 1070 1365 a
1105 1329 1279 1366 mortali.
1319 1331 1368 1366 Et
1400 1329 1510 1377 igno-

198 1396 287 1424 rant
326 1387 451 1424 tercio
490 1387 520 1423 si
555 1395 698 1424 cuncta
732 1387 919 1424 mortalia
953 1400 1028 1436 que
1063 1387 1370 1424 elemosinantes
1402 1400 1511 1424 com-

200 1445 392 1482 miserant
425 1445 502 1482 sint
536 1445 715 1482 dimissa.
751 1445 865 1482 Dicat
899 1457 992 1493 ergo
1026 1446 1295 1482 elemosinans
1328 1446 1399 1483 tali
1434 1446 1512 1482 dis-

142 1514 183 1535 20
199 1504 306 1540 colo:
343 1503 530 1540 Libenter
563 1503 639 1540 ista
673 1512 709 1540 et
742 1505 858 1551 plura
881 1503 952 1540 tibi
986 1503 1218 1550 tribuerem,
1252 1504 1283 1540 si
1318 1505 1365 1540 de
1398 1513 1511 1540 tanto

197 1561 387 1609 suffragio
417 1574 480 1598 me
508 1561 683 1598 volueris
716 1574 914 1607 securare,
949 1564 1017 1598 sed
1051 1561 1133 1598 scio
1166 1563 1275 1611 quod
1308 1562 1439 1610 posita
1472 1562 1512 1598 in

199 1632 261 1656 me
294 1619 518 1668 capacitate
550 1628 706 1656 tantum
731 1633 754 1656 a
777 1620 937 1656 Christo
961 1619 1180 1668 reciperem
1205 1620 1411 1657 subductis
1434 1620 1511 1656 tuis

197 1677 353 1724 fabulis,
371 1686 408 1714 et
427 1689 473 1714 eo
498 1677 701 1726 copiosius
721 1691 800 1726 quo
823 1678 900 1714 tuis
924 1678 1131 1715 fraudibus
1154 1679 1322 1715 noluero
1346 1691 1511 1715 consen-

196 1735 283 1782 tire,
317 1744 353 1772 et
386 1735 442 1772 sic
466 1737 603 1773 lumen
627 1736 719 1772 fidei
743 1737 944 1773 detectum
969 1749 1039 1784 per
1062 1745 1238 1773 rectores
1262 1736 1510 1785 simplicibus

140 1794 180 1827 25
197 1794 367 1831 faciliter
385 1802 597 1840 excuteret,
614 1807 662 1831 ne
680 1794 884 1843 simplices
908 1794 968 1831 sui
990 1808 1061 1843 per
1080 1795 1353 1831 mendicantes
1378 1795 1511 1831 huius-

199 1852 308 1888 modi
341 1852 418 1889 sint
451 1852 618 1890 seducti.
653 1854 701 1889 Et
733 1852 789 1889 sic
822 1852 987 1889 omissio
1021 1854 1269 1901 prelatorum
1304 1861 1340 1889 et
1373 1853 1512 1902 rapine

196 1910 455 1959 participium
486 1920 543 1948 est
571 1911 612 1947 in
635 1923 756 1948 causa
779 1924 902 1960 quare
926 1911 1075 1947 subditi
1097 1911 1230 1948 taliter
1252 1913 1510 1948 seducuntur.

255 1969 411 2005 Infinite
443 1978 535 2005 sunt
567 1969 642 2006 alie
674 1968 825 2017 species
850 1969 1172 2006 mendicancium
1206 1969 1446 2015 validorum,
1470 1978 1512 2006 ut

198 2026 356 2072 harloti‚
392 2026 611 2073 Robertini,
652 2026 865 2064 minstralli
899 2037 935 2064 et
968 2027 1211 2065 ioculatores
1246 2041 1336 2064 cum
1370 2028 1512 2065 ceteris

138 2085 182 2118 30
198 2084 266 2134 qui
300 2084 392 2133 quia
425 2097 565 2121 eorum
598 2085 874 2122 tratidulencia
906 2086 1114 2134 patencius
1149 2095 1207 2123 est
1239 2095 1443 2134 percepta⁷
1477 2094 1514 2122 et

197 2142 436 2179 informacio
466 2143 593 2180 curati
617 2156 639 2180 a
663 2143 831 2180 dacione
863 2144 1004 2180 talium
1038 2145 1153 2193 plene
1186 2144 1399 2190 sufficeret,
1433 2157 1513 2181 non

197 2210 288 2237 sunt
334 2200 618 2249 particularius
664 2201 908 2239 declarandi.
955 2203 1022 2239 Ille
1061 2202 1166 2239 enim
1211 2215 1282 2250 per
1327 2211 1511 2239 curatum

198 2272 314 2295 suum
344 2259 529 2296 debiliter
562 2268 619 2296 est
651 2259 869 2297 instructus
894 2259 961 2309 qui
993 2269 1159 2309 propter
1190 2260 1339 2297 famam
1375 2260 1511 2306 seculi,

197 2326 363 2366 propter
415 2319 612 2366 pudorem
671 2318 810 2354 mundi
867 2327 934 2355 aut
987 2327 1152 2367 propter
1205 2318 1511 2355 similitudinem

141 2377 181 2409 35
198 2375 367 2412 errantis
411 2376 583 2424 proximi
621 2376 767 2413 talibus
807 2389 878 2413 sua
916 2376 1158 2425 temporalia
1198 2385 1337 2413 contra
1384 2377 1511 2425 legem

198 2433 360 2470 Domini
393 2435 512 2471 stulte
541 2435 677 2470 donat.
712 2434 922 2471 Convincit
956 2434 1060 2471 enim
1085 2447 1126 2472 se
1160 2435 1248 2484 plus
1281 2447 1418 2472 amare
1441 2435 1512 2472 hec

267 2565 293 2592 7.
309 2556 377 2584 DE:
393 2557 551 2593 quomodo
567 2562 673 2593 posset
687 2557 782 2585 deest.
839 2556 865 2585 8.
881 2557 906 2585 E
920 2557 950 2585 in
966 2566 1082 2593 marg:
1099 2557 1189 2586 Nota.
1246 2565 1288 2592 14.
1305 2558 1349 2585 A:
1365 2557 1512 2585 fecerunt.

199 2591 239 2625 18,
256 2600 297 2628 19.
313 2593 358 2619 A:
380 2592 549 2620 omiserant
564 2597 643 2620 sunt.
700 2600 738 2620 21.
755 2592 825 2620 DE:
841 2597 870 2620 et
884 2592 963 2625 scio;
986 2592 1026 2619 ib.
1042 2594 1087 2620 A:
1109 2601 1165 2627 sup
1192 2592 1280 2619 osita.
1337 2591 1378 2619 23.
1394 2593 1464 2620 DE:
1485 2597 1511 2620 et

198 2627 292 2654 deest.
344 2634 390 2659 24.
403 2627 476 2654 AD:
494 2628 654 2655 recciores.
706 2628 751 2655 26.
764 2628 808 2655 A:
826 2627 910 2654 modi
927 2627 1020 2654 deest.
1073 2635 1118 2663 29.
1135 2601 1203 2665 DE:
1220 2627 1328 2655 harlati
1341 2648 1347 2654 .
1362 2649 1368 2655 .
1383 2649 1388 2655 .
1403 2649 1409 2655 .
1423 2627 1513 2655 mini-

199 2662 304 2689 stralli.
361 2661 406 2689 30.
423 2661 490 2689 DE:
507 2662 558 2698 qui
575 2662 668 2690 deest.
724 2661 772 2696 34.
786 2663 832 2690 A:
849 2662 1072 2690 similitudinis.
1129 2661 1169 2691 35.
1186 2662 1255 2691 DE:
1272 2663 1402 2690 errantis
1417 2663 1512 2690 deest.

270 2744 323 2776 29.
350 2734 385 2765 In
416 2734 515 2766 Rolls
543 2733 581 2765 of
605 2734 805 2767 Parlament
830 2735 901 2766 vol.
921 2735 978 2776 111,
1007 2734 1070 2767 332
1082 2735 1114 2767 b.
1135 2735 1236 2767 there
1262 2735 1290 2766 is
1318 2745 1335 2765 a
1361 2734 1510 2777 petition

198 2780 272 2811 ‘des
289 2779 389 2812 Fortz
404 2779 546 2823 Begers'
562 2781 594 2812 in
615 2780 733 2813 which
755 2781 946 2824 complaint
964 2781 992 2813 is
1013 2783 1114 2814 made
1133 2781 1208 2813 that
1227 2782 1405 2824 ‘plusours
1423 2780 1511 2812 fortz

198 2827 356 2859 Ribauds
375 2827 584 2860 mendinent
601 2835 634 2859 et
653 2838 696 2859 ne
715 2828 866 2860 vuillent
886 2827 1063 2860 labourer.
1079 2827 1157 2860 The
1171 2827 1263 2869 King
1282 2827 1410 2870 replies
1425 2827 1513 2858 ‘Soit

200 2873 362 2905 l'Estatut
388 2873 431 2904 de
460 2874 670 2917 Wyncestre
704 2882 736 2906 et
769 2875 800 2906 la
835 2875 1048 2907 declaration
1082 2874 1229 2918 d'ycelle
1257 2880 1290 2906 et
1317 2874 1368 2905 les
1394 2880 1512 2906 autres

200 2925 345 2951 estatuts
361 2920 403 2951 de
413 2920 681 2953 Roberdesmen
691 2929 753 2953 etc.
764 2930 825 2952 sur
839 2930 878 2952 ce
895 2920 972 2953 faitz
988 2928 1043 2953 ten
1051 2931 1092 2952 uz
1108 2928 1141 2953 et
1157 2921 1293 2963 gardez.
1305 2920 1511 2963 (Matthew).

1569 636 1665 664 Their
1687 638 1765 665 bulls

1580 674 1758 708 commonly

1575 707 1679 741 sorge-d
1702 708 1759 734 and

1541 742 1654 777 always
1676 743 1800 769 useless.

1540 1973 1638 2000 Other
1659 1977 1742 2000 sorts
1762 1972 1798 2000 of

1534 2008 1642 2045 sturdy
1663 2008 1803 2043 beggars.
