1986 3380
150 304 156 326 1
172 301 219 329 (ιῖ

192 415 212 441 lt
235 422 302 441 max
326 415 359 441 be

150 447 331 483 impossible
354 455 400 476 l⁴¹F

166 484 268 515 thiu-„m
290 490 318 510 1«)
343 486 375 511 bc

154 514 239 553 equal
264 519 390 545 xxiilwut

150 553 244 580 either
265 560 292 580 ol
317 555 396 580 {lit-m

156 589 242 623 being
265 589 390 615 innuite.

126 1805 292 1832 Accidcuis
314 1807 388 1833 bave

129 1848 168 1866 no
188 1840 396 1879 independent

185 1880 346 1902 existence.

731 303 955 334 JOHANNIS
977 303 1156 335 WYCLIF
1176 303 1433 336 SERMONUM
1461 290 1612 347 [SERMO
1634 302 1742 331 XXVI-

430 407 544 447 linea,
587 421 675 444 cum
718 422 795 444 non
838 419 1024 456 poterunt
1065 411 1267 458 coequari.
1303 421 1338 447 et
1378 420 1513 448 tamen
1553 422 1737 448 neutrum

428 475 484 501 est
519 466 715 502 inlinitum
754 480 960 513 magnum:
996 477 1031 503 et
1065 467 1119 504 sie
1154 468 1285 504 dicent
1319 480 1608 518 consequenter
1633 472 1738 518 quod

427 532 505 559 tam
541 524 696 560 bonitas
727 538 844 572 quam
872 525 994 560 virtus
1018 538 1136 573 quam
1164 526 1344 562 Christus
1369 528 1486 563 habet
1512 528 1740 564 humanitus

426 581 624 617 inlinitum
657 582 808 618 excedit
835 583 1053 619 bonitatem
1080 584 1243 620 alterius
1274 585 1446 620 bominis
1470 586 1527 622 vel
1552 586 1736 622 virtutem

425 648 461 674 et
495 649 628 675 tumen
668 650 854 676 neutrum
896 650 953 676 est
987 641 1200 677 inlinitum.
1243 644 1325 689 Ego
1359 652 1492 679 autem
1527 643 1773 680 consido—05

426 697 463 732 in
505 697 588 733 istis
631 697 697 733 Dei
740 698 1067 735 omniscienciam
1110 709 1146 736 et
1187 699 1277 735 licet
1318 702 1450 748 quoad
1498 714 1569 737 nos
1614 715 1735 737 unum

424 754 622 790 inlinitum
668 755 813 791 dicitur
860 752 967 792 aliud
1015 759 1215 801 excedere,
1256 767 1390 794 tamen
1437 758 1569 807 quoad
1611 761 1736 795 Deum

425 813 576 849 excedit
602 813 710 849 finite
742 814 1012 854 solummodo,
1039 828 1127 851 cum
1161 828 1239 851 non
1275 816 1399 864 possit
1430 818 1517 864 plus
1551 818 1738 853 excedere

423 883 542 918 quam
583 884 622 907 se
655 880 741 907 toto
775 881 811 908 et
844 872 973 920 ipsum
1009 882 1136 909 totum
1179 875 1436 911 solummodo
1477 883 1533 910 est
1568 875 1736 911 linitum.

424 928 533 964 Sicut
567 941 660 976 ergo
700 930 878 966 solebam
915 930 1047 967 dicere
1080 933 1186 980 quod
1221 932 1356 968 totalis
1390 932 1494 969 linea
1532 942 1568 968 et
1602 946 1737 981 super·
1760 946 1796 966 10

424 986 531 1022 ficies
577 996 667 1023 sunt
713 989 888 1036 equales
928 988 1029 1025 sicut
1075 989 1307 1037 superficies
1347 992 1545 1038 quadrata
1583 991 1736 1039 pedalis

422 1045 679 1081 solummodo
719 1045 828 1082 finite
873 1047 1024 1083 excedit
1065 1048 1167 1084 latus
1213 1060 1327 1084 suum
1369 1048 1480 1085 cuius
1519 1048 1737 1097 proporcio

422 1112 478 1138 est
509 1103 701 1139 diffinicio
732 1104 916 1140 distincte
945 1105 1117 1152 cognita,
1143 1106 1207 1153 qui
1240 1115 1297 1142 est
1327 1119 1516 1143 numerus
1545 1107 1735 1143 infinitus.

423 1163 503 1196 Nec
537 1170 594 1196 est
627 1162 738 1197 color
771 1161 800 1197 si
835 1175 913 1198 una
948 1163 1038 1198 talis
1073 1176 1133 1199 res
1166 1164 1295 1200 solum
1331 1164 1438 1200 finite
1472 1165 1624 1201 excedit
1648 1165 1737 1201 reli-

423 1231 542 1266 quam
591 1221 697 1267 quod
738 1229 925 1267 poterant
965 1221 1168 1269 coequari,
1209 1221 1311 1258 sicut
1351 1231 1460 1270 patet
1501 1224 1548 1259 de
1588 1223 1792 1270 angulo&

422 1276 631 1313 rectilineo
665 1286 700 1313 et
734 1279 879 1325 angulo
913 1278 1188 1327 contingent&
1231 1288 1267 1316 et
1300 1279 1354 1316 ita
1387 1280 1643 1318 senciendum
1679 1289 1735 1317 est

421 1335 468 1370 de
500 1334 645 1371 virtute
685 1344 721 1371 et
761 1335 939 1373 bonitate
973 1350 1094 1385 quam
1129 1337 1309 1374 Christus
1353 1339 1471 1375 babet
1505 1338 1735 1376 humanitus

421 1394 553 1440 quoad
594 1393 694 1429 alios
727 1394 868 1430 fratres
901 1407 1006 1431 suos.
1050 1396 1189 1432 Nullus
1224 1395 1327 1432 enim
1363 1396 1463 1433 alius
1497 1406 1627 1445 potest
1659 1397 1731 1433 sibi

420 1450 556 1499 equari
597 1451 636 1487 in
679 1451 823 1488 virtute
862 1452 954 1490 licet
991 1461 1161 1502 utraque
1199 1454 1248 1490 sit
1288 1454 1399 1491 finita
1439 1464 1475 1491 et
1514 1455 1733 1492 consimilis

419 1508 579 1557 speciei.
625 1511 672 1545 Et
719 1510 775 1546 sic
820 1510 911 1547 licet
952 1511 1132 1548 Christus
1179 1512 1228 1548 sit
1268 1512 1410 1549 melior
1450 1514 1571 1550 homo
1611 1526 1729 1562 quam
1750 1525 1791 1546 20

421 1568 558 1603 Petrus
605 1567 660 1603 sic
705 1570 812 1616 quod
852 1568 1006 1606 infinite
1046 1569 1246 1606 bonitates
1281 1570 1383 1606 Petri
1424 1584 1502 1607 non
1543 1580 1731 1619 poterunt

418 1624 491 1660 sibi
533 1627 753 1662 secundum
793 1627 1108 1675 equivaleneiam
1151 1628 1353 1676 coequari,
1387 1637 1522 1665 tamen
1561 1642 1640 1665 non
1674 1642 1731 1665 se-

418 1682 554 1731 quitur
600 1686 707 1731 quod
749 1684 932 1720 Christus
976 1686 1024 1722 sit
1071 1685 1271 1722 infinitum
1320 1688 1446 1723 bonus
1492 1688 1613 1723 homo
1658 1699 1730 1723 nec

419 1742 526 1789 quod
561 1741 609 1777 sit
643 1741 843 1779 infinitum
887 1743 1028 1780 melior
1063 1744 1294 1781 humanitus
1328 1758 1447 1793 quam
1487 1754 1543 1781 est
1578 1747 1729 1782 Petrus.

477 1800 619 1845 Quoad
653 1801 820 1836 tercium
856 1810 964 1849 patet
989 1804 1095 1850 quod
1120 1811 1369 1851 assumptum
1403 1812 1460 1839 est
1484 1803 1731 1851 impossibile
1749 1806 1788 1837 25

417 1865 453 1892 et
499 1870 577 1893 una
626 1859 673 1894 de
718 1859 921 1895 heresibus
966 1860 1005 1896 in
1051 1860 1193 1908 quibus
1227 1861 1367 1897 fratres
1401 1873 1447 1897 ac
1481 1870 1659 1898 errantes
1692 1861 1730 1897 in

416 1924 670 1952 sacramento
704 1916 841 1952 altaris
865 1917 1037 1954 illudunt
1061 1919 1225 1966 populo,
1260 1931 1352 1955 nam
1377 1919 1473 1955 fatui
1499 1919 1730 1968 concipiunt

416 1974 523 2021 quod
563 1986 683 2010 omne
727 1975 912 2011 accidens
951 1976 1001 2012 sit
1039 1989 1100 2013 res
1138 1989 1215 2025 que
1253 1977 1399 2025 poterit
1437 1990 1507 2025 per
1546 1990 1586 2014 se
1627 1989 1729 2021 esse;

416 2032 523 2079 quod
576 2032 677 2068 foret
730 2033 1008 2081 blasphemum
1055 2036 1102 2071 de
1146 2035 1324 2083 quolibet
1373 2035 1592 2081 accidente,
1639 2048 1727 2072 curn

415 2090 569 2125 nullum
604 2089 652 2125 sit
686 2090 870 2127 accidens
903 2092 977 2128 nisi
1012 2094 1153 2129 modus
1192 2093 1450 2129 accidentalis
1489 2093 1728 2130 substancie.
1747 2095 1788 2127 30

415 2145 480 2183 Sic
514 2160 607 2194 ergo
641 2157 682 2184 ut
716 2150 820 2185 Deus
862 2162 942 2186 non
987 2160 1119 2198 potest
1163 2150 1202 2186 in
1249 2151 1630 2193 contradiceionem,
1676 2151 1729 2188 ita

415 2217 495 2241 non
528 2214 658 2253 potest
692 2205 729 2242 in
764 2220 834 2254 per
866 2220 906 2244 se
939 2208 1307 2246 accidentacionem
1343 2222 1462 2257 quam
1495 2209 1727 2246 Antichristi

415 2263 646 2310 blaspheme
679 2265 907 2312 p1·edicant;
941 2279 1032 2302 nam
1059 2276 1350 2316 consequenter
1373 2269 1598 2304 concedunt
1621 2269 1727 2316 quod

414 2329 597 2357 naturam
633 2334 744 2358 suam
780 2322 989 2370 integram,
1023 2324 1175 2361 scilicet
1207 2334 1288 2362 tam
1323 2338 1469 2374 corpus
1501 2338 1620 2374 quam
1646 2325 1729 2362 ani-

416 2391 537 2423 mam,
573 2379 753 2416 Christus
786 2390 916 2429 potest
956 2394 1158 2420 assumere
1203 2383 1241 2419 in
1288 2383 1481 2420 unitatem
1517 2383 1726 2431 suppositi,
1748 2385 1786 2416 35

414 2445 598 2473 naturam
634 2439 681 2474 de
715 2439 830 2475 beata
863 2439 1012 2487 virgine
1045 2440 1285 2478 dimittendo
1307 2442 1366 2478 vel
1390 2440 1516 2489 ipsam
1541 2450 1725 2478 naturam

413 2503 676 2543 assumptam,
711 2496 777 2532 ubi
811 2505 847 2533 et
881 2498 1186 2546 quomodolibet
1216 2499 1375 2536 libuerit
1398 2500 1656 2544 reservand03
1691 2507 1727 2535 et

413 2551 469 2588 sic
501 2551 603 2588 sicut
635 2553 691 2589 illi
726 2563 892 2602 possunt
925 2567 1009 2592 esse
1041 2569 1212 2605 persona
1247 2569 1322 2606 que
1355 2557 1503 2594 creavit
1533 2558 1726 2593 mundum

485 2729 504 2749 ¹.
527 2722 571 2749 A:
592 2723 771 2758 quoequari.
845 2724 872 2755 8,
894 2732 922 2760 9.
945 2725 988 2751 A:
1011 2732 1080 2752 cum
1103 2733 1163 2752 non
1183 2740 1217 2744 —
1237 2725 1436 2752 solummodo
1457 2725 1551 2752 deest.
1626 2732 1664 2752 12.
1681 2725 1725 2752 A:

415 2756 508 2783 modo
530 2757 624 2784 deest.
726 2757 762 2785 13.
787 2759 832 2785 A:
854 2763 897 2785 est
920 2758 972 2785 Dei
996 2760 1066 2786 lilio.
1167 2767 1213 2786 20.
1235 2759 1303 2787 DE:
1326 2761 1437 2795 speeie.
1536 2767 1580 2787 22.
1601 2760 1646 2787 A:
1669 2760 1726 2787 s1b1

414 2791 508 2817 deest.
594 2800 639 2826 22,
660 2791 703 2820 23.
727 2792 794 2820 mi:
818 2801 871 2820 nec
891 2793 1038 2828 sequitur.
1124 2793 1168 2823 23.
1190 2802 1236 2834 24.
1258 2795 1303 2822 A:
1325 2794 1425 2822 bonus
1446 2810 1477 2813 —
1500 2794 1610 2821 melior
1632 2794 1725 2821 deest.

415 2825 455 2852 25.
478 2827 503 2852 A
527 2825 554 2852 iu
578 2834 691 2861 marga
714 2825 744 2854 3:
766 2827 834 2854 1513:
856 2827 904 2855 Ad
927 2828 1066 2855 tercium.
1139 2828 1186 2856 26.
1202 2829 1241 2856 h:
1262 2833 1377 2856 stantes
1397 2834 1423 2856 cl
1445 2829 1570 2861 fratres:
1591 2829 1631 2856 ib.
1648 2830 1675 2856 A
1696 2828 1724 2855 in

415 2868 527 2894 marga
552 2861 633 2895 Quid
657 2866 699 2888 cst
721 2862 880 2893 accidens:
905 2862 925 2889 ti
947 2862 974 2889 in
999 2871 1110 2897 marga
1133 2863 1191 2891 Hic
1213 2867 1299 2895 nota:
1329 2863 1352 2890 l)
1375 2864 1402 2891 iu
1426 2872 1539 2897 marg:
1563 2863 1644 2890 neus
1665 2871 1724 2902 uon

415 2899 514 2928 polest
541 2895 734 2930 impossibile
763 2897 905 2924 accidens
931 2901 1010 2924 stare
1031 2898 1096 2924 sine
1117 2898 1264 2925 subiecto.
1286 2898 1476 2934 Assumpcio
1498 2902 1604 2925 nature
1625 2906 1726 2925 culus-

415 2937 544 2965 cunque.
620 2930 666 2957 36.
687 2931 731 2958 A:
755 2931 791 2958 de
814 2931 898 2958 beata
917 2946 951 2951 -—
972 2936 1111 2959 naturam
1134 2932 1227 2960 deest.
1300 2932 1346 2961 38.
1368 2933 1410 2960 D:
1433 2932 1577 2961 mundus.
