1986 3380
152 309 224 344 108

148 894 224 921 {tow
242 895 290 921 tlte
304 895 421 922 orders

157 930 202 956 sin
225 929 344 963 against
364 930 412 956 the

215 963 350 1000 Trinity.

168 1821 255 1857 They
276 1829 407 1856 oppress

205 1856 282 1883 their
302 1864 372 1883 own

206 1891 370 1921 membcrs,

170 2171 227 2198 and
252 2170 426 2205 persecute}

182 2206 262 2233 them
285 2206 309 2232 it
327 2205 395 2240 they

194 2240 312 2268 declaro
333 2240 382 2267 tlie

245 2275 338 2302 trutli.

729 315 950 347 ,IOHANNIS
972 315 1153 346 WYCt.1F
1173 313 1427 346 SERMONUM
1508 297 1660 356 [SERMO
1682 309 1748 338 XV·

435 424 638 471 arguciam
670 422 891 471 blasphemi
925 421 1085 458 heretici
1111 430 1147 457 et
1171 420 1354 468 discipuli
1380 418 1610 455 Antichristi
1641 421 1747 467 quod

437 483 578 519 falsum
603 481 889 530 sophisticatus
912 480 951 516 in
976 488 1183 527 assumpto
1206 480 1423 515 secundum
1450 477 1599 513 scolam
1625 476 1749 525 patris

438 539 648 576 mendacii.
684 543 783 576 Nam
817 538 1033 574 christiana
1065 537 1202 584 religio
1234 537 1397 572 mandat
1423 535 1628 583 religiosos
1657 547 1749 570 suos

437 599 632 634 dominum
676 599 798 634 Deum
843 609 952 632 suum
997 608 1047 632 ex
1091 602 1168 631 toto
1213 595 1330 631 corde
1375 594 1552 644 diligere,
1592 592 1632 628 in
1671 605 1750 641 quo

437 665 619 704 patenter
666 655 728 691 isti
775 654 977 691 deliciunt.
1025 656 1124 690 Nam
1169 652 1198 688 si
1244 664 1313 688 sua
1359 650 1528 688 dileccio
1572 650 1784 698 dispersa5

438 714 650 750 infideliter
689 713 795 749 circa
828 725 929 748 vana
968 712 1067 748 foret
1107 711 1146 747 in
1181 713 1263 746 Deo
1302 709 1403 746 sicut
1441 718 1579 746 nostra
1612 708 1751 756 religio

437 781 691 819 congregata,
732 780 826 807 tunc
866 771 1038 818 perfecte
1083 777 1285 805 servarent
1326 769 1518 804 mandata
1557 764 1750 814 decalogi,

437 830 502 865 ubi
541 830 717 878 primum
758 838 794 865 et
828 841 897 876 per
935 839 1182 875 consequens
1222 825 1358 862 omnia
1398 825 1477 862 iam
1518 824 1750 873 infringunt.

439 890 607 924 l'eccant
652 887 850 935 (inquam)
901 899 1022 933 supra
1061 885 1300 922 christianos
1347 892 1500 920 ceteros
1545 883 1585 919 in
1623 891 1750 919 totam

435 946 689 985 Trinitatem.
707 945 800 993 quia
821 943 1048 992 specialiter
1071 952 1210 980 contra
1232 951 1387 990 patrem
1405 941 1472 990 qui
1494 950 1550 977 est
1566 940 1752 989 potencia
1771 953 1811 975 10

436 1005 495 1040 vel
526 1016 724 1043 mensura,
750 1002 843 1051 quia
872 1011 1026 1050 ponunt
1057 1001 1153 1037 ritus
1181 1012 1273 1036 suos
1302 999 1516 1048 sacrilegos
1546 1008 1588 1035 ut
1611 1007 1751 1039 vestes,

437 1072 473 1098 et
497 1062 552 1098 sic
571 1061 666 1098 talia
688 1060 891 1097 sensibilia
914 1059 1112 1099 ordinata,
1137 1057 1365 1107 potenciam
1390 1057 1514 1106 patris
1537 1057 1577 1094 in
1593 1056 1752 1094 Christo

437 1129 473 1156 et
504 1132 732 1156 mensuram
762 1131 874 1155 suam
906 1118 946 1154 in
971 1130 1049 1166 qua
1073 1117 1155 1165 ipse
1182 1115 1414 1163 religionem
1444 1128 1556 1153 suam
1582 1114 1753 1151 instituit

436 1190 638 1226 superare.
687 1179 778 1213 Ideo
823 1176 950 1212 sciant
996 1176 1208 1211 mendaces
1254 1173 1475 1221 blasphemi
1520 1174 1628 1221 quod
1671 1184 1753 1208 non

436 1238 648 1272 observant
677 1234 814 1271 onmia
838 1247 914 1282 que
943 1232 1161 1270 christiana
1184 1231 1323 1279 religio
1351 1230 1522 1279 precipit
1551 1239 1587 1267 et
1618 1231 1752 1267 obser·
1772 1231 1808 1263 15

437 1303 514 1337 vat,
543 1306 632 1330 cum
663 1306 743 1329 non
767 1294 979 1328 observant
1004 1302 1231 1327 mensuram
1257 1289 1296 1325 in
1321 1301 1399 1337 qua
1421 1288 1597 1325 Trinitas
1621 1287 1754 1337 posuit

437 1351 618 1388 ordinem
662 1350 938 1389 christianum,
973 1358 1141 1397 peccant
1179 1348 1356 1384 secundo
1395 1347 1434 1383 in
1467 1346 1624 1386 Filium.
1661 1345 1754 1395 quia

438 1410 555 1445 stulte
595 1419 631 1445 et
670 1408 824 1444 infinite
864 1407 1133 1455 multiplicant
1173 1418 1264 1442 suas
1297 1405 1576 1442 observancias
1616 1413 1652 1441 et
1684 1416 1755 1452 per

439 1479 685 1515 consequens
710 1475 878 1515 peccant
902 1465 1128 1513 specialiter
1152 1473 1291 1501 contra
1314 1464 1503 1499 Verbum.
1538 1464 1626 1510 Ipsa
1650 1462 1753 1499 enim

439 1535 495 1562 est
529 1525 731 1573 sapiencia
761 1524 832 1560 Dei
866 1523 990 1572 patris
1019 1519 1022 1574 1
1053 1532 1089 1560 ct
1122 1535 1312 1558 numerus
1344 1521 1525 1557 omnium
1548 1498 1854 1588 ydearumss'gg‘e

439 1587 524 1629 Que
572 1585 702 1630 (rogo)
743 1581 945 1630 sapiencia
992 1590 1048 1617 est
1087 1579 1357 1628 obligaciones
1397 1588 1433 1615 et
1477 1578 1756 1615 observancias

439 1641 556 1678 hodie
596 1650 769 1677 statuere
809 1649 844 1676 et
885 1652 971 1676 cras
1004 1638 1218 1686 infringere
1252 1647 1288 1674 et
1324 1636 1671 1685 dispensacionem
1707 1637 1755 1672 ab

440 1699 601 1735 homine
635 1711 751 1747 quem
786 1698 971 1745 ignorant
1004 1697 1033 1733 si
1068 1697 1116 1732 sit
1150 1695 1419 1733 Antichristus
1458 1696 1664 1743 expetere?
1708 1695 1756 1730 Et

441 1767 607 1805 peccaut
646 1757 770 1793 tercio
811 1764 951 1792 contra
985 1754 1177 1803 Spiritum
1213 1756 1404 1790 Sanctum
1439 1752 1506 1801 qui
1547 1761 1603 1789 est
1642 1765 1756 1789 amor

442 1815 568 1852 Patris
612 1816 662 1851 ad
702 1813 845 1851 Filium
892 1822 928 1850 et
973 1814 1130 1861 pondus
1175 1812 1320 1850 anime,
1367 1824 1456 1847 cum
1501 1823 1581 1847 non
1626 1811 1754 1846 solum
1773 1809 1812 1842 25

439 1873 614 1921 spoliant
647 1871 887 1909 extrinsecos
920 1872 1009 1919 plus
1041 1883 1185 1918 egenos
1217 1871 1285 1906 sed
1320 1870 1460 1906 fratres
1492 1881 1584 1905 suos
1616 1868 1756 1905 intrin-

440 1944 552 1968 secos
574 1943 644 1979 per
667 1943 757 1967 suas
780 1929 1039 1966 statuiciones
1061 1929 1285 1965 cautelosas
1309 1927 1483 1976 spoliant
1498 1936 1535 1963 et
1553 1927 1754 1964 occidunt.

442 1992 540 2026 Nam
584 1989 703 2025 frater
741 1988 964 2035 alienigena
998 1988 1044 2023 de
1078 1999 1199 2033 regno
1238 1999 1310 2022 suo
1343 1993 1509 2034 portans
1541 1984 1753 2033 pecuniam

441 2060 610 2094 paucam
658 2055 698 2082 ut
742 2045 984 2093 theologiam
1032 2044 1158 2081 discat
1198 2043 1378 2080 Oxonie
1420 2044 1568 2079 nedum
1608 2042 1755 2079 tribuet

441 2105 479 2140 in
519 2104 718 2153 principio
763 2104 854 2140 anni
895 2103 1126 2151 porcionem
1167 2115 1280 2139 suam
1321 2101 1516 2149 integram
1557 2113 1629 2149 pro
1669 2109 1754 2136 toto
1772 2099 1814 2133 30

441 2176 545 2199 anno
562 2162 752 2211 quicquid
775 2161 848 2198 sibi
873 2160 1097 2209 contigerit,
1124 2162 1190 2196 sed
1215 2159 1422 2209 supposita
1446 2167 1755 2207 quantacunque

440 2221 523 2257 eius
557 2219 780 2267 indigencia
813 2229 849 2256 et
883 2228 1192 2267 quantacunque
1225 2217 1394 2267 pecunia
1426 2217 1643 2253 incastrata
1674 2229 1756 2253 non

442 2278 635 2327 percipiet
686 2279 734 2315 ab
786 2277 839 2314 eis
891 2276 1205 2325 equivalenciam
1257 2277 1317 2313 vel
1367 2276 1631 2324 quadrantem
1687 2275 1755 2311 sed

442 2329 806 2373 incarceracionem
865 2348 911 2372 ac
969 2334 1295 2383 persecucionem
1353 2341 1488 2386 presto
1545 2331 1753 2381 percipiet,

442 2394 573 2443 posito
612 2395 719 2443 quod
758 2393 853 2442 ipsis
893 2393 1099 2430 caritative
1132 2393 1312 2429 enucleet
1350 2390 1572 2427 veritatem.
1613 2392 1754 2426 Nonne
1772 2389 1812 2422 35

443 2461 500 2489 est
534 2451 764 2488 huiusmodi
796 2459 902 2488 secte
934 2451 1032 2488 falsa
1066 2459 1103 2487 et
1135 2462 1236 2487 vana
1270 2448 1434 2498 religio?

511 2572 539 2597 4.
562 2563 628 2590 DE:
651 2563 679 2590 in
701 2562 769 2590 hoc.
860 2571 887 2598 7.
909 2561 977 2589 1³13:
1022 2569 1053 2589 er
1074 2570 1105 2589 se
1127 2565 1292 2589 servarent.
1378 2559 1405 2587 8.
1427 2559 1470 2587 D:
1492 2563 1520 2586 et
1538 2566 1748 2594 consequens:

443 2598 482 2626 E:
505 2606 559 2659 pei·
578 2597 661 2624 addit
683 2597 711 2624 in
733 2601 825 2624 textu.
951 2605 981 2633 9.
1011 2596 1072 2624 ffi:
1094 2603 1196 2632 super.
1323 2602 1364 2622 10.
1387 2594 1425 2622 E:
1447 2597 1475 2621 et
1495 2597 1602 2621 contra
1623 2597 1752 2628 patrem.

444 2641 481 2661 12.
519 2635 544 2659 ):
568 2637 594 2659 ct
615 2632 644 2659 in
666 2632 739 2661 alia:
762 2631 799 2659 E:
821 2636 848 2658 et
869 2631 956 2663 talia:
983 2631 1023 2658 ib.
1045 2632 1073 2658 A
1094 2630 1123 2658 in
1146 2638 1212 2658 mar
1236 2639 1260 2658 .:
1283 2638 1310 2661 ις
1332 2629 1372 2657 ib.
1395 2628 1461 2656 DE:
1484 2632 1665 2655 ornamenta
1687 2635 1754 2654 sen-

443 2667 542 2695 sibilia
565 2666 748 2702 potenciam.
835 2674 875 2699 ¹4·
897 2666 921 2693 E
941 2665 971 2693 in
993 2673 1089 2701 marg.
1111 2665 1182 2692 inf.:
1205 2664 1378 2699 sacrilegus
1398 2671 1435 2698 ga
1455 2671 1539 2698 gum,
1561 2662 1612 2697 qui
1635 2662 1705 2697 legit
1726 2667 1753 2689 et

444 2703 562 2730 furatur
582 2709 702 2728 sacrum
724 2701 761 2728 de
782 2709 870 2728 sacro
889 2701 934 2727 vel
956 2700 1073 2727 de’non
1096 2707 1183 2727 sacro
1204 2706 1337 2731 sacrum,
1359 2697 1440 2725 unde
1461 2696 1519 2725 hoc
1540 2695 1654 2724 Sam-ile
1679 2697 1753 2727 ium.

443 2736 482 2771 gii
505 2736 586 2772 quod
608 2735 703 2763 eciam
725 2735 910 2770 quandoque
932 2734 1116 2762 sacrificium
1138 2733 1333 2761 demonibus.
1363 2731 1460 2762 Ritus.
1489 2736 1538 2759 tus
1565 2730 1619 2760 tui.
1646 2731 1653 2758 i
1698 2735 1753 2762 est.

443 2770 634 2799 consuetudo
661 2778 676 2797 a
704 2769 874 2797 maioribus
900 2770 944 2796 vei
973 2769 1146 2796 minoribus
1171 2772 1297 2795 tractata
1323 2772 1352 2794 et
1378 2766 1507 2803 pertinet
1537 2766 1573 2793 ad
1601 2765 1753 2794 iusticiam

444 2805 531 2842 quasi
558 2810 658 2835 natus.
684 2805 755 2839 quia
783 2809 847 2831 rata
874 2808 943 2831 sunt
969 2809 997 2831 et
1023 2803 1137 2831 firmari
1164 2802 1207 2830 tui
1234 2802 1383 2830 debentur
1409 2801 1498 2829 tradi.
1616 2808 1654 2836 ¹7·
1675 2801 1704 2828 A
1725 2799 1754 2827 in

445 2848 511 2868 mar
535 2849 559 2868 ‚t
580 2847 606 2867 2.
690 2840 729 2866 18.
754 2838 776 2866 Ε
795 2838 825 2866 in
848 2846 960 2873 marga
983 2839 1112 2865 Peccant
1133 2837 1268 2865 secundo
1288 2836 1317 2864 in
1340 2836 1445 2863 silium.
1532 2843 1578 2863 20.
1600 2835 1644 2863 A:
1665 2834 1753 2871 ydea.

444 2883 487 2903 22·
547 2885 553 2903 τ
575 2879 619 2908 οῖς
639 2874 683 2901 A:
705 2873 768 2905 vel:
790 2873 827 2900 E:
851 2878 892 2900 ut.
1012 2880 1058 2900 21..
1080 2871 1135 2900 ΑΕ
1154 2872 1183 2899 in
1205 2879 1321 2906 marg:
1342 2870 1372 2903 3;
1395 2870 1418 2898 Ε
1438 2870 1467 2898 in
1489 2878 1603 2906 marg.:
1627 2870 1755 2897 peccant

444 2915 550 2938 contra
571 2908 721 2944 Spiritum
741 2907 908 2940 Sanctum:
937 2907 977 2935 ib.
999 2907 1067 2934 nh:
1099 2914 1186 2934 amor
1213 2905 1313 2939 deest;
1343 2905 1384 2933 ib.
1406 2904 1430 2932 E
1449 2905 1478 2932 in
1501 2912 1615 2940 marg:
1645 2911 1752 2931 nexus.

444 2943 490 2972 30.
511 2944 584 2972 AD:
606 2942 800 2979 peticionem.
873 2941 920 2977 34.
942 2941 1010 2970 DE:
1031 2945 1058 2969 ct
1080 2940 1192 2977 posito.
