1986 3380
246 248 381 278 SERMO
403 239 497 295 Lx1.]
721 251 934 283 SECUNDA
961 251 1086 283 PARS.

246 368 381 395 tamen
412 359 514 395 sicut
546 357 819 394 scandalizant
859 357 994 394 fideles
1032 356 1178 393 sciolos
1218 357 1414 405 scripture
1448 370 1559 395 sacre

247 417 433 463 cultores,
458 416 514 452 sic
530 415 803 452 scandalizant
820 418 1042 452 Romanam
1061 414 1213 452 curiam
1239 428 1378 452 omnes
1403 416 1558 452 hereses

246 487 343 523 quas
376 474 575 511 seminant
607 474 859 522 imponentes
893 473 1093 510 sentencie
1121 475 1299 510 Romane
1334 473 1498 510 ecclesie
1522 483 1559 510 et

245 541 427 569 asserunt
459 533 566 580 quod
601 544 645 568 ex
668 532 751 568 eius
785 531 1024 568 auctoritate
1048 532 1124 568 hoc
1157 540 1452 568 sacramentum
1478 545 1558 567 non

211 591 227 622 5
245 591 362 626 debet
382 589 516 626 vocari
535 589 663 638 panis,
681 590 781 626 sicut
797 589 1031 637 regulariter
1045 598 1162 626 vocat
1178 589 1308 637 ipsum
1325 590 1555 637 Apostolus,

244 649 312 684 sed
345 649 564 684 secundum
605 660 718 683 suam
758 647 1003 684 sentenciam
1039 649 1217 684 Romane
1257 647 1422 683 ecclesie
1460 661 1557 695 pure

243 705 385 751 nichi13
421 714 458 742 et
490 705 546 741 sic
580 705 725 753 corrigi
759 706 876 742 debet
908 705 1155 753 evangelium
1191 714 1228 742 et
1260 714 1340 741 tam
1366 704 1406 740 in
1428 705 1557 742 verbis

244 776 364 811 quam
398 762 528 811 logica
561 775 582 799 a
617 762 800 799 fidelibus
839 763 1017 800 refutari.
1062 765 1111 799 Et
1142 776 1223 800 non
1262 762 1425 799 dubium
1462 763 1557 811 quin

242 833 387 857 vesana
419 820 606 869 superbia
639 829 837 857 sectarum
877 820 1017 858 talium
1058 821 1236 858 ascendit
1276 821 1315 857 in
1349 821 1419 857 Dei
1453 822 1557 858 blas-

189 890 226 911 10
242 878 461 926 phemiam,
496 878 586 914 ideo
618 879 729 915 nulla
762 879 910 915 heresis
944 879 1045 915 foret
1069 879 1265 916 attencius
1299 880 1554 916 destruenda.

300 936 449 973 Iudicet
488 949 580 984 ergo
620 936 787 973 ecclesia
826 938 873 973 de
913 946 1050 974 nostra
1089 936 1291 974 sentencia
1323 949 1391 973 sue
1424 937 1554 974 heresi

241 994 482 1042 iuxtaposita
522 1003 560 1030 et
596 994 728 1031 videat
756 994 787 1030 si
821 994 1007 1031 devocius
1041 997 1172 1043 quoad
1215 996 1290 1031 hoc
1329 1007 1555 1032 sacramen-

241 1061 339 1098 tum,
366 1052 609 1089 fundabilius
634 1053 768 1101 quoad
791 1052 1046 1101 scripturam,
1082 1052 1285 1090 racionem
1321 1061 1357 1090 et
1380 1066 1552 1099 sensum,

239 1123 311 1147 nos
345 1111 560 1159 loquamur
600 1123 719 1158 quam
760 1110 816 1146 illi
856 1111 1049 1159 garriunt.
1103 1113 1183 1147 Nos
1223 1111 1327 1147 enim
1366 1111 1554 1159 ponimus

186 1169 222 1201 15
239 1169 346 1217 quod
380 1169 455 1205 hoc
477 1177 773 1205 sacramentum
806 1168 951 1205 virtute
973 1170 1186 1206 verborum
1212 1169 1360 1206 Christi
1385 1177 1442 1206 est
1464 1182 1554 1206 vere

239 1239 384 1274 corpus
418 1226 593 1272 Domini,
635 1226 691 1262 illi
730 1235 865 1263 autem
903 1226 1135 1275 sompniant
1175 1228 1282 1275 quod
1322 1236 1378 1263 est
1410 1227 1551 1272 nichil3

237 1297 309 1321 nos
342 1284 530 1333 ponimus
564 1286 671 1333 quod
705 1285 780 1321 hoc
813 1294 1108 1321 sacramentum
1144 1294 1200 1322 est
1233 1285 1273 1321 in
1304 1294 1450 1322 natura
1482 1298 1552 1322 sua

236 1355 351 1379 verus
398 1342 525 1390 panis,
571 1341 674 1378 sicut
719 1342 814 1379 dicit
854 1343 1085 1391 Apostolus,
1125 1342 1201 1391 ipsi
1243 1352 1376 1380 autem
1416 1342 1553 1380 dicunt

236 1401 344 1448 quod
377 1409 434 1437 est
466 1400 740 1437 accidencium
774 1401 1022 1448 aggregacio,
1057 1414 1228 1449 quorum
1254 1401 1462 1449 quodlibet
1495 1410 1552 1438 est

180 1458 276 1494 20in
312 1467 457 1495 natura
494 1471 565 1495 sua
603 1458 804 1494 infinitum
843 1458 1121 1507 imperfeccius
1167 1472 1286 1507 quam
1334 1459 1552 1496 materialis

235 1516 463 1553 substancia
496 1516 709 1564 signandass,
755 1529 828 1552 nos
868 1516 993 1553 tercio
1033 1516 1219 1565 ponimus
1259 1518 1367 1566 quod
1405 1516 1551 1554 virtute

229 1573 530 1613 benediccionis
547 1574 694 1611 Christi
718 1582 754 1610 et
769 1575 983 1611 verborum
1007 1587 1171 1611 suorum
1195 1575 1549 1612 sacramentalium

233 1631 349 1680 panis
383 1631 632 1677 melioratur,
667 1631 761 1680 quia
794 1632 836 1668 fit
870 1634 1173 1681 quodammodo
1208 1646 1353 1681 corpus
1388 1633 1548 1680 Christi,

233 1689 309 1738 ipsi
332 1698 466 1727 autem
490 1698 645 1738 ponunt
668 1691 777 1738 quod
810 1690 955 1727 virtute
984 1691 1154 1727 istorum
1184 1692 1398 1728 verborum
1434 1691 1548 1740 panis

178 1747 217 1779 25
234 1747 399 1785 omnino
433 1747 650 1784 destruitur
681 1748 742 1784 vel
775 1747 920 1785 desinit
954 1761 1037 1785 esse
1061 1757 1097 1785 et
1130 1750 1282 1785 addunt
1316 1750 1549 1798 blaspheme

233 1805 396 1842 indubie
429 1807 537 1854 quod
582 1818 684 1854 pane
718 1805 843 1854 priori
884 1806 1155 1855 equivalenter
1196 1807 1444 1844 annichilato
1483 1809 1549 1844 de-

233 1873 385 1901 structo
419 1864 597 1901 totaliter
620 1873 800 1900 remanet
833 1864 873 1900 in
894 1877 1022 1901 vacuo
1046 1878 1169 1901 unum
1193 1878 1337 1913 vagum
1363 1865 1548 1902 accidens

238 1921 321 1958 sine
356 1921 491 1972 aliquo
524 1921 786 1959 subiectante.

300 2053 320 2072 1.
341 2044 365 2071 Ε
396 2044 426 2072 in
448 2053 561 2107 marfj:
584 2045 705 2073 Sciolus
727 2045 754 2072 la
775 2045 838 2072 lum
860 2045 1084 2081 aliquantulum
1107 2046 1217 2074 sciens.
1319 2045 1343 2074 3.
1365 2046 1434 2074 DE:
1457 2047 1546 2074 finem

229 2079 376 2107 Romane.
462 2088 495 2107 11.
564 2080 594 2107 in
616 2088 730 2116 marg.:
750 2080 831 2107 Nota
852 2080 943 2108 fidem
964 2081 1009 2108 JO.
1023 2081 1075 2108 W.
1097 2081 1133 2108 de
1154 2080 1321 2109 venerabili
1343 2086 1546 2109 sacramento.

230 2113 269 2149 13,
291 2123 331 2148 14.
352 2116 396 2142 A:
419 2115 588 2143 secundum
610 2123 677 2142 nos.
822 2123 863 2148 14.
885 2115 934 2143 Ad
956 2124 1063 2143 vocem
1084 2116 1240 2151 garriunt;
1271 2116 1311 2143 ib.
1333 2116 1357 2144 E
1378 2116 1408 2143 in
1430 2125 1544 2151 marg:

229 2149 330 2188 garrio
352 2149 378 2176 is
398 2149 437 2177 iri
459 2149 547 2185 itum,
570 2149 745 2182 verbosare.
763 2150 904 2180 blandiri,
921 2151 1063 2185 gaudere,
1079 2150 1184 2185 iocari,
1206 2150 1277 2178 inde
1296 2152 1438 2186 garrulus
1459 2159 1475 2178 a
1495 2159 1545 2178 um

228 2192 247 2211 1.
270 2192 284 2211 e
316 2184 482 2217 verbosus;
504 2186 532 2212 A
552 2185 581 2212 in
604 2192 717 2219 marg:
740 2193 759 2211 1.
846 2193 884 2219 17.
907 2185 975 2212 DE:
998 2193 1054 2212 nos
1075 2190 1194 2219 autem;
1220 2185 1260 2213 ib.
1285 2186 1313 2213 A
1333 2186 1362 2212 in
1384 2194 1498 2221 marg:
1519 2193 1545 2213 2.

227 2226 267 2246 21.
283 2218 312 2246 A
326 2218 356 2246 in
374 2227 487 2254 marg:
507 2218 538 2254 35
558 2219 583 2247 Ε
602 2219 633 2246 in
655 2227 768 2254 marg:
789 2219 881 2246 Fides
903 2228 972 2247 vera
993 2219 1028 2247 de
1050 2225 1242 2247 sacramento
1263 2221 1428 2248 venerabili
1449 2221 1546 2248 iuxta-

250 2253 329 2281 osita
349 2254 522 2289 sompniate
543 2253 694 2290 opinioni.
775 2254 816 2282 25.
837 2255 881 2281 A:
905 2254 1083 2290 blaspheme
1104 2254 1197 2282 deest.
1283 2256 1328 2282 26.
1350 2256 1394 2283 A:
1416 2264 1431 2282 e
1456 2263 1545 2282 neva-

239 2292 332 2316 enter.
414 2296 458 2324 27.
479 2288 549 2316 DE:
572 2297 625 2316 cor
650 2288 783 2316 oraliter.
863 2288 909 2317 28.
930 2290 974 2317 A:
996 2289 1054 2317 Hic
1074 2294 1219 2317 secuntur
1239 2289 1406 2317 Sermones
1458 2299 1485 2317 0.
1509 2290 1544 2318 62

227 2322 380 2358 Egressus
397 2323 497 2357 Jesus,
522 2323 582 2351 No.
605 2324 622 2352 ὁ
663 2323 768 2350 Omnis
788 2324 842 2359 qui
860 2325 949 2355 venit,
970 2324 1029 2351 No.
1052 2324 1091 2359 64
1112 2323 1207 2352 Facta
1227 2328 1298 2352 sunt
1316 2325 1444 2352 encenia
1465 2333 1544 2360 quos

229 2366 323 2393 supra
343 2358 530 2386 Sermonum
553 2358 653 2394 prima
674 2362 760 2394 parte
780 2358 812 2386 in
833 2358 890 2386 fine
910 2359 1060 2386 invenieS.

1765 246 1843 291 463

1596 1174 1654 1203 We
1676 1184 1729 1212 say
1750 1176 1813 1215 that

1598 1216 1809 1238 consecration

1598 1246 1702 1272 makes
1724 1246 1814 1274 bread

1589 1279 1721 1307 Christ's
1743 1281 1825 1315 body

1585 1315 1643 1341 and
1667 1323 1700 1341 so
1723 1313 1827 1343 better.

1600 1580 1688 1618 They
1709 1590 1763 1619 say
1783 1583 1805 1610 it

1630 1617 1735 1644 makes
1755 1617 1778 1645 it

1588 1651 1734 1686 nothing;
1755 1653 1813 1680 and

1618 1694 1652 1713 so
1673 1695 1784 1715 worse.
