1986 3380
162 936 199 956 10

164 1227 169 1247 1
184 1215 198 1247 5

161 1517 201 1538 20

128 1554 200 1585 lsol.

122 1611 137 1632 2
150 1598 202 1641 14¹³

162 1799 199 1830 23

213 292 347 320 SERMO
364 281 533 339 XXXVII]
666 295 878 327 SECUNDA
908 294 1031 325 PARs.

213 415 334 437 unum
370 413 610 449 pomposum
648 400 865 436 minantem
907 412 979 447 pro
1020 399 1296 447 complecione
1342 398 1528 434 facinoris

214 469 250 496 et
280 472 399 507 super
427 468 642 506 utrumque
671 471 795 494 unum
822 470 1024 493 summum
1058 457 1230 492 iudicem
1262 469 1379 504 quem
1411 456 1528 492 sciret

214 517 368 553 infinite
400 516 585 564 potencie
618 525 654 551 et
685 515 942 552 discrecionis
975 527 1046 551 nec
1076 524 1270 551 tortorem
1305 526 1421 562 posse
1454 513 1527 548 sihi

213 588 370 613 nocere,
423 576 516 610 dum
569 582 797 610 constanter
849 574 1077 609 defenderet
1132 585 1293 608 causam
1346 572 1526 619 pulcram

218 633 323 669 illius
356 632 503 668 summi
538 631 692 669 iudicis,
728 633 795 668 sed
832 633 878 667 de
912 640 1063 679 quanto
1099 639 1228 666 tortor
1261 630 1298 665 in
1333 642 1422 665 eum
1458 629 1529 664 im-

214 699 367 739 peteret
400 692 447 726 de
479 698 591 726 tanto
618 689 691 725 sihi
716 691 942 737 prodesset3
977 689 1063 737 quis
1089 688 1286 736 (inquam)
1313 688 1413 724 foret
1447 700 1530 722 mo-

215 749 301 785 dice
347 748 438 784 fidei
483 748 589 796 quod
635 747 853 783 dimitteret
900 760 1059 783 causam
1101 759 1247 782 summi
1288 745 1448 781 Domini
1495 754 1530 781 et

215 815 523 854 prosequeretur
555 814 637 841 tam
672 814 829 853 turpem
855 818 1016 841 causam
1051 804 1214 840 tortoris
1239 814 1319 840 tam
1356 802 1530 851 reprobi,

215 864 442 913 specialiter
487 876 576 899 cum
623 864 785 899 deberet
830 875 1071 911 cognoscere
1117 864 1224 910 quod
1278 861 1530 897 obmittendo

216 935 377 959 causam
412 921 557 957 summi
598 920 740 957 iudicis
786 930 821 957 et
860 922 1142 969 prosequendo
1184 933 1344 956 causam
1386 918 1531 955 abiecti

214 980 378 1017 tortoris
411 980 639 1016 accumulat
672 979 745 1015 sihi
769 992 913 1027 penam
948 978 1146 1014 infinitum
1182 978 1374 1014 maiorem
1411 989 1529 1024 quam

215 1048 345 1074 tortor
378 1038 468 1073 talis
501 1046 637 1085 posset
671 1037 841 1073 inferre}¹
875 1039 922 1072 Et
946 1036 1021 1072 ista
1057 1036 1152 1072 fides
1176 1035 1359 1071 instruxit
1393 1047 1532 1070 omnes

216 1095 363 1133 Christi
398 1104 592 1142 martyres
627 1096 676 1131 ad
711 1096 1011 1143 reprobandum
1047 1104 1220 1130 tortores
1255 1103 1291 1130 et
1324 1092 1532 1141 publican-

217 1156 309 1190 dum
357 1153 619 1201 evangelium.
666 1156 746 1189 Nec
794 1153 957 1189 duhium
1000 1152 1095 1201 quin
1141 1153 1317 1188 defectus
1364 1150 1454 1187 fidei
1494 1150 1532 1185 in

215 1212 401 1248 omnibus
435 1213 510 1248 hoc
544 1211 822 1247 omittentibus
855 1211 904 1247 sit
938 1211 977 1246 in
1003 1223 1135 1247 causa.
1171 1211 1262 1246 Ideo
1295 1208 1533 1257 generaliter

216 1271 407 1307 vecordes
447 1269 486 1305 in
527 1282 647 1306 causa
688 1269 759 1305 Dei
798 1269 899 1305 sicut
945 1279 981 1305 et
1020 1281 1159 1305 omnes
1192 1276 1407 1316 peccantes
1440 1276 1531 1303 sunt

217 1328 342 1365 eciam
368 1327 561 1364 infideles.
594 1329 686 1363 Ideo
710 1329 930 1364 secundum
954 1327 1179 1363 doctrinam
1205 1325 1352 1363 Christi
1376 1326 1532 1369 (Matth.

217 1388 354 1429 xvir),
396 1390 457 1433 19)
503 1386 659 1434 expedit
702 1385 853 1422 viantes
897 1398 969 1434 pro
1015 1384 1316 1421 confortacione
1368 1396 1530 1419 suorum

216 1457 430 1481 nervorum
477 1445 623 1480 habere
668 1453 820 1480 tantam
868 1443 959 1480 fidei
995 1443 1096 1479 sicut
1141 1455 1312 1493 graman
1356 1441 1531 1492 {Vnapl's-

218 1502 386 1550 Synapis
427 1501 531 1538 enim
565 1510 622 1538 est
661 1514 874 1538 nervorum
918 1501 1197 1547 confortativa,
1237 1499 1424 1536 tremoris
1469 1500 1534 1535 de-

218 1560 407 1596 structiva
447 1569 483 1596 et
523 1572 660 1596 sensus
704 1560 860 1596 narium
891 1556 896 1612 1
926 1559 1144 1608 pungitiva,
1189 1558 1244 1594 sic
1285 1559 1341 1605 (ut
1381 1557 1530 1593 dictum

219 1628 275 1655 est
308 1616 422 1670 alibi)
458 1618 554 1654 fides
578 1619 803 1654 orthodoxa
827 1618 920 1653 facit
945 1619 1126 1653 membra
1151 1616 1297 1653 debilia
1330 1614 1533 1651 interioris

219 1676 393 1713 hominis
439 1677 644 1721 roborare,
691 1685 907 1712 tremorem
948 1688 991 1711 ex
1037 1675 1187 1711 influxu
1232 1674 1452 1711 carnalium
1497 1682 1534 1709 et

217 1733 502 1783 temporalium
529 1733 721 1770 minorari
747 1743 796 1779 et,
821 1747 911 1770 cum
937 1733 1054 1770 fuerit
1077 1732 1298 1781 practizata
1331 1732 1370 1768 in
1399 1744 1532 1779 opere,

218 1793 311 1829 facit
351 1805 496 1840 corpus
537 1792 657 1840 pungi
706 1800 742 1829 et
788 1791 1013 1840 exasperari
1053 1793 1187 1840 quoad
1231 1791 1379 1827 famam
1422 1802 1535 1825 mun-

218 1853 377 1887 danam.
413 1852 490 1887 Sed
514 1859 555 1886 ut
580 1852 701 1886 homo
725 1850 773 1886 sit
797 1852 916 1886 bonus
938 1851 1037 1886 odor
1060 1851 1156 1893 Deo,
1190 1848 1283 1885 facit
1306 1847 1532 1896 passionem

218 1909 399 1957 sapidam
426 1917 463 1944 et
487 1917 759 1953 constantem3
790 1918 826 1945 et
856 1909 1007 1945 clarum
1040 1917 1097 1944 est
1127 1916 1363 1956 preceptum
1388 1905 1535 1943 Christi

220 1967 447 2003 mandantis
479 1980 547 2003 nos
579 1968 680 2003 nolle
711 1967 846 2003 timere
885 1979 948 2002 eos
981 1967 1044 2015 qui
1082 1966 1259 2002 occidunt
1297 1977 1438 2014 corpus
1470 1965 1537 1999 sed

218 2026 384 2061 animam
418 2038 490 2061 non
519 2033 681 2074 possunt
714 2025 901 2068 occidere,
935 2024 1029 2073 quia
1057 2024 1159 2060 sicut
1183 2025 1288 2060 Deus
1311 2035 1382 2071 per
1405 2034 1444 2058 se
1469 2023 1536 2058 dat

219 2083 410 2129 animam,
431 2083 487 2119 sic
504 2083 615 2119 nulla
634 2092 819 2119 creatura
838 2092 968 2131 potest
987 2082 1115 2131 ipsam
1137 2095 1159 2118 a
1178 2094 1248 2118 sua
1267 2080 1536 2129 perpetuitate

220 2143 442 2186 destruere3
476 2153 548 2177 nec
580 2150 712 2189 potest
745 2143 867 2177 homo
900 2149 1030 2177 stante
1058 2140 1202 2177 virtute
1226 2139 1266 2175 in
1290 2139 1425 2175 anima
1453 2138 1536 2174 sine

219 2199 395 2236 vindicta
418 2199 653 2236 restituitiva
679 2212 874 2247 organum
900 2198 1023 2247 ipsius
1046 2199 1179 2235 anime
1202 2197 1399 2246 peiorare.
1433 2198 1536 2232 Deus

221 2270 315 2306 ergo
348 2270 529 2294 summus
562 2257 677 2294 iudex
716 2259 832 2294 debet
872 2256 1047 2293 filialiter
1085 2256 1232 2298 timeri,
1274 2268 1365 2292 cum
1405 2263 1536 2302 potest

220 2325 302 2352 tam
337 2328 482 2364 corpus
516 2328 634 2364 quan]
671 2315 847 2352 animam
881 2317 1050 2364 perdere
1073 2314 1113 2350 in
1135 2315 1372 2362 gehennam.
1395 2313 1536 2348 Timor

189 2380 353 2411 :autem
385 2373 485 2410 alius
510 2373 655 2410 dieitur
678 2374 829 2410 servilis
855 2383 891 2409 et
914 2374 1058 2417 fatuus,
1093 2382 1176 2408 turn
1211 2371 1305 2420 quia
1337 2370 1465 2407 tendit
1498 2370 1535 2405 in

221 2445 353 2469 servos
387 2431 573 2468 scurriles
606 2441 838 2481 contempto
864 2431 1051 2477 Domino,
1085 2440 1170 2467 tum
1205 2429 1298 2479 quia
1331 2429 1386 2466 sic
1419 2429 1537 2465 stulte

221 2490 408 2527 timentes
441 2490 535 2527 facit
568 2490 860 2527 abiectissimos
895 2502 1028 2526 servos
1062 2488 1223 2536 dyaboli
1257 2496 1294 2524 et
1326 2487 1495 2536 peccati.

292 2634 311 2654 ι.
341 2625 366 2653 D
397 2625 426 2653 in
458 2634 572 2661 marg:
606 2625 687 2653 Nota
717 2625 791 2652 bene
821 2633 878 2661 pro
908 2624 1049 2659 niartire3
1081 2623 1105 2651 E
1134 2623 1163 2651 in
1195 2631 1308 2659 marg:
1342 2621 1537 2658 Exemplum.

223 2669 262 2696 17,
279 2662 318 2688 18.
339 2662 382 2688 A:
405 2661 529 2688 Matthei
551 2660 651 2688 xvllo
671 2660 764 2688 deest.
842 2668 884 2696 19.
906 2660 929 2687 E
949 2660 979 2686 in
1002 2667 1115 2694 marg:
1137 2658 1265 2687 Viantes
1285 2657 1407 2692 expedit
1429 2658 1538 2685 habere

222 2696 311 2722 tidem
334 2700 365 2722 ut
384 2703 513 2730 granum
535 2695 662 2730 sinapis.
737 2703 776 2722 21.
793 2696 837 2723 A:
861 2703 970 2721 sensus
991 2695 1090 2724 varic:
1112 2694 1151 2720 ib.
1168 2694 1193 2721 D
1215 2693 1245 2720 in
1267 2701 1382 2728 marga
1405 2694 1537 2728 synape.

223 2737 268 2763 24.
290 2731 334 2757 A:
356 2735 549 2765 temporium
580 2731 619 2758 ib.
642 2730 710 2757 DE:
734 2738 803 2757 cum
825 2730 932 2757 fuerat.
1006 2730 1052 2756 28.
1074 2729 1142 2756 1³13:
1166 2728 1330 2755 mandatis.
1405 2727 1447 2755 32.
1469 2727 1536 2754 mi:

223 2782 408 2809 restitutum.
465 2781 506 2809 33.
528 2782 596 2810 DE:
620 2782 709 2810 debet
729 2782 867 2810 finaliter.
924 2781 970 2816 34.
993 2783 1019 2808 Α
1041 2781 1069 2808 iu
1092 2789 1205 2816 marg:
1227 2780 1339 2808 Timor
1362 2764 1375 2830 ἶ
1400 2763 1539 2824 Egi-‘iliae-

226 2834 250 2861 Ι)
273 2833 301 2861 in
325 2842 439 2869 marg:
461 2833 571 2861 Timor
592 2834 729 2868 servilis;
751 2833 774 2861 E
796 2834 825 2861 in
847 2842 960 2869 marg:
982 2832 1094 2861 Timor
1114 2833 1225 2860 fatuus.
1533 2820 1538 2830 '¹

298 2929 350 2952 22.
373 2919 483 2950 Serm.
505 2919 587 2950 Pars
607 2919 632 2958 Ι,
648 2919 758 2950 Serm.
780 2919 833 2955 1,1‚
862 2929 939 2961 pag.
959 2917 1037 2962 339,
1059 2917 1135 2959 340.
1211 2916 1263 2949 28.
1283 2917 1402 2950 Matth.
1425 2917 1468 2957 X,
1488 2916 1540 2949 28.

1737 294 1755 319 tv

1765 297 1784 331 *l

1589 696 1673 722 {Quini
1696 697 1778 729 gixcs

1615 739 1754 763 cour-„mu

1598 2320 1685 2347 Filia]
1709 2321 1782 2349 sear.

1587 2355 1704 2382 Sci-vile
1725 2357 1798 2383 tear.
