1986 3380
237 275 371 302 SERMO
391 263 510 321 mit]
702 279 916 311 sECUNDA
944 279 1058 309 PARS

293 387 371 421 Nec
406 386 604 421 contendo
638 386 696 421 vel
736 385 930 422 sollicitor
970 385 1075 421 circa
1116 386 1292 422 remedia
1325 399 1346 422 a
1381 399 1546 423 censura

232 444 292 478 vel
327 455 427 490 pena
463 443 691 479 huiusmodi
717 443 915 480 tardativa
939 456 1027 479 cum
1055 452 1139 479 tota
1164 456 1294 480 massa
1317 444 1365 480 sit
1389 444 1548 484 frivola:

234 510 270 536 et
305 510 458 537 certum
493 501 541 537 sit
579 501 683 537 fideli
718 503 824 549 quod
860 514 931 538 nec
966 501 1335 538 excommunicacio
1370 514 1440 538 nec
1471 503 1548 538 alia

234 571 400 595 censura
434 561 567 607 quoad
603 559 779 595 divinum
816 559 1007 596 iudicium
1035 559 1074 596 in
1108 572 1200 596 casu
1234 560 1302 596 tali
1339 560 1547 596 caritativo

200 619 443 664 &persecuto
489 625 620 653 stante
666 617 898 654 constancia
944 617 993 653 sit
1039 618 1193 655 nociva.
1243 620 1367 654 Debet
1413 627 1546 654 tamen

233 676 368 711 dolere
422 677 468 711 de
521 675 840 723 profundacione
899 676 1333 712 excommunicacionis
1386 676 1548 724 proprie

232 732 460 769 huiusmodi
509 732 680 773 inimici;
727 742 763 769 et
808 734 943 770 fideles
991 734 1224 782 parochiani
1272 736 1415 770 debent
1468 747 1547 770 non

231 792 415 827 obstante
459 791 881 828 excommunicacione
936 792 1076 840 prelati
1125 792 1356 828 huiusmodi
1408 806 1428 829 a
1475 806 1545 829 suo

232 857 370 885 curato
412 848 590 897 recipere
632 849 898 886 ministerium
941 850 1252 898 evangelizandi,
1295 860 1549 887 sacramenta

177 919 214 940 10
231 906 485 943 ministrandi
520 916 557 943 et
591 907 668 943 alia
702 908 837 944 officia
871 908 1153 954 sacerdotalia,
1187 921 1276 945 cum
1303 910 1419 945 debet
1453 922 1547 946 con-

230 974 334 1001 stare
367 965 422 1001 eis
446 967 553 1013 quod
588 966 802 1002 cardinalis
826 966 885 1002 vel
918 966 1018 1002 alius
1042 968 1219 1014 prelatus
1252 969 1445 1014 reprobus
1468 980 1546 1003 non

229 1023 354 1059 officit
387 1023 462 1059 nisi
487 1023 618 1071 primo
653 1033 688 1060 et
713 1024 991 1072 principaliter
1015 1024 1087 1061 sibi
1124 1025 1211 1073 ipsi,
1238 1026 1383 1061 debent
1416 1025 1546 1073 ipsum

229 1081 355 1117 eciam
402 1081 524 1118 alium
579 1091 759 1118 curatum
809 1083 1003 1131 expellere
1056 1083 1130 1119 nisi
1181 1083 1314 1119 forsan
1369 1083 1545 1130 priorem

227 1139 411 1176 noverint
457 1139 732 1181 criminosum,
780 1150 816 1177 et
860 1153 930 1189 per
974 1141 1079 1178 idem
1126 1142 1270 1178 debent
1321 1141 1548 1178 necessario

175 1198 209 1231 15
227 1197 466 1246 temporalia
496 1199 545 1234 ad
570 1211 683 1237 suum
709 1199 886 1235 officium
911 1198 983 1235 sibi
1008 1199 1196 1243 tribuere,
1223 1209 1259 1236 et
1283 1199 1416 1248 posito
1440 1201 1546 1248 quod

228 1255 414 1292 sciverint
443 1256 573 1304 ipsum
605 1257 829 1294 vecorditer
859 1259 953 1294 dare
984 1257 1222 1294 elemosinas
1246 1270 1337 1294 suas
1361 1259 1547 1306 dyabolo,

229 1315 374 1351 debent
397 1315 446 1350 ab
470 1323 641 1363 utroque
674 1315 780 1363 ipsas
803 1317 1037 1352 subtrahere
1061 1325 1098 1352 et
1122 1317 1252 1353 nullas
1276 1316 1547 1352 excommuni-

229 1372 413 1409 caciones
436 1385 527 1409 suas
542 1372 703 1410 frivolas
718 1373 949 1410 formidare.
976 1376 1022 1410 Et
1047 1373 1085 1410 in
1109 1374 1183 1411 ista
1200 1373 1290 1411 fidei
1315 1374 1547 1411 constancia

229 1432 345 1467 debet
368 1439 475 1467 totus
506 1432 678 1479 populus
707 1432 887 1468 subditus
917 1441 953 1468 et
983 1440 1089 1469 totus
1118 1434 1373 1469 sacerdotum
1399 1445 1547 1469 cuneus

171 1500 212 1521 20
228 1488 396 1525 firmiter
428 1488 547 1525 simul
580 1498 703 1535 stare3
738 1499 774 1526 et
808 1491 881 1527 ista
916 1491 1118 1527 sentencia
1152 1490 1345 1539 explicata
1380 1491 1547 1527 subditis

228 1556 264 1583 et
304 1548 422 1583 docta
467 1547 546 1583 illis
592 1548 847 1585 concorditer
893 1549 1020 1597 ipsam
1069 1549 1280 1585 defendere
1327 1551 1546 1586 destrueret

228 1605 374 1641 multas
407 1605 608 1642 versucias
640 1606 889 1643 Antichristi.

285 1664 429 1709 Quoad
473 1663 641 1700 tercium
688 1673 968 1712 argumentum
1014 1665 1170 1703 videtur
1217 1665 1311 1701 mihi
1358 1674 1414 1705 (ut
1455 1678 1546 1714 sepe

225 1721 338 1768 alias)
386 1723 493 1770 quod
544 1723 799 1759 concluditur
844 1723 1049 1760 conclusio
1095 1725 1365 1761 concedenda.
1420 1727 1546 1760 Nemo

170 1778 208 1811 25
225 1779 331 1816 enim
371 1780 515 1817 debent
555 1780 757 1818 confidere
804 1781 841 1817 in
882 1781 951 1818 tali
990 1783 1146 1830 prelato
1186 1783 1293 1830 quod
1334 1794 1545 1830 processus

225 1851 318 1874 suus
357 1847 496 1875 contra
535 1838 757 1876 subiectum
798 1839 847 1876 sit
879 1839 1080 1888 legitimus
1118 1841 1177 1878 vel
1218 1841 1325 1889 quod
1364 1840 1545 1876 subditus

225 1896 273 1932 sit
298 1896 667 1934 excommunicatus
691 1910 712 1934 a
736 1899 833 1935 Deo.
859 1899 1064 1935 Habemus
1088 1899 1249 1948 quidem
1281 1898 1375 1935 satis
1400 1900 1546 1935 multos

224 1954 414 1991 articulos
450 1955 554 2002 fidei,
594 1964 631 1992 et
663 1955 694 1992 si
727 1969 820 1996 non,
862 1958 1080 1994 habeamus
1114 1958 1212 1994 tales
1245 1958 1350 1993 zelos
1383 1957 1546 1993 frivolos

226 2012 293 2061 qui
331 2022 497 2062 propter
535 2013 750 2051 avariciam
788 2016 848 2051 vel
886 2015 1031 2052 fastum
1072 2028 1191 2064 super
1230 2015 1411 2052 subditos
1456 2024 1545 2051 sunt

167 2070 387 2108 3oinventi.
434 2073 534 2109 Cum
580 2084 673 2120 ergo
716 2085 789 2110 nec
830 2085 873 2110 ex
912 2073 989 2110 fide
1033 2086 1106 2111 nec
1151 2073 1313 2110 aliunde
1354 2074 1545 2110 debemus

226 2129 387 2166 credere
432 2130 530 2166 tales
575 2142 798 2179 processus,
838 2132 970 2168 fatuus
1007 2132 1109 2169 foret
1149 2132 1216 2181 qui
1262 2144 1301 2168 se
1347 2131 1545 2168 subiceret

225 2186 404 2235 periculo
437 2187 476 2224 in
510 2188 934 2226 excommunicacione
965 2190 1025 2227 sui
1049 2189 1221 2239 proximi
1254 2203 1328 2238 pro
1362 2202 1482 2226 causa
1506 2190 1545 2226 in

224 2258 303 2294 qua
331 2253 487 2282 tantum
519 2246 675 2284 dubitat
696 2248 758 2284 vel
781 2247 984 2285 evidencia
1008 2247 1207 2297 probabili
1231 2257 1390 2296 reputat
1414 2248 1545 2284 minus

222 2301 383 2340 iustam.
430 2304 601 2345 Securus
640 2304 802 2354 quidem
842 2307 958 2343 debet
991 2318 1074 2344 esse
1113 2306 1294 2343 subditus
1327 2315 1542 2355 antequam

169 2362 206 2395 35
224 2362 274 2399 ad
325 2362 790 2400 excommunicacionern
845 2363 1075 2402 huiusmodi
1125 2377 1165 2401 se
1216 2373 1399 2413 exponat,
1454 2377 1542 2401 cum

224 2419 298 2456 scit
342 2421 450 2469 quod
495 2420 535 2458 in
584 2421 647 2458 die
691 2421 829 2459 iudicii
880 2422 1057 2471 prelatus
1102 2422 1189 2471 ipso
1235 2422 1419 2471 superior
1463 2435 1544 2459 non

224 2477 394 2515 sufficiet
426 2491 539 2516 suam
574 2478 852 2529 ignoranciam
884 2482 945 2517 vel
984 2481 1194 2518 cecitatem
1234 2480 1441 2530 propriam
1483 2493 1544 2518 ex-

225 2548 377 2574 cusare.
416 2538 531 2574 Unde
560 2549 654 2586 ergo
684 2538 888 2576 evidencia
923 2540 1031 2588 quod
1061 2540 1249 2576 credatur
1282 2539 1353 2576 tali
1388 2539 1545 2589 prelato

224 2593 264 2630 in
296 2603 378 2632 tam
412 2595 639 2644 periculoso
678 2596 752 2634 sibi
791 2596 981 2646 ambiguo
1012 2606 1221 2647 tamquam
1255 2597 1421 2635 domino
1453 2599 1544 2634 Jesu

164 2664 210 2695 40
226 2652 398 2690 Christo.
421 2655 555 2691 Potest
576 2663 709 2692 autem
732 2656 918 2693 sacerdos
947 2655 1112 2693 inferior
1134 2655 1266 2693 dicere
1286 2655 1543 2705 parochianis

285 2776 385 2838 ssEDg
408 2777 606 2839 modiddeest.
682 2787 715 2808 11.
740 2779 843 2819 ¹⁷²2A²
866 2779 1001 2814 prelatus
1024 2780 1166 2818 reprobet
1188 2780 1246 2807 nisi
1268 2780 1362 2818 officit
1382 2785 1408 2807 et
1431 2780 1541 2839 priinp.

240 2818 252 2829 0
347 2820 353 2826 .
774 2823 779 2830 ⁴
797 2823 802 2828 .
828 2823 838 2830 Δ
928 2822 967 2831 „a
1001 2823 1006 2827 .
1177 2823 1191 2829 -
1263 2825 1267 2830 .
1330 2824 1345 2829 «.
1461 2816 1465 2825 ’
1537 2825 1541 2830 .

226 2819 262 2872 i}
281 2845 321 2872 in.
347 2832 351 2838 Ι
375 2819 478 2873 ιρδέᾄζφ
490 2817 593 2874 Αῗῗεδίἴιὶ
618 2813 801 2884 maigiziikd
823 2814 1112 2883 iciimniilinhiOldliii-i.
1134 2815 1543 2885 Altl'qiiibtigsciinccglzntiai

224 2879 330 2942 'didbz
352 2889 384 2942 tse
407 2881 500 2908 deest.
582 2881 629 2909 36.
651 2884 695 2910 A:
718 2884 844 2918 prelato.
920 2882 962 2919 137.
985 2885 1028 2911 A:
1052 2884 1208 2912 cecitatem
1232 2884 1329 2911 twice.
1405 2883 1450 2915 [io.
1473 2885 1540 2912 l›}¹]:

226 2922 254 2941 ιιι
300 2923 370 2942 ees.

1759 275 1832 309 313

1596 397 1808 423 l'zrrishionttrs

1581 432 1688 458 should
1713 432 1829 466 riphold

1583 466 1660 493 their
1682 471 1784 493 curate
1805 467 1822 493 il

1583 501 1617 527 lie
1641 502 1663 527 is
1688 502 1825 537 xxi-‹nigly

1599 537 1808 563 excommuni-

1653 572 1747 598 filled.

1570 1676 1827 1703 Excommunica-

1580 1712 1642 1738 tion
1664 1711 1690 1738 is
1710 1710 1823 1737 inv-alid

1575 1746 1704 1774 without
1726 1745 1823 1772 (iod's

1624 1781 1773 1808 sanction.
