1986 3380
192 297 327 326 SERMO
347 286 430 344 xv]
663 298 877 331 sECUNDA
903 298 1029 330 PARS.

691 425 884 465 SERMO
916 426 1006 465 XV.

255 523 453 574 Eliqabetlz
478 521 672 569 impletum
698 528 754 557 est
776 528 924 568 [empus
943 520 1135 569 pariendi.
1172 521 1276 555 Luce
1303 522 1349 561 Is‘,
1378 520 1439 566 57.

255 584 293 617 ln
327 581 402 616 isto
436 579 640 626 evangelio
674 578 908 626 exprimitur
948 577 1162 625 promissio
1196 577 1267 613 Dei
1302 578 1405 613 facta
1440 591 1505 625 pa<

195 639 372 675 rentibus
404 637 596 674 „Iohannis
628 636 818 673 nunciata
850 648 920 683 per
953 636 1159 683 angelium
1200 647 1292 671 nam
1328 635 1507 683 Baptista

160 697 231 733 5in
285 698 359 733 hoc
402 694 656 744 prerogativo
702 703 759 730 est
798 693 956 730 Christo
1010 692 1163 734 similis,
1210 694 1317 741 quod
1361 706 1509 729 nomen

193 768 308 790 suum
354 753 573 802 predicitur
620 754 668 789 ab
709 753 850 788 eodem
891 752 1045 798 angelo,
1087 759 1248 787 eventus
1288 764 1380 787 suus
1421 764 1508 799 pre-

193 813 406 849 nunciatur
445 820 481 848 et
519 824 542 847 a
575 811 734 847 Christo
775 809 885 846 cuius
924 809 1006 857 ipse
1046 818 1102 845 est
1142 821 1263 856 preco
1302 809 1381 845 sive
1422 821 1509 857 pre-

192 870 359 907 nuncius
389 868 643 917 singulariter
673 869 992 904 commendatur.
1024 868 1084 903 Ad
1109 868 1382 903 denotandum
1416 879 1508 914 ergo

191 928 439 965 nativitatem
466 927 643 975 Baptiste
673 939 746 962 nec
775 925 894 961 nimis
919 926 1086 961 celerem
1113 937 1186 961 nec
1208 924 1327 961 nimis
1351 926 1506 961 tardam

139 997 176 1019 10
191 988 257 1022 sed
298 986 337 1021 in
371 985 503 1021 medio
536 985 761 1021 naturalem
796 983 892 1019 dicit
925 983 1177 1031 Evangelista
1211 984 1319 1031 quod
1351 992 1509 1031 tempus

190 1044 372 1092 pariendi
411 1043 613 1095 Eliqabetlz
663 1042 860 1092 impletum
908 1049 963 1077 est
1002 1049 1036 1077 et
1074 1041 1202 1077 statim
1238 1041 1390 1090 peperit
1427 1054 1508 1077 non

190 1101 429 1143 abortivum,
462 1114 541 1138 non
571 1110 795 1137 monstrum
819 1100 880 1136 vel
902 1099 1091 1135 feminam
1116 1100 1184 1135 sed
1209 1099 1333 1135 lilium
1364 1099 1509 1135 sancti-

192 1160 354 1196 ficatum
384 1160 424 1195 in
454 1168 567 1195 utero
598 1168 634 1195 et
663 1159 965 1206 prophetatum,
996 1165 1031 1193 et
1062 1157 1174 1193 vicini
1194 1169 1239 1193 [ιε
1261 1157 1376 1193 amici
1397 1157 1509 1194 audi-

191 1226 299 1254 entes
349 1227 430 1254 tam
485 1217 690 1265 multiplex
743 1216 981 1252 miraculum
1034 1215 1412 1265 congratulabantur
1464 1216 1509 1259 ei,

139 1274 399 1313 15laudantes
423 1275 641 1312 Dominum
673 1275 748 1310 ista
777 1282 858 1310 tam
890 1274 1100 1321 magnifice
1130 1282 1166 1309 et
1197 1272 1510 1310 misericorditer

191 1334 416 1370 facientem.
452 1333 517 1370 Sic
550 1333 655 1369 enim
690 1332 860 1380 predicit
893 1332 1056 1379 angelus
1089 1333 1196 1380 quod
1230 1331 1269 1367 in
1301 1331 1509 1368 nativitate

192 1393 273 1428 eius
294 1391 407 1427 multi
426 1392 669 1438 gaudebunt,
687 1403 766 1426 non
791 1391 1033 1426 intendendo
1057 1389 1219 1425 indubie
1245 1391 1352 1437 quod
1377 1389 1509 1425 iocose

191 1463 236 1487 ac
252 1449 398 1486 viciose
420 1449 459 1484 in
475 1449 573 1485 festo
591 1448 766 1496 Baptiste
786 1449 958 1484 mundus
978 1456 1033 1492 (ut
1049 1448 1209 1492 assolet)
1226 1449 1508 1496 congauderet,

191 1509 257 1544 sed
291 1509 399 1555 quod
431 1506 606 1543 virtuose
641 1509 766 1542 Deum
802 1506 1029 1553 magnificet
1062 1505 1127 1554 qui
1163 1507 1240 1542 tale
1274 1518 1319 1542 ac
1352 1514 1507 1542 tantum

136 1575 178 1597 20
194 1567 416 1602 membrum
448 1574 644 1613 prestaret
674 1563 838 1600 ecclesie
868 1564 907 1599 in
938 1563 1159 1600 ministerio
1184 1572 1265 1599 tam
1297 1563 1508 1611 multiplici

192 1624 329 1660 iuvans
368 1623 509 1671 ipsam.
556 1622 620 1658 Sic
659 1622 764 1658 enim
805 1621 978 1670 perversi
1018 1631 1108 1657 sunt
1144 1621 1255 1657 multi
1296 1634 1432 1658 sensus
1472 1630 1508 1658 et

191 1681 353 1719 ordines
385 1681 691 1729 scripturarum.

250 1741 291 1775 In
309 1740 368 1776 die
390 1747 515 1776 autem
539 1746 672 1775 octavo
695 1738 975 1774 ‹»·dz'11m›e.··111zt
990 1738 1207 1786 Baptistam
1233 1737 1511 1773 circunzciderc

195 1797 313 1845 (sicut
352 1797 572 1845 precipitur
605 1796 768 1833 Genesis
800 1797 941 1843 XVH0)
984 1804 1020 1832 et
1060 1795 1269 1831 deficiente
1308 1795 1384 1830 illis
1424 1808 1509 1843 pre—

138 1856 175 1889 25
194 1855 457 1892 nunciacione
490 1854 619 1903 angeli
648 1855 858 1891 voluerunt
889 1867 977 1890 eum
1014 1866 1156 1890 vocare
1186 1853 1349 1889 nomine
1384 1852 1509 1901 patris

194 1914 272 1959 sui;
307 1915 375 1949 sed
410 1922 536 1950 mater
570 1912 763 1961 inspirata
797 1914 844 1948 de
870 1912 1046 1960 Baptiste
1070 1911 1245 1952 nomine,
1270 1911 1372 1948 sicut
1396 1920 1509 1959 pater

195 1973 269 2008 hoc
313 1980 428 2008 acute
476 1971 694 2019 prohibuit,
741 1979 778 2007 et
821 1983 969 2006 nomen
1014 1969 1238 2018 predictum
1279 1971 1328 2006 ab
1367 1970 1508 2017 angelo

193 2029 428 2066 nominavit.
469 2030 545 2066 Sed
579 2042 669 2065 cum
703 2038 817 2076 pater
850 2028 932 2065 eius
972 2036 1137 2076 propter
1176 2028 1373 2064 defectum
1417 2027 1508 2064 fidei

196 2087 303 2136 prius
327 2087 529 2124 obmutuit
553 2096 589 2123 et
613 2088 661 2124 ad
686 2086 942 2123 scribendum
965 2094 1102 2123 votum
1127 2099 1242 2122 suum
1267 2094 1506 2134 potestatem

136 2147 178 2179 30
196 2145 346 2191 babuit,
376 2154 419 2181 ut
443 2157 487 2182 ex
514 2145 721 2193 utriusque
745 2145 921 2193 parentis
946 2157 1143 2181 consensu
1166 2143 1384 2180 auctoritas
1408 2143 1508 2180 foret

197 2203 336 2249 maior,
372 2204 658 2240 consuluerunt
682 2203 919 2240 Zachariam
955 2215 998 2239 ex
1031 2201 1217 2238 mocione
1241 2201 1312 2238 Dei
1347 2201 1508 2238 indubie

194 2274 313 2309 super
335 2261 424 2298 isto.
449 2262 535 2311 Ipse
557 2269 682 2297 autem
703 2261 907 2310 postulans
924 2261 1149 2311 pugilarem
1173 2260 1341 2310 scripsit,
1361 2260 1489 2296 dicens
1500 2274 1509 2294 .-

191 2320 386 2356 Jolzannes
428 2327 484 2355 est
526 2331 661 2355 nomen
705 2320 805 2359 eius,-
846 2319 913 2355 ubi
958 2327 1067 2367 patet
1107 2319 1214 2366 quod
1259 2317 1360 2354 sicut
1398 2317 1508 2365 prius

194 2377 470 2425 imprudenter
521 2378 723 2425 loquendo
769 2376 1009 2413 miraculose
1062 2376 1275 2421 obmutuit,
1327 2375 1384 2412 sic
1428 2375 1507 2412 iam

137 2437 177 2471 35
194 2436 412 2484 prudenter
430 2436 636 2483 operando
659 2434 804 2471 meruit
819 2446 1056 2483 recuperare
1072 2434 1273 2483 loquelam
1297 2433 1508 2470 miraculo.

193 2495 242 2529 Et
264 2492 358 2542 quia
389 2505 538 2530 nomen
568 2492 746 2541 Baptiste
778 2492 1012 2541 impositum
1047 2501 1104 2529 est
1133 2492 1243 2540 prius
1273 2493 1322 2528 ab
1351 2491 1507 2539 angelo,

192 2550 283 2588 ideo
324 2550 420 2587 dicit
452 2552 560 2600 quod
581 2551 775 2587 Jolzannes
806 2559 861 2587 est
893 2563 1026 2587 nomen
1059 2550 1210 2600 suifilii
1240 2551 1288 2586 de
1320 2548 1507 2598 presenti.

194 2608 246 2645 Et
278 2609 450 2645 universi
477 2609 771 2646 circumstantes
802 2609 936 2645 mirati
964 2616 1052 2645 sunt
1079 2609 1127 2645 de
1154 2616 1267 2645 tanto
1297 2607 1506 2650 miraculo,

262 2738 288 2758 2.
309 2731 388 2759 Ain
417 2739 530 2766 marg:
560 2731 671 2759 Sermo
690 2731 764 2763 XV;
794 2732 819 2758 E
847 2731 877 2759 in
908 2739 1022 2765 marg:
1052 2731 1086 2759 In
1116 2731 1165 2758 die
1192 2731 1342 2758 „Iohannis
1371 2730 1507 2765 Baptiste

194 2766 396 2805 eyangelium.
487 2765 514 2793 6.
538 2765 654 2793 Codd.:
676 2771 802 2794 eventus
823 2766 901 2794 sinis.
995 2774 1020 2800 7.
1043 2767 1086 2793 A:
1108 2766 1203 2793 eciam
1225 2774 1250 2792 a.
1336 2773 1365 2801 9.
1386 2766 1431 2792 A:
1454 2772 1507 2791 nec

195 2808 287 2838 nimiis
307 2801 435 2828 celerent
457 2800 550 2828 deest.
634 2800 737 2828 13.2x:
759 2809 793 2828 ae
814 2801 908 2828 deest.
990 2800 1117 2829 15.1›13:
1138 2805 1200 2828 tani
1222 2801 1316 2828 deest.
1399 2798 1442 2826 23.
1464 2799 1504 2825 [):

194 2835 384 2862 circurncidi.
457 2842 504 2871 29.
525 2836 570 2863 At:
593 2836 678 2870 prius
699 2836 793 2863 deest.
866 2835 912 2863 30.
933 2835 973 2863 13:
996 2841 1023 2863 et
1044 2844 1089 2863 CX.

266 2927 297 2952 2.
323 2916 374 2949 Cf.
393 2917 555 2960 Wyclif's
583 2920 752 2950 sermons
778 2919 832 2950 ed.
859 2919 905 2961 by
931 2919 1079 2958 Arnold,
1107 2919 1130 2958 1,
1157 2929 1234 2961 pag.
1263 2916 1457 2959 364—365.

1721 290 1791 325 105

1550 528 1720 555 fulminent
1742 529 1775 556 of

1603 564 1720 596 angelii:

1578 598 1743 633 propliecy.
