1986 3380
210 317 226 352 3
239 330 289 363 μ’)

259 786 312 813 Sin
334 785 368 812 ‹us
385 784 433 812 the

212 822 312 856 clergi-
329 820 377 846 the
396 827 486 846 cause

239 856 272 883 os
290 855 461 882 successive

245 898 311 917 new
332 889 451 922 ordei-s,

238 1481 336 1509 which
360 1481 468 1508 ¹should

306 1517 342 1544 all
366 1517 400 1543 be

263 1550 449 1587 suppressed

266 1591 371 1626 except
393 1586 442 1613 the

291 1621 424 1648 res¹dent

296 1660 425 1683 curatus.

232 1889 377 1917 Diiierent
399 1886 489 1915 kinds

258 1924 294 1951 of
312 1924 455 1959 beggars:

237 1967 257 1986 1.
279 1959 394 1989 Friars,
415 1957 486 1984 who

242 2001 292 2021 are
313 1993 361 2020 the
383 1996 478 2019 worst

311 2028 346 2055 ot*
362 2028 410 2055 ali.

772 321 995 354 sommis
1019 320 1200 352 wvciff
1219 320 1477 352 sannionum
1512 305 1664 363 [SERMO
1682 315 1804 343 κινυ-

497 431 603 477 quod
650 429 705 465 sic
750 428 962 477 predicans
1016 426 1064 462 sit
1110 425 1308 462 hereticus
1355 425 1726 462 excommunicatus
1772 435 1807 461 et

498 486 682 535 proditor
736 486 806 522 Dei
861 498 905 521 ae
969 497 1037 520 sue
1091 484 1268 520 ecclesie.
1330 486 1433 520 Deus
1486 483 1589 520 enirn
1646 484 1809 520 mandat

498 545 664 582 Matthei
698 546 765 589 X‘',
802 548 843 579 b':
883 543 1018 578 Gratis
1050 543 1263 592 accepistis,
1293 543 1422 592 gratis
1460 543 1568 581 dale:
1606 550 1642 577 et
1675 550 1809 577 tamen

499 603 562 639 isti
596 612 778 651 apostate
802 614 882 637 non
915 609 1101 637 verentur
1126 600 1377 636 mei-cacione
1402 599 1620 648 sophistica
1653 600 1809 647 plebem

500 661 696 709 decipere.
743 659 898 695 Veritas
944 658 1104 707 quidem
1153 667 1210 694 est
1249 659 1356 706 quod
1397 666 1562 706 propter
1600 659 1842 705 peccatum5

501 718 709 767 utriusque
743 717 867 765 partis
901 716 1066 753 ecclesie
1108 725 1166 752 est
1205 716 1294 752 talis
1333 715 1618 764 sophisticacio
1652 714 1812 763 dyaboli

502 777 743 813 introducta.
790 778 891 811 Nam
933 774 1065 823 primo
1111 775 1273 822 quando
1319 773 1444 821 magis
1490 774 1658 810 florebat
1698 785 1813 809 evan-

502 834 705 883 gelizacio,
745 833 968 869 sufficiebat
1007 844 1158 881 paucus
1202 844 1390 868 numerus
1431 832 1707 880 apostolorum
1748 830 1814 879 qui

502 892 651 942 patrias
697 890 1006 939 evangelizando
1046 890 1288 936 circuibant3
1333 891 1508 927 secundo
1561 889 1814 925 introductus

503 960 559 987 est
599 950 694 987 satis
734 948 989 986 laudabiliter
1028 949 1205 985 residens
1242 960 1435 985 numerus
1476 956 1706 984 curatorum
1747 946 1814 995 qui
1834 958 1873 981 10

503 1007 672 1045 subditis
705 1007 801 1044 satis
835 1007 967 1043 debite
1006 1006 1289 1055 predicabant3
1329 1006 1454 1043 tercio
1495 1006 1725 1042 introducta
1758 1013 1815 1041 est

503 1067 723 1104 seeundum
769 1064 1073 1102 ordinacionem
1121 1077 1322 1101 cesaream
1368 1063 1617 1113 presidencia
1662 1063 1815 1111 episco-

504 1137 663 1174 porum⁷
704 1132 848 1173 quarto
889 1123 1101 1160 adinventa
1141 1132 1197 1159 est
1235 1124 1455 1159 secundum
1496 1130 1622 1158 artem
1658 1120 1818 1169 dyaboli

505 1184 611 1220 fraus
645 1181 1045 1222 archidiaconorum:
1071 1181 1210 1229 quinto
1234 1180 1460 1217 ociantibus
1484 1179 1632 1216 curatis
1656 1178 1818 1216 secundi

506 1240 658 1278 ordinis
699 1249 734 1276 et
775 1239 1153 1287 contempnentibus
1199 1239 1446 1287 evangelium
1488 1239 1717 1274 introducta
1763 1238 1875 1273 est15

504 1298 653 1336 vicaria
683 1297 976 1346 parochialium
1007 1297 1337 1345 presbiterorum,
1371 1306 1408 1333 et
1431 1296 1574 1333 ultimo
1598 1297 1818 1332 secundum

507 1369 719 1394 numerum
754 1355 940 1392 ordinum
970 1355 1088 1403 primi
1124 1365 1307 1404 apostate
1331 1355 1509 1391 adiectus
1543 1363 1599 1391 est
1629 1366 1820 1391 numerus

508 1424 681 1464 quatuor
714 1414 881 1450 fratrum
915 1413 983 1462 qui
1016 1426 1155 1451 omnes
1181 1413 1411 1450 mendicant
1434 1413 1554 1449 tacite
1577 1413 1637 1448 vel
1670 1421 1819 1461 aperte.

567 1474 645 1510 Sed
678 1485 767 1509 cum
802 1485 903 1508 unus
937 1472 1104 1508 istorum
1139 1472 1326 1508 ordinum
1359 1473 1408 1508 ad
1433 1470 1818 1518 evangelizacionem

509 1532 721 1577 sufficeret,
754 1531 911 1567 videtur
944 1531 1050 1579 quod
1086 1529 1375 1578 multiplicacio
1401 1542 1538 1566 eorum
1565 1530 1615 1565 ad
1647 1528 1821 1577 spolian-
1838 1539 1881 1562 20

511 1591 603 1626 dum
639 1588 848 1626 ecclesiam
887 1588 936 1625 sit
977 1601 999 1625 a
1040 1588 1223 1624 fidelibus
1264 1588 1548 1624 subtrahenda.
1597 1585 1822 1623 Rectilicari

511 1648 672 1696 quidem
708 1648 825 1683 debet
857 1656 982 1684 status
1006 1646 1271 1683 residencium
1307 1654 1538 1682 curatorum
1575 1654 1612 1682 et
1644 1643 1824 1681 subtrahi

510 1715 641 1742 totum
675 1705 893 1751 residuum,
934 1718 1022 1742 curn
1057 1704 1097 1741 in
1131 1704 1309 1754 quolibet
1348 1704 1515 1740 istorum
1551 1711 1702 1751 septem
1737 1715 1824 1751 gra-

512 1766 635 1801 duum
661 1763 983 1812 multiplicantur
1006 1763 1160 1800 cautele
1195 1772 1231 1799 et
1256 1762 1414 1799 fraudes
1448 1761 1607 1810 dyaboli
1632 1770 1668 1797 et
1701 1760 1826 1797 nichil

513 1831 569 1859 est
601 1834 672 1870 per
704 1834 745 1858 se
777 1823 828 1858 ad
861 1822 1085 1870 profectum
1120 1820 1287 1857 ecclesie
1320 1820 1573 1862 innovatunu
1622 1820 1825 1868 loquendo
1843 1819 1882 1852 25

513 1889 646 1917 autem
681 1881 728 1916 de
763 1879 1084 1916 mendicantibus
1116 1878 1257 1915 validis
1291 1879 1425 1927 quoad
1459 1877 1648 1925 suffragia
1682 1889 1825 1926 corpo-

512 1938 612 1975 ralia
645 1947 682 1974 et
716 1946 1010 1983 momentanea,
1044 1936 1201 1974 videtur
1234 1938 1341 1986 quod
1372 1937 1512 1973 fratres
1541 1944 1632 1972 sunt
1657 1935 1827 1972 maxime

514 1995 750 2042 detestandi,
792 2008 881 2032 cum
924 1996 1068 2032 debent
1108 1995 1316 2043 predicare
1349 1994 1473 2031 libere
1506 1993 1590 2031 sine
1625 1993 1827 2030 mendica-

515 2054 628 2091 cione
661 2053 946 2102 temporalium
970 2053 1093 2090 tacita
1116 2053 1177 2090 vel
1202 2065 1396 2101 expressa.
1431 2053 1546 2089 Unde
1578 2064 1651 2089 nec
1677 2053 1827 2100 Symon

516 2125 654 2160 magus
681 2124 755 2148 nec
778 2111 878 2148 alius
903 2111 1065 2160 Gyezita
1099 2110 1316 2148 committit
1348 2110 1557 2159 patencius
1580 2111 1640 2147 vel
1669 2109 1826 2158 gravius
1844 2109 1885 2142 30

515 2169 739 2219 symoniam
774 2182 894 2219 quam
927 2170 1027 2206 tales
1059 2169 1228 2215 faciunt3
1269 2170 1376 2218 quod
1415 2177 1525 2217 patet
1558 2180 1601 2205 ex
1634 2167 1827 2204 fructibus

516 2227 858 2277 predicacionum‚
903 2227 1258 2265 conversacionum
1306 2236 1343 2264 et
1382 2225 1690 2263 edificacionum
1731 2237 1829 2274 quas

517 2286 682 2335 gignunt
714 2286 755 2323 in
789 2286 957 2323 ecclesia
990 2285 1202 2323 militante.
1247 2286 1308 2321 Ad
1342 2284 1659 2322 convincendum
1694 2293 1826 2320 autern

518 2346 625 2394 quod
670 2344 811 2381 fratres
849 2344 906 2381 sic
944 2344 1095 2381 faciunt
1133 2343 1398 2393 principalius
1437 2351 1603 2391 propter
1642 2350 1827 2391 questum

517 2402 677 2440 narravi
710 2411 862 2451 septem
897 2401 1009 2451 signa
1042 2404 1252 2448 (Sermone
1273 2403 1381 2438 V1110
1406 2402 1579 2438 secunde
1612 2399 1754 2449 partis)
1787 2411 1831 2436 ex
1847 2399 1888 2433 35

519 2460 664 2510 quibus
696 2459 771 2497 ista
793 2460 902 2497 fraus
925 2460 1021 2497 satis
1046 2459 1308 2497 convincitur.
1344 2460 1458 2496 Unde
1481 2460 1530 2495 ad
1559 2458 1830 2495 simulandum

590 2582 614 2612 3.
629 2585 673 2612 A:
689 2588 789 2611 tamen
806 2583 900 2611 deest.
951 2584 978 2611 8.
994 2583 1062 2611 DE:
1079 2581 1334 2619 apostolicorum.
1391 2590 1418 2617 9.
1436 2582 1478 2609 A:
1495 2581 1678 2617 evangelice.
1736 2588 1770 2608 11.
1786 2581 1829 2607 A:

521 2619 595 2647 satis
615 2619 708 2646 deest.
767 2626 806 2646 12.
821 2619 866 2646 A:
887 2619 1119 2646 ordinacionem
1141 2617 1236 2645 deest.
1293 2624 1331 2651 12,
1349 2615 1444 2644 13.1›:
1469 2615 1659 2652 presidencia
1680 2615 1832 2654 ipsorum.

522 2655 562 2682 18.
584 2653 653 2681 DE:
674 2653 819 2681 ordinum
842 2653 942 2687 dcem
963 2653 1003 2681 ib.
1021 2653 1044 2680 E
1059 2652 1089 2680 in
1107 2660 1222 2688 marg:
1243 2651 1441 2679 Introduccio
1456 2651 1608 2686 graduum
1626 2649 1832 2685 spiritualium

521 2689 550 2716 in
571 2688 742 2716 ecclesiam.
799 2695 840 2724 19.
862 2688 931 2716 DE:
953 2687 1244 2723 evangelizandum.
1305 2693 1344 2713 21.
1368 2685 1391 2712 Ε
1411 2685 1440 2713 in
1464 2693 1576 2721 marg:
1599 2684 1704 2713 Curati
1727 2684 1834 2712 rectifi-

521 2723 621 2751 candi.
677 2730 721 2758 27.
741 2723 771 2750 A
790 2722 821 2750 in
842 2731 909 2750 mai·
934 2733 956 2750 .:
980 2731 999 2750 1.
1055 2722 1101 2756 28,
1124 2729 1138 2749 2
1165 2743 1171 2749 .
1193 2720 1422 2748 vendicacione.
1479 2727 1528 2756 29.
1549 2720 1619 2747 DE:
1640 2719 1730 2746 Unde
1750 2726 1831 2746 cum.

521 2757 568 2793 34.
589 2759 633 2786 A:
658 2758 701 2786 sic
721 2756 822 2791 deest3
852 2757 892 2784 ib.
911 2730 939 2794 ἰ)
960 2757 990 2784 in
1012 2729 1243 2792 marg.:31uita
1263 2763 1372 2794 genera
1393 2754 1566 2782 validorum
1587 2753 1834 2793 mendicancium

523 2793 737 2829 reprobantur.
846 2790 890 2820 35.
911 2791 980 2819 DE:
1011 2799 1155 2819 sermone
1180 2790 1255 2822 1110;
1286 2790 1326 2817 ib.
1347 2789 1416 2817 DE:
1447 2789 1581 2817 secunde
1611 2793 1706 2825 partis
1734 2787 1834 2822 deest3

523 2827 562 2855 ib.
584 2827 628 2856 D:
650 2835 686 2855 ex
705 2827 807 2862 deest;
834 2826 874 2854 ib.
896 2827 924 2854 A
945 2826 974 2854 in
997 2834 1112 2862 marg:
1134 2826 1165 2854 S.
1181 2824 1269 2853 V1110
1288 2829 1318 2852 2⁰
1339 2824 1436 2860 partis
1456 2828 1484 2851 et
1504 2824 1534 2851 in
1556 2831 1652 2859 marg.

595 2898 648 2932 26.
675 2899 793 2931 There
824 2899 852 2930 is
887 2909 903 2930 a
936 2908 1084 2941 passage
1118 2897 1226 2929 about
1258 2895 1408 2939 beggars
1441 2896 1475 2928 in
1509 2895 1603 2928 Piers
1638 2895 1834 2935 Plowman,

525 2955 614 2989 pass.
644 2946 668 2986 1,
694 2946 752 2978 lin.
778 2955 823 2987 40
848 2952 882 2977 et
909 2954 983 2988 seq.
1083 2942 1136 2976 35.
1163 2943 1216 2976 Cf.
1241 2952 1347 2985 supra
1374 2953 1451 2986 pag.
1481 2941 1627 2985 57—59.
