1986 3380
199 286 333 313 simio
357 272 479 329 &stul
667 284 878 317 siccus-m
911 285 1034 315 mas.
1722 275 1794 310 νὴ

201 409 289 432 cum
342 393 609 432 retribucione
669 405 789 440 parva
842 390 1053 438 temporali
1097 403 1252 426 servum
1300 390 1511 437 premiare.

200 467 356 490 servum
391 452 457 501 qui
491 462 572 488 tam
605 459 715 498 grate
749 449 888 497 recipit
922 450 1146 484 membrum
1181 461 1309 484 suum.

260 512 375 548 Circa
414 512 488 547 hoc
528 508 774 557 evangelium
810 506 1015 543 dubitatur
1052 515 1186 542 utrum
1228 518 1274 542 eo
1314 505 1400 553 ipso
1434 518 1512 552 quo

200 570 287 620 quis
327 568 446 606 alicui
484 567 606 604 vianti
646 565 904 602 elemosinam
945 563 1128 600 tribuerit
1168 571 1435 612 promeretur,
1477 571 1514 598 et

103 618 354 685 molb'videtur
382 626 386 678 l
416 627 523 675 quod
552 637 645 667 non,
676 623 768 672 quia
797 631 932 671 posset
962 631 1126 670 propter
1155 634 1298 658 vanam
1329 619 1513 669 gloriam,

199 694 365 735 propter
415 682 684 721 intencionem
741 681 928 717 iniustam
976 689 1012 716 et
1057 680 1095 716 in
1140 688 1307 728 peccato
1354 678 1512 714 mortali

199 744 362 792 indigno
386 743 574 786 tribuere,
604 740 644 776 in
668 752 746 788 quo
777 751 870 775 casu
899 751 980 774 non
1010 737 1299 774 beatitudinem
1326 745 1514 773 meretur.

200 815 293 851 ergo
327 800 492 837 dubium
527 799 685 835 falsum.

258 863 299 896 In
349 859 424 895 isto
469 857 591 894 dubio
640 867 722 891 non
767 854 931 890 dubium
978 854 1073 902 quin
1130 853 1179 889 sit
1222 853 1378 891 falsum,
1425 864 1513 887 cum
1550 861 1788 900 Falsemotixcs

143 930 184 954 10
201 917 385 955 Scarioth
439 915 506 964 qui
560 913 733 963 portavit
786 912 939 948 loculos
991 911 1122 959 potuit
1176 911 1331 947 dedisse
1385 908 1517 958 egenis
1565 900 1665 922 ‘nm‘
1687 896 1774 922 arms.

200 975 460 1013 elemosinam
495 972 762 1021 corporalem,
798 983 887 1007 cum
918 971 992 1006 hoc
1016 971 1122 1018 quod
1147 969 1284 1005 fuisset
1308 967 1516 1016 prescitus,

199 1034 391 1070 simulans
409 1030 628 1081 ypocritice
646 1028 914 1071 sanctitatem,
933 1037 969 1064 et
992 1027 1048 1064 sic
1071 1027 1206 1063 fuisset
1231 1039 1273 1063 ex
1297 1026 1518 1062 collacione

198 1092 288 1129 talis
321 1090 538 1128 elemosine
571 1089 786 1137 peioratus.
822 1088 869 1122 Et
900 1086 955 1122 sic
985 1095 1042 1121 est
1072 1087 1118 1121 de
1149 1084 1342 1133 religiosis
1372 1084 1518 1120 nostris

198 1150 265 1199 qui
296 1158 460 1198 propter
485 1146 770 1196 apparenciam
800 1144 1022 1181 sanctitatis
1053 1145 1266 1180 observant
1291 1143 1388 1178 ritus
1413 1155 1516 1185 suos,

146 1211 290 1257 15sepe
331 1209 533 1244 celebrant
580 1215 615 1242 et
656 1204 804 1241 faciunt
854 1203 979 1239 multa
1019 1203 1123 1238 bona
1163 1203 1210 1237 de
1248 1213 1390 1249 genere
1431 1200 1518 1247 plus

199 1279 320 1315 quam
366 1274 531 1314 propter
576 1262 837 1300 devocionem
884 1261 1080 1297 sinceram
1128 1260 1164 1295 in
1211 1259 1345 1295 anima
1385 1259 1517 1307 quoad

200 1327 340 1361 Deum.
383 1326 495 1360 Patet
530 1322 659 1370 prima
701 1333 792 1369 pars
825 1319 938 1355 istius
972 1318 1136 1354 Matthei
1170 1320 1237 1363 V‘',
1274 1326 1309 1353 et
1344 1318 1518 1352 secunda

201 1396 292 1431 pars
332 1390 441 1430 patet
480 1393 522 1417 ex
556 1380 663 1416 dicto
697 1377 844 1415 Christi
878 1376 1043 1413 Matthei
1076 1377 1214 1414 XXV0,
1251 1375 1316 1411 ubi
1348 1374 1518 1422 virgines

202 1442 307 1478 fatue
358 1448 523 1488 propter
568 1439 766 1474 defectum
813 1435 889 1472 olei
936 1434 1165 1471 devocionis
1213 1442 1318 1469 recte
1364 1433 1519 1468 fuerant

143 1515 185 1536 20
202 1500 510 1546 condempnate.
567 1495 771 1543 Contingit
811 1506 904 1541 ergo
950 1505 1033 1529 esse
1078 1504 1254 1529 errorem
1297 1491 1336 1527 in
1373 1491 1519 1526 talibus

202 1556 432 1593 elemosinis
476 1563 642 1603 propter
680 1555 772 1592 duo,
820 1551 970 1588 scilicet
1017 1559 1181 1598 propter
1222 1562 1397 1585 errorem
1446 1549 1520 1584 ele-

202 1613 437 1651 mosinantis
483 1621 519 1649 et
558 1620 724 1660 propter
763 1622 939 1647 errorem
987 1607 1237 1645 elemosinati
1277 1620 1395 1655 quem
1444 1607 1519 1642 ele-

201 1673 403 1709 mosinans
438 1672 553 1707 debet
588 1681 828 1718 cognoscere
863 1667 1090 1716 extinguere
1124 1679 1203 1702 non
1238 1666 1382 1703 fovere.

258 1734 306 1767 Et
329 1738 521 1779 quantum
554 1730 601 1765 ad
628 1727 775 1764 Christi
801 1726 949 1762 dictum
977 1725 1119 1773 duplex
1144 1724 1181 1761 in
1213 1725 1287 1760 hoc
1317 1722 1520 1771 evangelio

144 1796 182 1828 25
200 1798 308 1837 patet
341 1790 448 1838 quod
490 1786 666 1836 loquitur
708 1798 889 1833 expresse
929 1785 975 1820 de
1021 1783 1230 1831 propheta,
1266 1783 1312 1818 de
1346 1782 1450 1817 iusto
1485 1789 1521 1816 et

201 1849 247 1884 de
281 1846 428 1884 Christi
468 1845 665 1894 discipulo
703 1845 775 1880 sub
814 1842 975 1879 racione
1015 1854 1093 1890 qua
1133 1841 1241 1885 talis;
1283 1839 1348 1875 ubi
1390 1838 1521 1875 omnis

200 1914 385 1954 apostata
419 1913 475 1940 est
509 1903 702 1940 exclusus.
737 1903 812 1938 Sed
847 1909 931 1937 tota
966 1900 1179 1936 difficultas
1213 1907 1291 1935 stat
1315 1898 1521 1947 quomodo

202 1963 396 2012 contingit
430 1961 746 2011 predestinatum
787 1958 1052 1996 elemosinare
1086 1956 1376 1994 Antichristum
1413 1964 1449 1991 et
1483 1954 1521 1990 in

203 2021 369 2058 ecclesia
400 2020 611 2065 discolum,
644 2031 733 2055 cum
766 2019 841 2054 hoc
871 2018 977 2066 quod
1009 2015 1276 2053 elemosinans
1307 2022 1521 2050 mereatur.

145 2085 187 2118 ‘50
203 2081 284 2116 Nec
318 2078 482 2116 dubium
518 2077 613 2126 quin
648 2078 722 2113 hoc
756 2075 964 2123 contingit,
1000 2088 1089 2111 cum
1124 2083 1232 2110 tante
1266 2081 1355 2108 sunt
1389 2071 1523 2119 sophi-

203 2137 441 2175 sticaciones
465 2135 624 2184 dyaboli
656 2144 692 2171 et
717 2135 989 2170 membrorum
1024 2145 1187 2169 suorum
1214 2143 1284 2180 per
1306 2129 1522 2179 ypocrisim

203 2197 311 2245 quod
355 2195 415 2232 vix
460 2193 604 2243 aliquis
648 2193 777 2229 viator
821 2191 966 2228 sufficit
1009 2191 1234 2227 discernere
1280 2189 1426 2224 iustum
1474 2188 1522 2224 ab

203 2253 398 2303 ypocrita,
416 2252 517 2289 sicut
536 2251 660 2289 nescit
685 2251 911 2287 discernere
936 2248 1252 2297 predestinatum
1280 2248 1329 2283 ad
1353 2245 1523 2294 gloriam

204 2325 226 2349 a
260 2312 446 2361 prescito.
494 2311 570 2347 Sed
612 2309 651 2346 in
692 2308 767 2345 isto
806 2308 961 2344 videtur
1002 2307 1097 2343 mihi
1132 2307 1239 2355 quod
1274 2305 1404 2341 nullus
1438 2316 1524 2340 cor-

147 2375 186 2408 35
204 2370 397 2419 poraliter
421 2368 688 2406 elemosinans
713 2368 829 2403 debet
853 2365 1115 2402 elemosinare
1139 2364 1396 2407 confratrem,
1430 2363 1523 2398 dum

205 2437 366 2477 oportet
399 2429 560 2464 credere
594 2427 702 2475 quod
737 2425 900 2461 devians
934 2437 955 2460 a
990 2424 1071 2471 lege
1097 2421 1259 2459 Domini
1290 2421 1408 2458 servit
1432 2422 1525 2467 dya-

207 2487 313 2533 bolo,
347 2486 422 2523 nisi
455 2486 555 2522 forte
588 2484 627 2521 in
660 2483 801 2521 ultima
834 2481 1070 2519 necessitate
1103 2480 1151 2516 sit
1186 2479 1338 2528 positus
1361 2479 1433 2515 sub
1458 2489 1526 2526 spe

276 2645 301 2674 3.
321 2646 350 2674 A
371 2645 400 2673 in
423 2653 488 2672 mar
513 2653 536 2670 .:
558 2642 710 2674 Duhinm3
732 2641 755 2669 E
776 2641 804 2668 in
828 2649 941 2675 marg:
965 2638 1136 2666 nubitacio.
1219 2646 1240 2671 ς..
1263 2637 1302 2665 E:
1325 2636 1525 2664 elemosinam

207 2653 563 2718 corporalem-ibim:
586 2677 709 2711 tribuit3
730 2676 770 2704 ib.
793 2676 816 2703 D
839 2676 868 2702 in
891 2683 1004 2709 marga
1026 2673 1214 2701 Eiemosina.
1289 2672 1313 2699 5.
1336 2672 1378 2699 D:
1400 2679 1457 2706 pro
1484 2675 1528 2698 ter

207 2715 542 2747 communicacionem3
559 2713 596 2740 E:
614 2720 670 2747 pro
697 2716 740 2739 ter
756 2710 1008 2745 acquisicioncm.
1066 2717 1091 2743 7.
1108 2708 1176 2736 DE:
1194 2707 1330 2742 indigne.
1382 2714 1410 2741 9.
1428 2707 1453 2734 A
1475 2706 1525 2732 ‘in

209 2759 322 2787 marg:
343 2749 527 2785 Responsio.
585 2755 623 2775 12.
645 2747 669 2775 t»
690 2747 713 2774 ’τ
735 2745 930 2775 coneccione.
986 2752 1032 2771 20.
1054 2745 1098 2771 A:
1121 2751 1193 2778 ergo
1213 2758 1246 2761 -
1266 2750 1402 2768 errorem
1425 2742 1526 2774 deest,

208 2786 248 2813 E:
271 2794 344 2821 ergo
364 2792 471 2817 omne:
503 2783 543 2810 ib.
565 2783 589 2810 E
609 2783 639 2809 in
661 2790 775 2818 marg:
797 2781 892 2808 Error
913 2779 941 2806 in
964 2778 1134 2806 elemosina
1156 2778 1246 2804 unde.
1339 2784 1381 2803 22.
1405 2776 1448 2803 A:
1470 2776 1527 2803 ele-

210 2821 374 2848 mosinam.
471 2817 512 2846 23.
535 2818 603 2845 DE:
624 2824 825 2851 cognoscens.
917 2822 963 2847 24.
986 2815 1030 2841 A:
1052 2813 1178 2848 triplex:
1201 2811 1240 2838 E:
1262 2811 1384 2838 extinct.
1407 2811 1437 2838 in
1458 2811 1526 2838 cod.

210 2855 253 2889 25,
275 2855 321 2883 26.
341 2856 386 2882 A:
408 2858 435 2881 et
457 2852 581 2880 Christi.
667 2852 713 2878 215.
736 2852 775 2879 13:
799 2849 847 2877 ubi
871 2850 964 2877 deest.
1054 2846 1099 2877 32.
1121 2846 1163 2874 33.
1187 2846 1255 2873 iffi:
1278 2847 1391 2873 iustum
1412 2861 1445 2864 -
1466 2845 1528 2872 dis-

210 2898 332 2917 cernere
353 2889 447 2916 deest.
585 2887 626 2915 35.
650 2887 671 2913 li
693 2887 721 2913 in
745 2894 858 2919 marg:
881 2883 1058 2912 Elcmosina
1080 2883 1126 2909 cni
1149 2886 1175 2908 ct
1196 2881 1320 2916 qnando
1342 2881 1428 2908 dehet
1451 2880 1527 2907 dari.

210 2924 253 2960 37.
275 2924 343 2952 DE:
365 2924 421 2951 sub
445 2923 557 2958 >pt-cic.
