1986 3380
226 717 339 752 Mury's

191 753 372 787 conception

174 786 329 813 untuintcd
354 787 390 822 by

256 822 312 848 sin.

173 1995 258 2031 Why
279 1994 398 2030 Baptist

178 2039 242 2058 was
264 2031 338 2057 born
360 2034 389 2057 at

183 2066 389 2093 Midsummer

167 2101 225 2128 and
248 2101 351 2128 Christ
373 2100 400 2127 in

193 2136 378 2163 Midwinter.

732 315 955 347 Joulxxsis
972 316 1156 348 wvcmr
1174 317 1430 349 SERMONUM
1523 302 1674 361 [SERMO
1696 312 1746 341 Χι-

436 420 678 469 concepisse,
724 434 804 457 non
849 424 955 469 quod
997 422 1168 470 Spiritus
1210 424 1378 459 Sanctus
1424 422 1472 458 sit
1519 424 1640 459 homo
1680 422 1746 471 qui

436 479 651 515 carnaliter
685 479 889 515 Christum
933 480 1068 528 genuit
1101 481 1160 517 vel
1202 482 1350 517 habens
1390 480 1428 516 in
1469 493 1509 517 se
1542 481 1746 517 racionem

436 537 591 585 paterni
623 537 785 573 seminis
820 537 920 574 sicut
952 550 1024 574 nec
1059 539 1234 586 angelus,
1269 540 1336 575 sed
1362 540 1409 575 de
1433 538 1623 575 ineffabili
1648 538 1747 575 cari-

434 603 515 631 tate
531 608 606 643 que
631 594 796 643 Spiritui
821 597 970 632 Sancto
995 596 1226 632 attribuitur
1250 596 1384 645 genuit
1408 610 1450 633 ex
1471 609 1572 644 puro
1596 596 1747 633 semine

433 665 546 689 sexus
579 653 753 689 feminei.
1766 655 1780 686 ἓ·

500 711 628 747 Virtus
651 719 776 747 autem
807 711 987 748 altissimi
1008 712 1248 748 obumbrabit
1271 713 1378 748 beate
1401 713 1559 762 virgini,
1584 712 1746 760 quando

434 768 536 805 inter
576 769 752 805 calorem
792 769 968 805 libidinis
1008 779 1045 806 et
1085 779 1219 806 actum
1254 770 1408 818 peccati
1442 771 1497 807 sic
1530 769 1746 818 principiat

433 826 535 863 vires
559 827 696 872 Marie,
722 828 830 875 quod
854 827 893 863 in
917 828 1028 864 nullo
1057 837 1143 864 estu
1175 828 1330 877 peccati
1364 829 1610 873 accenditur,
1645 827 1747 863 sicut

434 897 506 921 nec
544 884 675 920 uritur
713 885 848 921 calore
888 886 1029 922 solaris
1068 886 1229 922 luminis
1274 888 1529 923 obumbrata.
1584 886 1748 934 Ideoque

435 951 586 992 oportet
618 944 719 991 quod
750 943 905 991 genitus
938 952 1019 980 tam
1063 943 1303 981 miraculose
1336 957 1425 981 vere
1458 952 1615 981 vocetur
1634 943 1748 993 filius
1769 956 1806 978 ιο

434 1001 628 1037 naturalis
662 1010 698 1037 et
722 1000 826 1037 filius
860 1002 1155 1050 predestinatus
1187 1003 1377 1049 altissimi,
1401 1015 1492 1039 cum
1525 1003 1745 1039 secundum

435 1059 636 1107 duplicem
676 1068 863 1096 naturam
903 1059 952 1096 sit
992 1060 1096 1096 idem
1132 1060 1402 1097 essencialiter
1435 1063 1518 1097 Deo
1565 1059 1669 1109 patri
1711 1068 1748 1096 et

435 1116 540 1153 idem
586 1117 771 1165 specifice
817 1117 980 1154 cuilibet
1019 1131 1091 1154 suo
1131 1118 1264 1161 fratri;
1311 1128 1348 1155 et
1387 1119 1443 1155 sic
1481 1128 1647 1167 propter
1686 1130 1748 1153 su-

434 1175 775 1223 pereminenciam
815 1175 1038 1212 sanctitatis
1072 1175 1218 1213 dicitur
1257 1176 1353 1212 illud
1393 1189 1528 1213 semen
1566 1185 1748 1213 sanctum

434 1233 683 1281 simpliciter,
737 1233 838 1269 sicut
882 1233 1007 1270 Exodi
1048 1236 1118 1270 ΙΙΙΟ
1152 1234 1408 1282 singulariter
1461 1234 1606 1271 dicitur
1645 1235 1806 1270 Deusi5

435 1304 537 1333 esse:
578 1301 615 1328 et
655 1291 800 1327 dicitur
840 1291 1026 1328 dominus
1066 1305 1157 1328 cum
1197 1291 1284 1329 aliis
1322 1292 1452 1329 verbis
1486 1291 1749 1341 perfeccionis

435 1359 601 1398 propter
646 1351 722 1386 hoc
767 1351 875 1398 quod
920 1350 1176 1398 singulariter
1221 1359 1258 1386 et
1303 1363 1374 1399 per
1418 1364 1457 1387 se
1502 1350 1635 1387 taliter
1675 1349 1749 1386 sibi

436 1407 646 1444 conveniat
691 1416 729 1444 et
767 1408 961 1444 creaturis
1000 1408 1088 1456 ipso
1126 1408 1463 1457 participantibus
1508 1409 1638 1445 solum
1679 1420 1749 1456 per

435 1466 620 1502 accidens
646 1474 682 1502 et
705 1465 801 1502 satis
826 1465 1030 1514 equivoce.
1061 1468 1109 1502 Et
1132 1466 1172 1503 in
1196 1476 1479 1515 argumentum
1504 1466 1749 1503 confirmans

435 1533 562 1560 totam
603 1523 721 1560 istam
761 1524 1008 1561 sentenciam
1048 1526 1166 1561 datur
1205 1524 1361 1573 signum
1404 1526 1511 1573 quod
1544 1524 1748 1577 Elizabeth
1766 1534 1808 1556 20

435 1590 601 1633 cognata
618 1582 746 1618 Marie
768 1583 1095 1633 concepz’tfilium,
1115 1582 1208 1631 quia
1225 1583 1446 1632 Baptistam
1470 1583 1510 1619 in
1533 1591 1748 1627 senectute,

436 1649 473 1677 et
502 1640 558 1677 sic
586 1640 826 1676 miraculose
850 1653 894 1677 ex
917 1640 989 1677 Dei
1021 1640 1302 1689 promissione.
1336 1643 1384 1677 Et
1418 1641 1481 1677 hic
1515 1640 1660 1678 mensis
1694 1648 1751 1676 est

435 1708 566 1736 sextus
589 1698 647 1734 illi
676 1698 803 1735 mensi
826 1698 866 1734 in
890 1712 969 1747 quo
993 1699 1177 1747 concepit
1201 1699 1420 1742 Elizabeth,
1445 1707 1479 1736 et
1504 1700 1568 1735 ille
1592 1705 1752 1735 vocatur

434 1757 591 1804 sterilis,
624 1769 714 1793 cum
746 1756 795 1793 sit
829 1756 975 1793 mensis
1009 1757 1174 1794 solsticii
1206 1757 1373 1805 yemalis
1407 1757 1446 1793 in
1479 1770 1558 1806 quo
1587 1765 1752 1805 propter

437 1815 741 1863 elongacionem
794 1827 816 1851 a
860 1815 943 1851 sole
988 1824 1092 1852 terre
1136 1815 1348 1852 nascencia
1394 1815 1645 1852 sterilescunt
1688 1815 1749 1851 vel
1769 1815 1808 1848 25

437 1873 584 1910 mensis
613 1872 780 1909 solsticii
802 1873 968 1920 yemalis
998 1873 1037 1910 in
1060 1886 1140 1922 quo
1164 1874 1349 1910 desinunt
1379 1874 1623 1910 fructificare
1646 1882 1750 1909 terre

437 1931 660 1968 nascencia.
709 1932 886 1967 Vocatur
929 1931 1088 1977 sterilis,
1134 1932 1237 1968 sicut
1282 1932 1489 1969 Elizabeth
1534 1944 1610 1980 que
1655 1940 1750 1967 tunc

438 1989 658 2038 Baptistam
693 1988 828 2037 genuit
861 1998 944 2026 erat
977 1988 1121 2026 sterilis
1155 2002 1198 2026 ex
1231 1999 1353 2035 etate3
1386 2003 1479 2027 nam
1514 1990 1616 2026 inter
1648 1989 1749 2026 nati-

437 2048 600 2084 vitatem
625 2047 772 2084 Christi
803 2059 846 2083 ex
876 2056 989 2084 utero
1018 2056 1055 2084 et
1083 2047 1334 2085 nativitatem
1359 2048 1537 2096 Baptiste
1568 2060 1612 2084 ex
1634 2056 1749 2083 utero

437 2118 502 2142 sex
535 2118 690 2142 menses
722 2114 1014 2148 successerant3
1049 2115 1085 2142 et
1115 2106 1319 2154 signanter
1341 2115 1457 2143 natus
1490 2115 1546 2143 est
1570 2105 1749 2153 Baptista
1766 2108 1807 2140 30

438 2173 620 2212 ternpore
653 2176 732 2212 quo
765 2172 856 2199 sunt
889 2163 972 2200 dies
1004 2163 1234 2201 artificiales
1267 2164 1489 2213 longissimi
1523 2173 1560 2201 et
1594 2165 1749 2200 decres-

439 2231 545 2258 cunt.
585 2222 767 2259 Christus
806 2230 939 2258 autem
979 2234 1002 2258 a
1040 2230 1222 2270 tempore
1267 2235 1346 2271 quo
1391 2222 1474 2259 dies
1520 2221 1749 2259 artificiales

439 2289 529 2316 sunt
568 2279 790 2316 brevissimi
829 2288 950 2328 atque
988 2289 1184 2326 crescunt,
1219 2280 1313 2329 quia
1345 2280 1549 2318 Christum
1590 2287 1749 2328 oportet

439 2350 616 2374 crescere
649 2347 686 2374 et
709 2336 931 2386 Baptistam
965 2337 1109 2379 minui;
1142 2351 1215 2375 nec
1248 2347 1306 2375 est
1329 2338 1472 2387 aliquis
1500 2350 1598 2387 pure
1628 2338 1749 2374 homo

440 2395 619 2444 Baptista
658 2395 782 2432 alcior
821 2397 955 2444 quoad
989 2398 1117 2432 Deum
1156 2397 1217 2433 vel
1249 2396 1411 2433 Christo
1451 2396 1642 2432 humilior
1680 2404 1749 2432 aut
1767 2399 1805 2431 35

439 2466 461 2490 a
499 2453 662 2502 perfidis
702 2453 828 2501 magis
865 2466 1017 2502 passus
1065 2456 1113 2490 Et
1151 2454 1289 2492 omnia
1329 2454 1403 2492 ista
1442 2455 1586 2491 debent
1626 2452 1747 2497 credi,

439 2513 528 2548 dum
564 2514 668 2548 Deus
713 2511 815 2548 sicut
861 2524 932 2560 per
970 2512 1155 2560 angelum
1196 2525 1311 2549 suum
1353 2511 1537 2561 promisit
1570 2511 1749 2560 Baptiste

438 2569 743 2618 generacionem
794 2578 830 2606 et
875 2569 953 2606 alia
997 2582 1073 2618 que
1117 2570 1335 2618 implentur
1379 2579 1415 2607 et
1455 2570 1510 2606 sic
1548 2569 1749 2618 promittit

438 2627 687 2665 nativitatem
719 2636 757 2664 et
786 2636 949 2664 eventus
976 2627 1076 2664 alios
1109 2629 1157 2664 de
1179 2630 1335 2676 Messya
1364 2640 1448 2665 esse
1469 2640 1560 2665 vere
1582 2628 1747 2664 verbum

511 2772 538 2801 6.
562 2773 603 2800 lt:
625 2773 832 2800 obumbravit.
918 2781 943 2809 7.
966 2773 1010 2800 A:
1055 2777 1191 2801 occatum
1213 2773 1257 2801 sic
1277 2773 1440 2809 principat.
1527 2781 1555 2812 9.
1578 2773 1619 2801 li:
1640 2774 1749 2801 obum-

441 2809 555 2836 bratus.
626 2816 663 2847 ¹7·
686 2807 754 2835 DE:
775 2807 938 2834 fontaliter.
1009 2816 1049 2835 h.
1071 2809 1114 2835 A:
1136 2808 1337 2842 conveniunt3
1359 2808 1398 2835 ib.
1415 2809 1459 2836 A:
1483 2808 1568 2844 ipsis.
1638 2817 1682 2842 ιη.
1704 2810 1748 2836 Α;

441 2843 555 2870 solcicii
578 2843 720 2875 venialis;
751 2842 791 2869 ib.
813 2842 837 2869 l)
859 2842 888 2869 iu
911 2850 1025 2877 marg:
1046 2842 1075 2870 id
1097 2847 1152 2873 cst„
1174 2843 1288 2870 sterilia
1309 2848 1388 2870 sunt.
1486 2844 1531 2870 20.
1554 2844 1598 2870 A:
1620 2844 1747 2871 stoicicii

440 2877 586 2906 estivalis.
689 2885 736 2913 29.
758 2878 802 2904 A:
823 2881 849 2904 ct
871 2877 1060 2904 nativitatem
1080 2892 1113 2897 —
1133 2886 1168 2904 cx
1190 2882 1276 2904 utero
1296 2877 1390 2905 deest.
1499 2877 1537 2910 ἰὴ,
1559 2877 1601 2905 32.
1624 2878 1663 2906 13:
1684 2879 1748 2905 {on-

461 2912 611 2940 issimi-
633 2911 806 2939 artificiales
834 2911 928 2938 deest.
1072 2910 1114 2939 33.
1138 2911 1206 2940 DE:
1236 2912 1395 2940 Christum
1426 2917 1547 2948 oportet
1578 2912 1746 2941 Christum.

457 2956 486 2982 4.
508 2947 576 2976 DE:
597 2952 624 2976 et
644 2947 737 2974 deest.
811 2945 855 2973 38.
877 2946 949 2974 Ali:
970 2950 998 2973 et
1017 2946 1112 2974 deest.
1194 2947 1240 2983 39.
1262 2948 1303 2974 Λτ
1327 2955 1418 2975 omne
1440 2956 1527 2982 vero;
1549 2947 1588 2975 tc:
1609 2948 1747 2975 omnino.
