1986 3380
216 274 353 304 SERMO
374 265 501 324 xxxi]
685 279 897 313 SECUNDA
928 280 1054 312 PARS.

214 386 444 422 huiusmodi
478 387 681 433 requisita.
716 387 815 422 Cum
850 386 953 422 enirn
990 388 1110 422 bomo
1143 388 1191 422 sit
1220 397 1261 422 ut
1295 400 1402 424 serra
1437 401 1526 424 cum

213 444 399 480 omnibus
438 444 597 490 organis
638 444 676 479 in
717 443 1027 491 comparacione
1069 447 1119 480 ad
1152 447 1279 481 Deum
1314 445 1379 493 qui
1421 447 1528 482 solus

213 503 331 538 habet
377 501 513 538 omnia
566 501 831 538 instrumenta
882 502 1071 549 loquendi
1119 516 1242 550 quare
1287 516 1367 538 non
1411 505 1528 540 debet

213 560 370 596 locucio
402 559 564 596 attribui
596 559 757 607 proprie
780 560 854 595 sibi
878 559 975 596 soli?
1009 560 1072 596 Sic
1104 560 1207 596 enim
1240 560 1376 596 dicunt
1401 561 1527 608 philo—

179 618 329 666 §sophi
375 619 481 666 quod
528 630 607 653 non
653 617 783 653 differt
824 618 956 654 dicere
1002 618 1178 655 animam
1225 619 1446 666 intelligere
1492 629 1529 656 et

213 676 344 712 dicere
384 676 510 723 ipsam
551 675 737 711 edificare
777 677 835 712 vel
876 685 1018 712 texere.
1059 678 1160 713 Cum
1201 690 1293 724 ergo
1333 677 1437 713 idem
1479 678 1528 714 sit

212 734 404 770 iudicium
439 735 486 769 de
519 742 604 769 toto
638 733 798 769 homine
831 735 965 782 quoad
996 736 1136 780 Deum,
1182 748 1252 782 per
1295 735 1401 771 idem
1447 748 1527 772 non

211 792 284 828 iste
313 793 435 828 homo
465 793 533 827 sed
558 793 662 827 Deus
692 792 832 827 saltem
864 805 934 840 per
963 804 1003 828 se
1032 801 1069 828 et
1099 793 1261 840 proprie
1290 793 1383 830 facit
1413 806 1527 841 opus.

268 851 345 886 Sed
386 849 568 886 Christus
609 849 779 897 predicit
819 850 895 886 illis
936 850 975 886 in
1015 859 1187 898 quatuor
1225 853 1431 899 quomodo
1471 852 1528 888 in-

157 909 373 944 iostabunt
418 917 601 955 tempora
652 907 879 955 periculosa
932 908 971 943 in
1025 908 1168 956 quibus
1220 918 1380 957 oportet
1423 918 1528 946 stare

210 975 418 1014 tamquam
457 974 711 1013 tetragonum
751 965 834 1002 sine
872 965 1070 1014 vituperio
1110 968 1328 1003 secundum
1362 967 1528 1004 virtutes

209 1032 383 1072 quatuor
435 1023 671 1060 cardinales.
726 1023 882 1060 Primus
928 1037 1022 1071 ergo
1068 1025 1214 1072 gradus
1262 1025 1526 1073 perversionis

208 1091 350 1118 nature
375 1090 431 1118 est
455 1083 563 1130 quod
576 1083 716 1131 frater
730 1083 1043 1131 tradetsramem
1068 1083 1103 1118 in
1128 1090 1304 1129 mortem,
1327 1085 1526 1120 secundus

210 1141 317 1188 quod
346 1147 462 1189 pater
492 1140 546 1176 sic
585 1141 713 1176 tradet
732 1140 879 1190 filium,
913 1140 1059 1177 tercius
1084 1142 1191 1189 quod
1212 1142 1295 1191 filii
1325 1142 1527 1192 insurgent

156 1198 244 1234 151'11
272 1205 457 1247 parentes
496 1206 530 1234 et
569 1206 692 1234 morte
724 1211 787 1234 eos
818 1199 1002 1249 afficient,
1042 1208 1078 1235 et
1113 1208 1279 1247 quartus
1312 1201 1421 1248 quod
1453 1200 1526 1237 viri

208 1255 421 1304 apostolici
465 1264 577 1292 erunt
621 1257 707 1292 odio
757 1257 930 1293 omnibus
979 1258 1192 1293 hominibus
1236 1259 1406 1306 (supple,
1459 1259 1525 1306 qui

210 1314 486 1362 principaliter
512 1315 705 1350 mundum
729 1314 904 1362 sapiunt)
927 1316 995 1351 sed
1020 1315 1223 1363 pacienter
1257 1329 1330 1364 pro
1364 1316 1527 1353 nomine

208 1372 440 1409 Salvatoris.
493 1373 611 1417 Quod
656 1373 687 1408 si
732 1373 873 1409 fratres
919 1372 995 1409 sint
1035 1374 1183 1421 reperti
1223 1373 1298 1410 ista
1343 1374 1524 1422 perfidia,

207 1439 302 1466 tunc
331 1431 378 1466 de
407 1430 483 1465 illis
513 1430 742 1466 verificatur
765 1439 892 1467 textus
921 1432 971 1467 ad
1004 1431 1175 1468 literam.
1211 1431 1250 1468 Si
1275 1432 1380 1468 enim
1405 1432 1528 1469 frater

151 1500 191 1520 20
207 1501 250 1525 ex
273 1488 422 1525 invidia
446 1487 569 1524 alium
593 1489 756 1524 fratrem
780 1489 1017 1525 destruxerit
1034 1498 1070 1525 et
1087 1499 1266 1537 pretextu
1289 1490 1527 1527 salvacionis

206 1546 358 1583 ordinis
409 1546 734 1583 incarceracione
792 1547 922 1595 ipsum
981 1547 1185 1593 occiderit,
1232 1548 1319 1596 quis
1371 1548 1526 1585 dubitat

206 1604 302 1653 quin
335 1604 516 1640 Christus
555 1613 592 1641 et
631 1618 724 1641 suus
764 1605 926 1653 spiritus
968 1606 1041 1642 hoc
1081 1605 1341 1643 intendebant
1373 1606 1414 1642 in
1452 1607 1527 1643 ista

206 1662 333 1708 litera,
380 1664 474 1705 dum
520 1662 576 1699 sic
621 1663 734 1700 dixit:
775 1664 919 1700 Tradet
964 1665 1060 1700 enim
1094 1665 1235 1712 frater
1268 1665 1445 1713 fratrem
1491 1666 1527 1701 in

207 1721 401 1758 mortem?
438 1722 487 1756 Et
520 1720 625 1757 idem
661 1730 717 1758 est
749 1721 944 1758 iudicium
979 1723 1026 1758 de
1067 1731 1182 1770 patre
1220 1722 1418 1770 spirituali
1460 1723 1526 1772 qui

149 1779 189 1811 25
206 1787 373 1828 peccato
397 1778 545 1816 occidit
568 1779 693 1815 filiurn
720 1789 756 1817 et
779 1780 809 1817 si
835 1780 904 1816 filii
928 1780 1155 1828 spirituales
1179 1781 1239 1817 vel
1262 1781 1528 1829 corporaliter

204 1838 266 1875 vel
310 1837 571 1886 spiritualiter
616 1837 806 1874 occidunt
844 1847 1042 1886 parentes⁷
1082 1839 1130 1874 de
1178 1838 1275 1887 ipsis
1325 1848 1382 1875 est
1420 1839 1527 1876 idem

205 1895 413 1932 iudicium.
459 1896 559 1932 Cum
601 1908 694 1944 ergo
741 1896 818 1932 illis
857 1896 997 1945 positis
1037 1909 1284 1945 consequens
1324 1906 1382 1933 est
1419 1899 1528 1946 quod

205 1963 290 1991 tota
311 1953 489 1991 Trinitas
523 1954 752 1991 eternaliter
785 1954 852 1992 illa
885 1954 1010 2001 scivit,
1044 1968 1180 2003 ymmo
1215 1968 1305 1991 curn
1331 1955 1529 1993 catholice

206 2025 252 2050 ac
281 2011 486 2049 meritorie
509 2021 600 2048 sunt
623 2025 666 2049 ex
689 2013 765 2050 isto
789 2022 896 2050 textu
920 2013 1065 2059 elicita,
1090 2022 1199 2062 patet
1223 2015 1331 2062 quod
1355 2014 1527 2063 Spiritus

149 2071 190 2104 30
206 2073 375 2108 Sanctus
398 2083 468 2119 per
484 2070 603 2107 istum
619 2080 768 2108 textum
793 2071 930 2108 omnia
953 2071 1020 2108 illa
1036 2071 1265 2108 eternaliter
1280 2071 1526 2110 intendebat.

268 2130 345 2166 Sed
380 2141 469 2165 cum
502 2141 585 2165 non
618 2138 709 2166 sunt
743 2130 939 2178 condigne
962 2130 1167 2178 passiones
1191 2129 1307 2166 huius
1331 2131 1526 2179 temporis

205 2188 255 2224 ad
301 2187 475 2224 futuram
524 2187 693 2234 gloriam
743 2189 968 2234 beatorum,
1016 2187 1197 2224 Christus
1249 2196 1382 2225 autem
1429 2189 1525 2226 dicit

205 2245 373 2282 Matthei
396 2247 470 2282 VO:
504 2245 618 2282 Beati
638 2246 740 2293 estis,
763 2259 847 2282 cum
872 2259 939 2282 vos
962 2247 1114 2283 oderint
1136 2246 1320 2293 homines,
1349 2254 1384 2283 et
1406 2248 1525 2284 male-

208 2304 380 2341 dixerint
419 2311 455 2340 et
492 2304 546 2340 sic
571 2304 729 2352 fuerint
767 2305 976 2353 persecuti,
1023 2303 1280 2341 manifestum
1321 2313 1378 2341 est
1418 2307 1526 2354 quod

147 2364 187 2398 35
207 2362 383 2399 defectus
431 2361 522 2398 fidei
571 2370 628 2398 est
668 2362 708 2398 in
753 2375 873 2399 causa
912 2375 1036 2411 quare
1075 2362 1149 2399 viri
1189 2362 1449 2400 ecclesiastici
1487 2363 1528 2400 in

205 2420 283 2457 isto
321 2433 443 2469 opere
482 2419 537 2457 sic
575 2420 776 2457 vacillant.
823 2423 870 2456 Et
910 2421 1002 2457 hinc
1043 2421 1224 2458 Christus
1271 2423 1527 2470 reprobando

276 2552 295 2571 1.
310 2543 355 2571 A:
380 2544 464 2571 modi
482 2544 582 2577 deest:
604 2544 645 2571 ib.
660 2545 704 2572 A:
726 2553 798 2579 ergo
814 2544 908 2571 homo
925 2545 1012 2572 sicut.
1075 2543 1101 2572 3.
1116 2545 1160 2572 A:
1182 2545 1353 2572 ministeria
1369 2545 1525 2581 loquendi.

204 2579 228 2606 5.
250 2578 324 2605 AD:
355 2578 658 2614 dill'ert‘intelligere:
690 2579 731 2606 D:
754 2579 890 2606 animam
911 2579 1012 2606 dicere
1032 2578 1143 2606 dicere.
1287 2588 1314 2614 7.
1336 2581 1380 2608 A:
1411 2585 1439 2607 et
1481 2589 1523 2607 er.

205 2622 234 2649 9.
255 2613 324 2640 DE:
346 2613 406 2640 illis
427 2614 520 2640 deest.
595 2622 635 2641 10.
653 2614 721 2641 DE:
743 2613 772 2641 in
795 2614 888 2640 deest.
964 2622 1001 2641 12.
1019 2614 1087 2642 DE:
1111 2614 1318 2649 perversione.
1394 2614 1430 2642 13.
1464 2615 1524 2642 )E:

227 2647 287 2675 uod
310 2648 403 2675 deest.
479 2649 518 2675 18.
539 2649 583 2676 A:
606 2649 642 2676 Et
663 2649 703 2679 si:
727 2649 766 2675 ib.
784 2648 853 2675 DE:
877 2649 986 2683 reperti
1008 2650 1102 2676 deest.
1177 2658 1219 2685 19.
1241 2649 1310 2677 DE:
1331 2654 1403 2677 tunc
1424 2650 1525 2683 (ἱερεῖς

206 2683 213 2709 i
240 2704 246 2709 .
268 2682 291 2709 E
311 2683 342 2710 in
365 2691 478 2718 marg:
500 2683 606 2710 Frater
627 2683 749 2710 occisus
770 2692 786 2710 a
808 2683 910 2710 fratre.
984 2691 1029 2711 20.
1046 2685 1091 2711 A:
1113 2684 1316 2712 tradiderunt.
1390 2692 1434 2712 22.
1456 2685 1524 2712 DE:

206 2717 391 2745 intendebat.
448 2725 495 2751 24.
512 2718 554 2745 D:
577 2718 613 2745 de
634 2718 734 2745 fratre.
792 2718 834 2746 25.
849 2719 894 2745 A:
916 2723 944 2745 et
964 2719 1064 2752 deest:
1086 2718 1126 2745 ib.
1142 2720 1185 2746 A:
1207 2720 1251 2746 vel
1268 2719 1362 2746 deest.
1420 2727 1464 2753 27.
1479 2720 1523 2746 A:

207 2752 446 2786 proposicionis.
529 2753 573 2780 28.
596 2752 664 2779 DE:
686 2753 746 2780 iam
769 2753 866 2780 scivit.
941 2752 986 2780 30.
1008 2753 1077 2781 DE:
1100 2754 1198 2781 illum.
1272 2753 1314 2781 33.
1338 2754 1406 2781 DE:
1428 2754 1522 2781 eritis.

205 2787 249 2822 33,
266 2787 312 2821 ’ὀμ
329 2788 371 2815 D:
395 2787 536 2815 homines
558 2787 788 2819 maledixerint:
809 2789 853 2815 A:
876 2788 1090 2816 maledixerint
1111 2789 1205 2816 deest.
1261 2787 1307 2824 34.
1323 2790 1367 2816 A:
1389 2789 1523 2816 fuerunt.

279 2870 328 2891 11.
348 2858 401 2891 Cf.
422 2861 470 2891 De
490 2859 590 2892 Civili
610 2860 779 2892 Dominio
808 2861 832 2899 l,
851 2871 928 2904 pag.
950 2860 1117 2902 54‚1.26.
1183 2861 1236 2893 33.
1259 2863 1371 2893 Lucae
1390 2861 1453 2901 Vl,
1476 2870 1515 2893 22

205 2914 237 2937 et
263 2906 427 2938 Matthaei
454 2907 494 2946 V,
526 2916 575 2938 ιι.

1591 860 1673 887 Four
1694 861 1768 887 evils

1585 895 1714 922 sort-told
1738 896 1775 931 by

1618 930 1737 964 Chrism

1603 1383 1662 1410 and
1686 1391 1754 1409 now

1559 1417 1682 1456 snlfilled
1705 1418 1733 1444 in
1757 1419 1805 1446 the

1632 1455 1732 1480 mars.
