<?xml version="1.0" encoding="UTF-8"?>
<!DOCTYPE html PUBLIC "-//W3C//DTD XHTML 1.0 Transitional//EN"
    "http://www.w3.org/TR/xhtml1/DTD/xhtml1-transitional.dtd">
<html xmlns="http://www.w3.org/1999/xhtml" xml:lang="en" lang="en">
 <head>
  <title>
</title>
<meta http-equiv="Content-Type" content="text/html;charset=utf-8" />
  <meta name='ocr-system' content='tesseract 3.04.00' />
  <meta name='ocr-capabilities' content='ocr_page ocr_carea ocr_par ocr_line ocrx_word'/>
</head>
<body>
  <div class='ocr_page' id='page_1' title='image "./iohanniswyclifse0702wycl_0432.png"; bbox 0 0 1986 3380; ppageno 0'>
   <div class='ocr_carea' id='block_1_1' title="bbox 210 286 286 321">
    <p class='ocr_par' dir='ltr' id='par_1_1' title="bbox 210 286 286 321">
     <span class='ocr_line' id='line_1_1' title="bbox 210 286 286 321; baseline 0 -10"><span class='ocrx_word' id='word_1_1' title='bbox 210 286 286 321; x_wconf 72' lang='lat'><strong>40¹2</strong></span> 
     </span>
    </p>
   </div>
   <div class='ocr_carea' id='block_1_2' title="bbox 211 920 472 982">
    <p class='ocr_par' dir='ltr' id='par_1_2' title="bbox 211 920 472 982">
     <span class='ocr_line' id='line_1_2' title="bbox 211 920 472 956; baseline 0 -9"><span class='ocrx_word' id='word_1_2' title='bbox 211 920 278 947; x_wconf 82' lang='lat' dir='ltr'><strong>The</strong></span> <span class='ocrx_word' id='word_1_3' title='bbox 299 929 352 956; x_wconf 66' lang='lat' dir='ltr'><strong>eye</strong></span> <span class='ocrx_word' id='word_1_4' title='bbox 372 920 406 947; x_wconf 65' lang='lat'><strong>01·</strong></span> <span class='ocrx_word' id='word_1_5' title='bbox 423 920 472 947; x_wconf 70' lang='lat' dir='ltr'><strong>tlte</strong></span> 
     </span>
     <span class='ocr_line' id='line_1_3' title="bbox 298 954 395 982; baseline -0.01 0"><span class='ocrx_word' id='word_1_6' title='bbox 298 954 395 982; x_wconf 86' lang='lat' dir='ltr'><strong>mind.</strong></span> 
     </span>
    </p>
   </div>
   <div class='ocr_carea' id='block_1_3' title="bbox 218 1501 478 1634">
    <p class='ocr_par' dir='ltr' id='par_1_3' title="bbox 218 1501 478 1600">
     <span class='ocr_line' id='line_1_4' title="bbox 254 1501 440 1538; baseline -0.011 -8"><span class='ocrx_word' id='word_1_7' title='bbox 254 1502 320 1530; x_wconf 77' lang='lat' dir='ltr'><strong>Tlie</strong></span> <span class='ocrx_word' id='word_1_8' title='bbox 342 1511 394 1538; x_wconf 70' lang='lat' dir='ltr'><strong>eye</strong></span> <span class='ocrx_word' id='word_1_9' title='bbox 415 1501 440 1529; x_wconf 84' lang='lat' dir='ltr'><strong>is</strong></span> 
     </span>
     <span class='ocr_line' id='line_1_5' title="bbox 218 1536 478 1573; baseline -0.008 -8"><span class='ocrx_word' id='word_1_10' title='bbox 218 1538 327 1573; x_wconf 68' lang='lat' dir='ltr'><strong>simple</strong></span> <span class='ocrx_word' id='word_1_11' title='bbox 348 1537 436 1564; x_wconf 76' lang='lat' dir='ltr'><strong>when</strong></span> <span class='ocrx_word' id='word_1_12' title='bbox 459 1536 478 1563; x_wconf 76' lang='lat' dir='ltr'><strong>it</strong></span> 
     </span>
     <span class='ocr_line' id='line_1_6' title="bbox 222 1572 477 1600; baseline -0.012 0"><span class='ocrx_word' id='word_1_13' title='bbox 222 1574 310 1600; x_wconf 79' lang='lat' dir='ltr'><strong>looks</strong></span> <span class='ocrx_word' id='word_1_14' title='bbox 331 1572 427 1600; x_wconf 81' lang='lat' dir='ltr'><strong>direct</strong></span> <span class='ocrx_word' id='word_1_15' title='bbox 447 1576 477 1598; x_wconf 84' lang='lat' dir='ltr'><strong>to</strong></span> 
     </span>
    </p>

    <p class='ocr_par' dir='ltr' id='par_1_4' title="bbox 310 1607 389 1634">
     <span class='ocr_line' id='line_1_7' title="bbox 310 1607 389 1634; baseline 0 0"><span class='ocrx_word' id='word_1_16' title='bbox 310 1607 389 1634; x_wconf 69' lang='lat' dir='ltr'><strong>(iod,</strong></span> 
     </span>
    </p>
   </div>
   <div class='ocr_carea' id='block_1_4' title="bbox 492 271 1906 2652">
    <p class='ocr_par' dir='ltr' id='par_1_5' title="bbox 770 271 1808 329">
     <span class='ocr_line' id='line_1_8' title="bbox 770 271 1808 329; baseline -0.002 -11"><span class='ocrx_word' id='word_1_17' title='bbox 770 287 990 318; x_wconf 58' lang='lat' dir='ltr'><strong>Jot-mtx&#39;xts</strong></span> <span class='ocrx_word' id='word_1_18' title='bbox 1013 287 1190 318; x_wconf 61' lang='lat' dir='ltr'><strong>wx’crlr</strong></span> <span class='ocrx_word' id='word_1_19' title='bbox 1210 286 1465 317; x_wconf 57' lang='lat' dir='ltr'><strong>salmonum</strong></span> <span class='ocrx_word' id='word_1_20' title='bbox 1570 271 1722 329; x_wconf 55' lang='lat' dir='ltr'>[SERMO</span> <span class='ocrx_word' id='word_1_21' title='bbox 1744 281 1808 309; x_wconf 67' lang='lat' dir='ltr'><strong>LV-</strong></span> 
     </span>
    </p>

    <p class='ocr_par' dir='ltr' id='par_1_6' title="bbox 496 366 1906 486">
     <span class='ocr_line' id='line_1_9' title="bbox 1154 366 1899 405; baseline 0.001 -9"><span class='ocrx_word' id='word_1_22' title='bbox 1154 391 1159 396; x_wconf 91' lang='lat'>.</span> <span class='ocrx_word' id='word_1_23' title='bbox 1423 391 1429 396; x_wconf 87' lang='lat'>.</span> <span class='ocrx_word' id='word_1_24' title='bbox 1625 404 1628 405; x_wconf 21' lang='lat'><em>⁷</em></span> <span class='ocrx_word' id='word_1_25' title='bbox 1824 366 1899 397; x_wconf 81' lang='lat' dir='ltr'><strong>Fol.</strong></span> 
     </span>
     <span class='ocr_line' id='line_1_10' title="bbox 498 387 1906 445; baseline 0 -19"><span class='ocrx_word' id='word_1_26' title='bbox 498 391 668 438; x_wconf 72' lang='lat' dir='ltr'><strong>lucerna,</strong></span> <span class='ocrx_word' id='word_1_27' title='bbox 701 399 735 428; x_wconf 77' lang='lat' dir='ltr'><strong>et</strong></span> <span class='ocrx_word' id='word_1_28' title='bbox 769 393 834 428; x_wconf 76' lang='lat' dir='ltr'><strong>lex</strong></span> <span class='ocrx_word' id='word_1_29' title='bbox 867 394 959 431; x_wconf 69' lang='lat' dir='ltr'><strong>lux,-</strong></span> <span class='ocrx_word' id='word_1_30' title='bbox 986 387 991 445; x_wconf 81' lang='grc' dir='ltr'>Ι</span> <span class='ocrx_word' id='word_1_31' title='bbox 1020 392 1160 439; x_wconf 81' lang='lat' dir='ltr'><strong>prelat1</strong></span> <span class='ocrx_word' id='word_1_32' title='bbox 1197 404 1290 439; x_wconf 70' lang='lat' dir='ltr'><strong>ergo</strong></span> <span class='ocrx_word' id='word_1_33' title='bbox 1324 403 1512 439; x_wconf 77' lang='lat' dir='ltr'><strong>preelpue</strong></span> <span class='ocrx_word' id='word_1_34' title='bbox 1537 393 1681 427; x_wconf 84' lang='lat' dir='ltr'><strong>debent</strong></span> <span class='ocrx_word' id='word_1_35' title='bbox 1706 391 1807 428; x_wconf 87' lang='lat' dir='ltr'><strong>ferre</strong></span> <span class='ocrx_word' id='word_1_36' title='bbox 1826 411 1906 444; x_wconf 75' lang='lat'><strong>228¹*</strong></span> 
     </span>
     <span class='ocr_line' id='line_1_11' title="bbox 496 449 1204 486; baseline -0.001 0"><span class='ocrx_word' id='word_1_37' title='bbox 496 450 681 486; x_wconf 85' lang='lat' dir='ltr'><strong>lucernas</strong></span> <span class='ocrx_word' id='word_1_38' title='bbox 715 451 900 486; x_wconf 72' lang='lat' dir='ltr'>ardentes</span> <span class='ocrx_word' id='word_1_39' title='bbox 935 450 972 485; x_wconf 87' lang='lat' dir='ltr'><strong>in</strong></span> <span class='ocrx_word' id='word_1_40' title='bbox 1008 449 1204 485; x_wconf 83' lang='lat' dir='ltr'><strong>manibus.</strong></span> 
     </span>
    </p>

    <p class='ocr_par' dir='ltr' id='par_1_7' title="bbox 492 507 1872 1486">
     <span class='ocr_line' id='line_1_12' title="bbox 556 507 1808 556; baseline -0.001 -12"><span class='ocrx_word' id='word_1_41' title='bbox 556 509 632 544; x_wconf 82' lang='lat' dir='ltr'><strong>Sed</strong></span> <span class='ocrx_word' id='word_1_42' title='bbox 669 508 849 556; x_wconf 78' lang='lat' dir='ltr'><strong>quamvis</strong></span> <span class='ocrx_word' id='word_1_43' title='bbox 884 507 1025 555; x_wconf 80' lang='lat' dir='ltr'><strong>prelati</strong></span> <span class='ocrx_word' id='word_1_44' title='bbox 1060 507 1225 543; x_wconf 77' lang='lat' dir='ltr'><strong>ecclesie</strong></span> <span class='ocrx_word' id='word_1_45' title='bbox 1259 508 1403 543; x_wconf 85' lang='lat' dir='ltr'><strong>debent</strong></span> <span class='ocrx_word' id='word_1_46' title='bbox 1437 520 1520 544; x_wconf 84' lang='lat' dir='ltr'><strong>esse</strong></span> <span class='ocrx_word' id='word_1_47' title='bbox 1553 508 1692 543; x_wconf 86' lang='lat' dir='ltr'><strong>oculus</strong></span> <span class='ocrx_word' id='word_1_48' title='bbox 1726 507 1808 543; x_wconf 90' lang='lat' dir='ltr'><strong>eius</strong></span> 
     </span>
     <span class='ocr_line' id='line_1_13' title="bbox 498 564 1810 614; baseline -0.002 -12"><span class='ocrx_word' id='word_1_49' title='bbox 498 566 679 614; x_wconf 85' lang='lat' dir='ltr'><strong>corporis</strong></span> <span class='ocrx_word' id='word_1_50' title='bbox 712 575 748 602; x_wconf 84' lang='lat' dir='ltr'><strong>et</strong></span> <span class='ocrx_word' id='word_1_51' title='bbox 783 566 822 601; x_wconf 88' lang='lat' dir='ltr'><strong>in</strong></span> <span class='ocrx_word' id='word_1_52' title='bbox 853 566 958 602; x_wconf 67' lang='lat' dir='ltr'><strong>riam</strong></span> <span class='ocrx_word' id='word_1_53' title='bbox 1002 565 1096 612; x_wconf 71' lang='lat' dir='ltr'><strong>legis</strong></span> <span class='ocrx_word' id='word_1_54' title='bbox 1131 564 1201 601; x_wconf 80' lang='lat' dir='ltr'><strong>Dei</strong></span> <span class='ocrx_word' id='word_1_55' title='bbox 1241 564 1370 613; x_wconf 82' lang='lat' dir='ltr'>ipsam</span> <span class='ocrx_word' id='word_1_56' title='bbox 1412 564 1594 613; x_wconf 76' lang='lat' dir='ltr'><strong>dirigere,</strong></span> <span class='ocrx_word' id='word_1_57' title='bbox 1630 565 1810 601; x_wconf 83' lang='lat' dir='ltr'><strong>Christus</strong></span> 
     </span>
     <span class='ocr_line' id='line_1_14' title="bbox 498 622 1845 671; baseline -0.001 -11"><span class='ocrx_word' id='word_1_58' title='bbox 498 634 632 661; x_wconf 85' lang='lat' dir='ltr'><strong>tamen</strong></span> <span class='ocrx_word' id='word_1_59' title='bbox 679 636 788 660; x_wconf 85' lang='lat' dir='ltr'><strong>more</strong></span> <span class='ocrx_word' id='word_1_60' title='bbox 834 636 905 659; x_wconf 92' lang='lat' dir='ltr'><strong>suo</strong></span> <span class='ocrx_word' id='word_1_61' title='bbox 945 622 1350 671; x_wconf 84' lang='lat' dir='ltr'><strong>compendiosissimo</strong></span> <span class='ocrx_word' id='word_1_62' title='bbox 1399 632 1538 660; x_wconf 84' lang='lat' dir='ltr'><strong>onerat</strong></span> <span class='ocrx_word' id='word_1_63' title='bbox 1585 623 1845 659; x_wconf 76' lang='lat' dir='ltr'><strong>doetrinam5</strong></span> 
     </span>
     <span class='ocr_line' id='line_1_15' title="bbox 497 680 1811 727; baseline -0.002 -9"><span class='ocrx_word' id='word_1_64' title='bbox 497 695 609 719; x_wconf 78' lang='lat' dir='ltr'><strong>suam</strong></span> <span class='ocrx_word' id='word_1_65' title='bbox 646 681 881 717; x_wconf 77' lang='lat' dir='ltr'>multiformi</span> <span class='ocrx_word' id='word_1_66' title='bbox 916 681 1131 727; x_wconf 70' lang='lat' dir='ltr'><strong>sentencia,</strong></span> <span class='ocrx_word' id='word_1_67' title='bbox 1167 682 1260 717; x_wconf 91' lang='lat' dir='ltr'><strong>dum</strong></span> <span class='ocrx_word' id='word_1_68' title='bbox 1287 680 1342 717; x_wconf 89' lang='lat' dir='ltr'><strong>sic</strong></span> <span class='ocrx_word' id='word_1_69' title='bbox 1367 681 1480 718; x_wconf 86' lang='lat' dir='ltr'><strong>dicit:</strong></span> <span class='ocrx_word' id='word_1_70' title='bbox 1515 681 1692 718; x_wconf 75' lang='lat' dir='ltr'><strong>Lucerna</strong></span> <span class='ocrx_word' id='word_1_71' title='bbox 1726 694 1811 717; x_wconf 74' lang='lat' dir='ltr'><strong>cor-</strong></span> 
     </span>
     <span class='ocr_line' id='line_1_16' title="bbox 492 739 1814 790; baseline 0.001 -16"><span class='ocrx_word' id='word_1_72' title='bbox 492 741 604 790; x_wconf 73' lang='lat' dir='ltr'><strong>poris</strong></span> <span class='ocrx_word' id='word_1_73' title='bbox 636 741 692 775; x_wconf 80' lang='grc' dir='ltr'><em>[ιιῐ</em></span> <span class='ocrx_word' id='word_1_74' title='bbox 722 747 776 776; x_wconf 73' lang='lat' dir='ltr'><strong>est</strong></span> <span class='ocrx_word' id='word_1_75' title='bbox 800 740 932 775; x_wconf 74' lang='lat' dir='ltr'><strong>oculus</strong></span> <span class='ocrx_word' id='word_1_76' title='bbox 954 747 1053 775; x_wconf 55' lang='lat' dir='ltr'><strong>tuus:</strong></span> <span class='ocrx_word' id='word_1_77' title='bbox 1094 741 1194 776; x_wconf 85' lang='lat' dir='ltr'><strong>Nam</strong></span> <span class='ocrx_word' id='word_1_78' title='bbox 1220 739 1350 776; x_wconf 88' lang='lat' dir='ltr'><strong>omnis</strong></span> <span class='ocrx_word' id='word_1_79' title='bbox 1376 740 1496 776; x_wconf 87' lang='lat' dir='ltr'><strong>homo</strong></span> <span class='ocrx_word' id='word_1_80' title='bbox 1530 739 1610 776; x_wconf 87' lang='lat' dir='ltr'><strong>sive</strong></span> <span class='ocrx_word' id='word_1_81' title='bbox 1644 739 1814 776; x_wconf 77' lang='lat' dir='ltr'><strong>exterior</strong></span> 
     </span>
     <span class='ocr_line' id='line_1_17' title="bbox 498 797 1811 846; baseline -0.001 -12"><span class='ocrx_word' id='word_1_82' title='bbox 498 798 578 834; x_wconf 74' lang='lat' dir='ltr'><strong>sive</strong></span> <span class='ocrx_word' id='word_1_83' title='bbox 612 797 778 834; x_wconf 89' lang='lat' dir='ltr'><strong>interior</strong></span> <span class='ocrx_word' id='word_1_84' title='bbox 812 799 930 833; x_wconf 81' lang='lat' dir='ltr'><strong>habet</strong></span> <span class='ocrx_word' id='word_1_85' title='bbox 964 797 1042 834; x_wconf 75' lang='lat' dir='ltr'><strong>vim</strong></span> <span class='ocrx_word' id='word_1_86' title='bbox 1079 797 1222 834; x_wconf 90' lang='lat' dir='ltr'><strong>mentis</strong></span> <span class='ocrx_word' id='word_1_87' title='bbox 1255 799 1475 834; x_wconf 87' lang='lat' dir='ltr'><strong>secundum</strong></span> <span class='ocrx_word' id='word_1_88' title='bbox 1510 810 1631 846; x_wconf 86' lang='lat' dir='ltr'><strong>quam</strong></span> <span class='ocrx_word' id='word_1_89' title='bbox 1666 797 1811 833; x_wconf 78' lang='lat' dir='ltr'><strong>suflicit</strong></span> 
     </span>
     <span class='ocr_line' id='line_1_18' title="bbox 500 855 1811 904; baseline 0.001 -13"><span class='ocrx_word' id='word_1_90' title='bbox 500 858 647 892; x_wconf 75' lang='lat' dir='ltr'><strong>bonum</strong></span> <span class='ocrx_word' id='word_1_91' title='bbox 684 855 891 892; x_wconf 79' lang='lat' dir='ltr'><strong>intendere</strong></span> <span class='ocrx_word' id='word_1_92' title='bbox 931 865 967 891; x_wconf 91' lang='lat' dir='ltr'><strong>et</strong></span> <span class='ocrx_word' id='word_1_93' title='bbox 1007 864 1149 892; x_wconf 89' lang='lat' dir='ltr'><strong>cuncta</strong></span> <span class='ocrx_word' id='word_1_94' title='bbox 1188 868 1258 892; x_wconf 90' lang='lat' dir='ltr'><strong>sua</strong></span> <span class='ocrx_word' id='word_1_95' title='bbox 1291 868 1414 904; x_wconf 89' lang='lat' dir='ltr'><strong>opera</strong></span> <span class='ocrx_word' id='word_1_96' title='bbox 1453 855 1584 892; x_wconf 85' lang='lat' dir='ltr'><strong>debite</strong></span> <span class='ocrx_word' id='word_1_97' title='bbox 1618 855 1811 904; x_wconf 75' lang='lat' dir='ltr'><strong>regulare.</strong></span> 
     </span>
     <span class='ocr_line' id='line_1_19' title="bbox 500 913 1872 962; baseline -0.001 -12"><span class='ocrx_word' id='word_1_98' title='bbox 500 917 546 950; x_wconf 84' lang='lat' dir='ltr'><strong>Et</strong></span> <span class='ocrx_word' id='word_1_99' title='bbox 580 923 660 950; x_wconf 83' lang='lat' dir='ltr'><strong>tam</strong></span> <span class='ocrx_word' id='word_1_100' title='bbox 702 914 776 949; x_wconf 82' lang='lat' dir='ltr'><strong>ista</strong></span> <span class='ocrx_word' id='word_1_101' title='bbox 814 913 871 949; x_wconf 85' lang='lat' dir='ltr'><strong>vis</strong></span> <span class='ocrx_word' id='word_1_102' title='bbox 911 926 1031 962; x_wconf 89' lang='lat' dir='ltr'><strong>quam</strong></span> <span class='ocrx_word' id='word_1_103' title='bbox 1073 913 1156 950; x_wconf 89' lang='lat' dir='ltr'><strong>eius</strong></span> <span class='ocrx_word' id='word_1_104' title='bbox 1196 913 1308 951; x_wconf 88' lang='lat' dir='ltr'><strong>accio</strong></span> <span class='ocrx_word' id='word_1_105' title='bbox 1348 922 1514 950; x_wconf 87' lang='lat' dir='ltr'><strong>vocatur</strong></span> <span class='ocrx_word' id='word_1_106' title='bbox 1554 914 1616 950; x_wconf 91' lang='lat' dir='ltr'><strong>hic</strong></span> <span class='ocrx_word' id='word_1_107' title='bbox 1659 914 1810 959; x_wconf 85' lang='lat' dir='ltr'><strong>oculus,</strong></span> <span class='ocrx_word' id='word_1_108' title='bbox 1834 928 1872 949; x_wconf 86' lang='grc' dir='ltr'><strong>ιο</strong></span> 
     </span>
     <span class='ocr_line' id='line_1_20' title="bbox 499 971 1813 1021; baseline 0.001 -14"><span class='ocrx_word' id='word_1_109' title='bbox 499 972 592 1021; x_wconf 84' lang='lat' dir='ltr'><strong>quia</strong></span> <span class='ocrx_word' id='word_1_110' title='bbox 631 972 732 1007; x_wconf 89' lang='lat' dir='ltr'><strong>sicut</strong></span> <span class='ocrx_word' id='word_1_111' title='bbox 772 972 912 1008; x_wconf 92' lang='lat' dir='ltr'><strong>oculus</strong></span> <span class='ocrx_word' id='word_1_112' title='bbox 952 971 1170 1008; x_wconf 90' lang='lat' dir='ltr'><strong>materialis</strong></span> <span class='ocrx_word' id='word_1_113' title='bbox 1209 981 1266 1008; x_wconf 89' lang='lat' dir='ltr'><strong>est</strong></span> <span class='ocrx_word' id='word_1_114' title='bbox 1305 984 1501 1020; x_wconf 79' lang='lat' dir='ltr'><strong>organum</strong></span> <span class='ocrx_word' id='word_1_115' title='bbox 1541 972 1600 1008; x_wconf 78' lang='lat' dir='ltr'><strong>vie</strong></span> <span class='ocrx_word' id='word_1_116' title='bbox 1641 971 1813 1008; x_wconf 85' lang='lat' dir='ltr'><strong>hominis</strong></span> 
     </span>
     <span class='ocr_line' id='line_1_21' title="bbox 500 1029 1815 1079; baseline 0 -13"><span class='ocrx_word' id='word_1_117' title='bbox 500 1030 734 1066; x_wconf 78' lang='lat' dir='ltr'><strong>directivum</strong></span> <span class='ocrx_word' id='word_1_118' title='bbox 760 1038 796 1066; x_wconf 87' lang='lat' dir='ltr'><strong>et</strong></span> <span class='ocrx_word' id='word_1_119' title='bbox 819 1038 901 1066; x_wconf 84' lang='lat' dir='ltr'><strong>tam</strong></span> <span class='ocrx_word' id='word_1_120' title='bbox 925 1029 1164 1067; x_wconf 83' lang='lat' dir='ltr'><strong>conveniens</strong></span> <span class='ocrx_word' id='word_1_121' title='bbox 1188 1030 1342 1066; x_wconf 89' lang='lat' dir='ltr'><strong>homini</strong></span> <span class='ocrx_word' id='word_1_122' title='bbox 1366 1043 1485 1079; x_wconf 83' lang='lat' dir='ltr'><strong>quam</strong></span> <span class='ocrx_word' id='word_1_123' title='bbox 1511 1029 1815 1067; x_wconf 76' lang='lat' dir='ltr'><strong>disconveniens</strong></span> 
     </span>
     <span class='ocr_line' id='line_1_22' title="bbox 500 1087 1814 1137; baseline 0 -13"><span class='ocrx_word' id='word_1_124' title='bbox 500 1087 719 1124; x_wconf 87' lang='lat' dir='ltr'><strong>distancius</strong></span> <span class='ocrx_word' id='word_1_125' title='bbox 753 1096 790 1124; x_wconf 89' lang='lat' dir='ltr'><strong>et</strong></span> <span class='ocrx_word' id='word_1_126' title='bbox 823 1087 989 1136; x_wconf 84' lang='lat' dir='ltr'><strong>propius</strong></span> <span class='ocrx_word' id='word_1_127' title='bbox 1030 1088 1340 1137; x_wconf 90' lang='lat' dir='ltr'><strong>perspectivum,</strong></span> <span class='ocrx_word' id='word_1_128' title='bbox 1382 1088 1438 1125; x_wconf 89' lang='lat' dir='ltr'><strong>sic</strong></span> <span class='ocrx_word' id='word_1_129' title='bbox 1476 1097 1513 1125; x_wconf 90' lang='lat' dir='ltr'><strong>et</strong></span> <span class='ocrx_word' id='word_1_130' title='bbox 1552 1088 1620 1124; x_wconf 88' lang='lat' dir='ltr'><strong>illa</strong></span> <span class='ocrx_word' id='word_1_131' title='bbox 1659 1087 1715 1124; x_wconf 80' lang='lat' dir='ltr'><strong>vis</strong></span> <span class='ocrx_word' id='word_1_132' title='bbox 1755 1088 1814 1124; x_wconf 89' lang='lat' dir='ltr'><strong>in-</strong></span> 
     </span>
     <span class='ocr_line' id='line_1_23' title="bbox 498 1146 1815 1195; baseline 0.001 -14"><span class='ocrx_word' id='word_1_133' title='bbox 498 1146 734 1182; x_wconf 88' lang='lat' dir='ltr'><strong>tencionalis</strong></span> <span class='ocrx_word' id='word_1_134' title='bbox 778 1148 912 1195; x_wconf 88' lang='lat' dir='ltr'><strong>quoad</strong></span> <span class='ocrx_word' id='word_1_135' title='bbox 950 1146 1183 1183; x_wconf 88' lang='lat' dir='ltr'><strong>interiorem</strong></span> <span class='ocrx_word' id='word_1_136' title='bbox 1225 1146 1431 1183; x_wconf 88' lang='lat' dir='ltr'><strong>hominem</strong></span> <span class='ocrx_word' id='word_1_137' title='bbox 1475 1155 1532 1183; x_wconf 88' lang='lat' dir='ltr'><strong>est</strong></span> <span class='ocrx_word' id='word_1_138' title='bbox 1571 1147 1687 1195; x_wconf 81' lang='lat' dir='ltr'><strong>longe</strong></span> <span class='ocrx_word' id='word_1_139' title='bbox 1727 1147 1815 1195; x_wconf 90' lang='lat' dir='ltr'><strong>plus</strong></span> 
     </span>
     <span class='ocr_line' id='line_1_24' title="bbox 498 1203 1872 1253; baseline 0 -13"><span class='ocrx_word' id='word_1_140' title='bbox 498 1203 724 1241; x_wconf 89' lang='lat' dir='ltr'><strong>necessaria</strong></span> <span class='ocrx_word' id='word_1_141' title='bbox 758 1217 878 1253; x_wconf 90' lang='lat' dir='ltr'><strong>quam</strong></span> <span class='ocrx_word' id='word_1_142' title='bbox 912 1204 1037 1241; x_wconf 85' lang='lat' dir='ltr'><strong>virtus</strong></span> <span class='ocrx_word' id='word_1_143' title='bbox 1070 1206 1131 1241; x_wconf 89' lang='lat' dir='ltr'><strong>vel</strong></span> <span class='ocrx_word' id='word_1_144' title='bbox 1164 1206 1302 1241; x_wconf 91' lang='lat' dir='ltr'><strong>oculus</strong></span> <span class='ocrx_word' id='word_1_145' title='bbox 1327 1204 1571 1253; x_wconf 86' lang='lat' dir='ltr'><strong>corporalis;</strong></span> <span class='ocrx_word' id='word_1_146' title='bbox 1605 1204 1696 1241; x_wconf 90' lang='lat' dir='ltr'><strong>ideo</strong></span> <span class='ocrx_word' id='word_1_147' title='bbox 1720 1204 1816 1241; x_wconf 90' lang='lat' dir='ltr'><strong>dicit</strong></span> <span class='ocrx_word' id='word_1_148' title='bbox 1837 1207 1872 1240; x_wconf 83' lang='lat'><strong>15</strong></span> 
     </span>
     <span class='ocr_line' id='line_1_25' title="bbox 500 1262 1814 1313; baseline -0.001 -14"><span class='ocrx_word' id='word_1_149' title='bbox 500 1262 749 1310; x_wconf 75' lang='lat' dir='ltr'><strong>evangelium</strong></span> <span class='ocrx_word' id='word_1_150' title='bbox 790 1264 896 1311; x_wconf 90' lang='lat' dir='ltr'><strong>quod</strong></span> <span class='ocrx_word' id='word_1_151' title='bbox 939 1263 1096 1299; x_wconf 79' lang='lat' dir='ltr'><strong>lucerna</strong></span> <span class='ocrx_word' id='word_1_152' title='bbox 1136 1263 1314 1313; x_wconf 74' lang='lat' dir='ltr'><strong>corporis</strong></span> <span class='ocrx_word' id='word_1_153' title='bbox 1354 1263 1411 1299; x_wconf 87' lang='lat' dir='ltr'><strong>tui</strong></span> <span class='ocrx_word' id='word_1_154' title='bbox 1447 1270 1502 1299; x_wconf 84' lang='lat' dir='ltr'><strong>est</strong></span> <span class='ocrx_word' id='word_1_155' title='bbox 1545 1263 1678 1299; x_wconf 79' lang='lat' dir='ltr'><strong>oculus</strong></span> <span class='ocrx_word' id='word_1_156' title='bbox 1715 1270 1814 1299; x_wconf 82' lang='lat' dir='ltr'><strong>tuus.</strong></span> 
     </span>
     <span class='ocr_line' id='line_1_26' title="bbox 500 1320 1817 1367; baseline 0 -11"><span class='ocrx_word' id='word_1_157' title='bbox 500 1323 601 1357; x_wconf 88' lang='lat' dir='ltr'><strong>Nam</strong></span> <span class='ocrx_word' id='word_1_158' title='bbox 654 1320 727 1357; x_wconf 88' lang='lat' dir='ltr'><strong>ista</strong></span> <span class='ocrx_word' id='word_1_159' title='bbox 773 1321 831 1358; x_wconf 90' lang='lat' dir='ltr'><strong>vis</strong></span> <span class='ocrx_word' id='word_1_160' title='bbox 885 1320 1028 1358; x_wconf 89' lang='lat' dir='ltr'><strong>mentis</strong></span> <span class='ocrx_word' id='word_1_161' title='bbox 1073 1330 1207 1358; x_wconf 87' lang='lat' dir='ltr'><strong>actum</strong></span> <span class='ocrx_word' id='word_1_162' title='bbox 1253 1320 1493 1358; x_wconf 86' lang='lat' dir='ltr'><strong>intencionis</strong></span> <span class='ocrx_word' id='word_1_163' title='bbox 1539 1320 1729 1367; x_wconf 89' lang='lat' dir='ltr'><strong>continet,</strong></span> <span class='ocrx_word' id='word_1_164' title='bbox 1776 1329 1817 1356; x_wconf 91' lang='lat' dir='ltr'><strong>ut</strong></span> 
     </span>
     <span class='ocr_line' id='line_1_27' title="bbox 500 1379 1816 1428; baseline 0 -14"><span class='ocrx_word' id='word_1_165' title='bbox 500 1379 662 1415; x_wconf 85' lang='lat' dir='ltr'><strong>lucerna</strong></span> <span class='ocrx_word' id='word_1_166' title='bbox 697 1379 874 1416; x_wconf 90' lang='lat' dir='ltr'><strong>continet</strong></span> <span class='ocrx_word' id='word_1_167' title='bbox 913 1380 1043 1416; x_wconf 90' lang='lat' dir='ltr'><strong>lucem</strong></span> <span class='ocrx_word' id='word_1_168' title='bbox 1084 1392 1211 1416; x_wconf 89' lang='lat' dir='ltr'><strong>suam.</strong></span> <span class='ocrx_word' id='word_1_169' title='bbox 1266 1381 1313 1415; x_wconf 88' lang='lat' dir='ltr'><strong>Et</strong></span> <span class='ocrx_word' id='word_1_170' title='bbox 1352 1391 1422 1428; x_wconf 88' lang='lat' dir='ltr'><strong>per</strong></span> <span class='ocrx_word' id='word_1_171' title='bbox 1460 1379 1570 1415; x_wconf 84' lang='lat' dir='ltr'><strong>illam</strong></span> <span class='ocrx_word' id='word_1_172' title='bbox 1611 1380 1816 1416; x_wconf 88' lang='lat' dir='ltr'><strong>lucernam</strong></span> 
     </span>
     <span class='ocr_line' id='line_1_28' title="bbox 500 1436 1815 1486; baseline 0 -13"><span class='ocrx_word' id='word_1_173' title='bbox 500 1438 617 1474; x_wconf 90' lang='lat' dir='ltr'><strong>debet</strong></span> <span class='ocrx_word' id='word_1_174' title='bbox 650 1437 772 1474; x_wconf 90' lang='lat' dir='ltr'><strong>homo</strong></span> <span class='ocrx_word' id='word_1_175' title='bbox 805 1446 887 1474; x_wconf 89' lang='lat' dir='ltr'><strong>tam</strong></span> <span class='ocrx_word' id='word_1_176' title='bbox 921 1437 1160 1474; x_wconf 88' lang='lat' dir='ltr'><strong>intrinsecus</strong></span> <span class='ocrx_word' id='word_1_177' title='bbox 1194 1450 1314 1486; x_wconf 88' lang='lat' dir='ltr'><strong>quam</strong></span> <span class='ocrx_word' id='word_1_178' title='bbox 1355 1437 1596 1474; x_wconf 84' lang='lat' dir='ltr'><strong>extrinsecus</strong></span> <span class='ocrx_word' id='word_1_179' title='bbox 1629 1436 1815 1485; x_wconf 85' lang='lat' dir='ltr'><strong>regulari.</strong></span> 
     </span>
    </p>

    <p class='ocr_par' dir='ltr' id='par_1_8' title="bbox 499 1495 1878 2652">
     <span class='ocr_line' id='line_1_29' title="bbox 560 1495 1874 1544; baseline -0.001 -12"><span class='ocrx_word' id='word_1_180' title='bbox 560 1496 638 1532; x_wconf 85' lang='lat' dir='ltr'><strong>Sed</strong></span> <span class='ocrx_word' id='word_1_181' title='bbox 677 1504 786 1544; x_wconf 87' lang='lat' dir='ltr'><strong>patet</strong></span> <span class='ocrx_word' id='word_1_182' title='bbox 831 1508 875 1532; x_wconf 86' lang='lat' dir='ltr'><strong>ex</strong></span> <span class='ocrx_word' id='word_1_183' title='bbox 915 1495 1031 1532; x_wconf 88' lang='lat' dir='ltr'><strong>dictis</strong></span> <span class='ocrx_word' id='word_1_184' title='bbox 1076 1497 1185 1544; x_wconf 87' lang='lat' dir='ltr'><strong>quod</strong></span> <span class='ocrx_word' id='word_1_185' title='bbox 1222 1495 1326 1532; x_wconf 90' lang='lat' dir='ltr'><strong>inter</strong></span> <span class='ocrx_word' id='word_1_186' title='bbox 1371 1508 1509 1533; x_wconf 87' lang='lat' dir='ltr'><strong>omnes</strong></span> <span class='ocrx_word' id='word_1_187' title='bbox 1549 1495 1816 1544; x_wconf 80' lang='lat' dir='ltr'><strong>proprietates</strong></span> <span class='ocrx_word' id='word_1_188' title='bbox 1833 1509 1874 1531; x_wconf 88' lang='lat'><strong>20</strong></span> 
     </span>
     <span class='ocr_line' id='line_1_30' title="bbox 500 1553 1814 1603; baseline 0 -14"><span class='ocrx_word' id='word_1_189' title='bbox 500 1553 632 1602; x_wconf 91' lang='lat' dir='ltr'><strong>primo</strong></span> <span class='ocrx_word' id='word_1_190' title='bbox 676 1553 902 1590; x_wconf 87' lang='lat' dir='ltr'><strong>necessaria</strong></span> <span class='ocrx_word' id='word_1_191' title='bbox 942 1563 1000 1591; x_wconf 90' lang='lat' dir='ltr'><strong>est</strong></span> <span class='ocrx_word' id='word_1_192' title='bbox 1038 1553 1143 1591; x_wconf 86' lang='lat' dir='ltr'><strong>oculi</strong></span> <span class='ocrx_word' id='word_1_193' title='bbox 1184 1553 1435 1603; x_wconf 80' lang='lat' dir='ltr'><strong>simplicitas,</strong></span> <span class='ocrx_word' id='word_1_194' title='bbox 1475 1554 1550 1590; x_wconf 91' lang='lat' dir='ltr'><strong>hoc</strong></span> <span class='ocrx_word' id='word_1_195' title='bbox 1590 1562 1660 1600; x_wconf 90' lang='lat' dir='ltr'><strong>est,</strong></span> <span class='ocrx_word' id='word_1_196' title='bbox 1707 1554 1814 1602; x_wconf 87' lang='lat' dir='ltr'><strong>quod</strong></span> 
     </span>
     <span class='ocr_line' id='line_1_31' title="bbox 501 1611 1816 1661; baseline 0 -13"><span class='ocrx_word' id='word_1_197' title='bbox 501 1611 676 1648; x_wconf 83' lang='lat' dir='ltr'><strong>intencio</strong></span> <span class='ocrx_word' id='word_1_198' title='bbox 716 1612 800 1649; x_wconf 88' lang='lat' dir='ltr'><strong>sine</strong></span> <span class='ocrx_word' id='word_1_199' title='bbox 833 1611 939 1660; x_wconf 86' lang='lat' dir='ltr'><strong>plica</strong></span> <span class='ocrx_word' id='word_1_200' title='bbox 971 1612 1032 1649; x_wconf 84' lang='lat' dir='ltr'><strong>vel</strong></span> <span class='ocrx_word' id='word_1_201' title='bbox 1070 1613 1216 1661; x_wconf 86' lang='lat' dir='ltr'><strong>angulo</strong></span> <span class='ocrx_word' id='word_1_202' title='bbox 1249 1613 1388 1649; x_wconf 91' lang='lat' dir='ltr'><strong>tendat</strong></span> <span class='ocrx_word' id='word_1_203' title='bbox 1426 1612 1467 1648; x_wconf 92' lang='lat' dir='ltr'><strong>in</strong></span> <span class='ocrx_word' id='word_1_204' title='bbox 1502 1614 1630 1648; x_wconf 89' lang='lat' dir='ltr'><strong>Deum</strong></span> <span class='ocrx_word' id='word_1_205' title='bbox 1665 1611 1816 1648; x_wconf 87' lang='lat' dir='ltr'><strong>directe</strong></span> 
     </span>
     <span class='ocr_line' id='line_1_32' title="bbox 501 1669 1817 1720; baseline -0.001 -14"><span class='ocrx_word' id='word_1_206' title='bbox 501 1669 697 1718; x_wconf 85' lang='lat' dir='ltr'><strong>superius,</strong></span> <span class='ocrx_word' id='word_1_207' title='bbox 751 1670 806 1706; x_wconf 90' lang='lat' dir='ltr'><strong>sic</strong></span> <span class='ocrx_word' id='word_1_208' title='bbox 859 1672 968 1719; x_wconf 90' lang='lat' dir='ltr'><strong>quod</strong></span> <span class='ocrx_word' id='word_1_209' title='bbox 1021 1670 1215 1720; x_wconf 89' lang='lat' dir='ltr'><strong>quicquid</strong></span> <span class='ocrx_word' id='word_1_210' title='bbox 1265 1670 1477 1707; x_wconf 85' lang='lat' dir='ltr'><strong>fecerimus</strong></span> <span class='ocrx_word' id='word_1_211' title='bbox 1531 1671 1726 1706; x_wconf 89' lang='lat' dir='ltr'><strong>honorem</strong></span> <span class='ocrx_word' id='word_1_212' title='bbox 1780 1678 1817 1706; x_wconf 88' lang='lat' dir='ltr'><strong>et</strong></span> 
     </span>
     <span class='ocr_line' id='line_1_33' title="bbox 499 1727 1815 1777; baseline -0.001 -12"><span class='ocrx_word' id='word_1_213' title='bbox 499 1729 748 1765; x_wconf 87' lang='lat' dir='ltr'><strong>voluntatem</strong></span> <span class='ocrx_word' id='word_1_214' title='bbox 775 1727 848 1765; x_wconf 89' lang='lat' dir='ltr'><strong>Dei</strong></span> <span class='ocrx_word' id='word_1_215' title='bbox 881 1728 1161 1777; x_wconf 85' lang='lat' dir='ltr'><strong>principaliter</strong></span> <span class='ocrx_word' id='word_1_216' title='bbox 1182 1727 1451 1765; x_wconf 82' lang='lat' dir='ltr'><strong>intendamus.</strong></span> <span class='ocrx_word' id='word_1_217' title='bbox 1487 1729 1659 1774; x_wconf 90' lang='lat' dir='ltr'><strong>Quando</strong></span> <span class='ocrx_word' id='word_1_218' title='bbox 1682 1736 1815 1765; x_wconf 89' lang='lat' dir='ltr'><strong>autem</strong></span> 
     </span>
     <span class='ocr_line' id='line_1_34' title="bbox 500 1785 1875 1835; baseline 0 -13"><span class='ocrx_word' id='word_1_219' title='bbox 500 1786 681 1823; x_wconf 89' lang='lat' dir='ltr'><strong>videmus</strong></span> <span class='ocrx_word' id='word_1_220' title='bbox 715 1786 978 1835; x_wconf 87' lang='lat' dir='ltr'><strong>speculariter</strong></span> <span class='ocrx_word' id='word_1_221' title='bbox 1011 1787 1155 1824; x_wconf 85' lang='lat' dir='ltr'><strong>reflexe</strong></span> <span class='ocrx_word' id='word_1_222' title='bbox 1187 1787 1248 1823; x_wconf 90' lang='lat' dir='ltr'><strong>vel</strong></span> <span class='ocrx_word' id='word_1_223' title='bbox 1280 1786 1450 1823; x_wconf 88' lang='lat' dir='ltr'><strong>refracte</strong></span> <span class='ocrx_word' id='word_1_224' title='bbox 1482 1785 1650 1832; x_wconf 86' lang='lat' dir='ltr'><strong>visibile,</strong></span> <span class='ocrx_word' id='word_1_225' title='bbox 1683 1798 1818 1822; x_wconf 88' lang='lat' dir='ltr'><strong>neces·</strong></span> <span class='ocrx_word' id='word_1_226' title='bbox 1835 1789 1875 1822; x_wconf 86' lang='lat'><strong>25</strong></span> 
     </span>
     <span class='ocr_line' id='line_1_35' title="bbox 500 1844 1820 1894; baseline -0.001 -13"><span class='ocrx_word' id='word_1_227' title='bbox 500 1844 607 1882; x_wconf 90' lang='lat' dir='ltr'><strong>sario</strong></span> <span class='ocrx_word' id='word_1_228' title='bbox 640 1844 746 1881; x_wconf 90' lang='lat' dir='ltr'><strong>circa</strong></span> <span class='ocrx_word' id='word_1_229' title='bbox 779 1844 955 1894; x_wconf 86' lang='lat' dir='ltr'><strong>aliquam</strong></span> <span class='ocrx_word' id='word_1_230' title='bbox 991 1844 1074 1881; x_wconf 89' lang='lat' dir='ltr'><strong>eius</strong></span> <span class='ocrx_word' id='word_1_231' title='bbox 1108 1844 1460 1882; x_wconf 86' lang='lat' dir='ltr'><strong>circumstanciam</strong></span> <span class='ocrx_word' id='word_1_232' title='bbox 1494 1846 1742 1890; x_wconf 88' lang='lat' dir='ltr'><strong>oberramus,</strong></span> <span class='ocrx_word' id='word_1_233' title='bbox 1776 1852 1820 1880; x_wconf 91' lang='lat' dir='ltr'><strong>ut</strong></span> 
     </span>
     <span class='ocr_line' id='line_1_36' title="bbox 502 1902 1817 1952; baseline -0.001 -13"><span class='ocrx_word' id='word_1_234' title='bbox 502 1903 680 1939; x_wconf 85' lang='lat' dir='ltr'><strong>declarat</strong></span> <span class='ocrx_word' id='word_1_235' title='bbox 705 1903 983 1952; x_wconf 74' lang='lat' dir='ltr'><strong>Perspectivus</strong></span> <span class='ocrx_word' id='word_1_236' title='bbox 1017 1904 1065 1939; x_wconf 91' lang='lat' dir='ltr'><strong>de</strong></span> <span class='ocrx_word' id='word_1_237' title='bbox 1098 1912 1191 1940; x_wconf 92' lang='lat' dir='ltr'><strong>octo</strong></span> <span class='ocrx_word' id='word_1_238' title='bbox 1216 1902 1536 1940; x_wconf 89' lang='lat' dir='ltr'><strong>circumstanciis</strong></span> <span class='ocrx_word' id='word_1_239' title='bbox 1569 1902 1664 1940; x_wconf 89' lang='lat' dir='ltr'><strong>satis</strong></span> <span class='ocrx_word' id='word_1_240' title='bbox 1698 1903 1817 1939; x_wconf 89' lang='lat' dir='ltr'><strong>clare.</strong></span> 
     </span>
     <span class='ocr_line' id='line_1_37' title="bbox 502 1960 1819 2010; baseline -0.001 -13"><span class='ocrx_word' id='word_1_241' title='bbox 502 1961 599 2006; x_wconf 89' lang='lat' dir='ltr'><strong>Quis</strong></span> <span class='ocrx_word' id='word_1_242' title='bbox 633 1973 728 2008; x_wconf 82' lang='lat' dir='ltr'><strong>ergo</strong></span> <span class='ocrx_word' id='word_1_243' title='bbox 760 1960 912 1998; x_wconf 90' lang='lat' dir='ltr'><strong>videret</strong></span> <span class='ocrx_word' id='word_1_244' title='bbox 945 1960 1162 2010; x_wconf 90' lang='lat' dir='ltr'><strong>quicquam</strong></span> <span class='ocrx_word' id='word_1_245' title='bbox 1191 1961 1230 1997; x_wconf 90' lang='lat' dir='ltr'><strong>in</strong></span> <span class='ocrx_word' id='word_1_246' title='bbox 1263 1962 1428 2010; x_wconf 90' lang='lat' dir='ltr'><strong>speculo</strong></span> <span class='ocrx_word' id='word_1_247' title='bbox 1452 1961 1519 2010; x_wconf 90' lang='lat' dir='ltr'><strong>qui</strong></span> <span class='ocrx_word' id='word_1_248' title='bbox 1552 1973 1634 1998; x_wconf 90' lang='lat' dir='ltr'><strong>non</strong></span> <span class='ocrx_word' id='word_1_249' title='bbox 1667 1968 1819 1997; x_wconf 85' lang='lat' dir='ltr'><strong>erraret</strong></span> 
     </span>
     <span class='ocr_line' id='line_1_38' title="bbox 501 2017 1819 2068; baseline -0.001 -13"><span class='ocrx_word' id='word_1_250' title='bbox 501 2018 609 2056; x_wconf 90' lang='lat' dir='ltr'><strong>circa</strong></span> <span class='ocrx_word' id='word_1_251' title='bbox 648 2018 836 2055; x_wconf 89' lang='lat' dir='ltr'><strong>intuitum</strong></span> <span class='ocrx_word' id='word_1_252' title='bbox 870 2020 1005 2068; x_wconf 89' lang='lat' dir='ltr'><strong>quoad</strong></span> <span class='ocrx_word' id='word_1_253' title='bbox 1044 2019 1191 2056; x_wconf 70' lang='lat' dir='ltr'><strong>istum?</strong></span> <span class='ocrx_word' id='word_1_254' title='bbox 1236 2021 1284 2055; x_wconf 89' lang='lat' dir='ltr'><strong>Et</strong></span> <span class='ocrx_word' id='word_1_255' title='bbox 1326 2032 1417 2056; x_wconf 89' lang='lat' dir='ltr'><strong>cum</strong></span> <span class='ocrx_word' id='word_1_256' title='bbox 1457 2017 1727 2056; x_wconf 89' lang='lat' dir='ltr'><strong>necessarium</strong></span> <span class='ocrx_word' id='word_1_257' title='bbox 1763 2026 1819 2055; x_wconf 86' lang='lat' dir='ltr'><strong>est</strong></span> 
     </span>
     <span class='ocr_line' id='line_1_39' title="bbox 500 2075 1878 2131; baseline 0 -19"><span class='ocrx_word' id='word_1_258' title='bbox 500 2076 616 2113; x_wconf 89' lang='lat' dir='ltr'><strong>nobis</strong></span> <span class='ocrx_word' id='word_1_259' title='bbox 666 2076 866 2114; x_wconf 87' lang='lat' dir='ltr'><strong>viantibus</strong></span> <span class='ocrx_word' id='word_1_260' title='bbox 912 2078 1045 2114; x_wconf 90' lang='lat' dir='ltr'><strong>locum</strong></span> <span class='ocrx_word' id='word_1_261' title='bbox 1094 2086 1278 2114; x_wconf 86' lang='lat' dir='ltr'><strong>nostrum</strong></span> <span class='ocrx_word' id='word_1_262' title='bbox 1335 2087 1372 2114; x_wconf 90' lang='lat' dir='ltr'><strong>et</strong></span> <span class='ocrx_word' id='word_1_263' title='bbox 1432 2077 1644 2114; x_wconf 90' lang='lat' dir='ltr'><strong>cuiuslibet</strong></span> <span class='ocrx_word' id='word_1_264' title='bbox 1696 2075 1878 2131; x_wconf 53' lang='lat' dir='ltr'><strong>creatiyo</strong></span> 
     </span>
     <span class='ocr_line' id='line_1_40' title="bbox 502 2135 1819 2185; baseline -0.001 -14"><span class='ocrx_word' id='word_1_265' title='bbox 502 2147 757 2183; x_wconf 84' lang='lat' dir='ltr'><strong>cognoscere,</strong></span> <span class='ocrx_word' id='word_1_266' title='bbox 799 2135 891 2172; x_wconf 90' lang='lat' dir='ltr'><strong>ideo</strong></span> <span class='ocrx_word' id='word_1_267' title='bbox 925 2135 1088 2172; x_wconf 88' lang='lat' dir='ltr'><strong>Genesis</strong></span> <span class='ocrx_word' id='word_1_268' title='bbox 1122 2137 1207 2182; x_wconf 83' lang='lat'><strong>1110,</strong></span> <span class='ocrx_word' id='word_1_269' title='bbox 1244 2148 1265 2183; x_wconf 83' lang='lat'>9</span> <span class='ocrx_word' id='word_1_270' title='bbox 1307 2149 1328 2172; x_wconf 91' lang='lat' dir='ltr'><strong>a</strong></span> <span class='ocrx_word' id='word_1_271' title='bbox 1362 2137 1446 2173; x_wconf 93' lang='lat' dir='ltr'><strong>Deo</strong></span> <span class='ocrx_word' id='word_1_272' title='bbox 1481 2135 1662 2185; x_wconf 87' lang='lat' dir='ltr'><strong>queritur</strong></span> <span class='ocrx_word' id='word_1_273' title='bbox 1693 2135 1819 2171; x_wconf 82' lang='lat' dir='ltr'><strong>Adam</strong></span> 
     </span>
     <span class='ocr_line' id='line_1_41' title="bbox 503 2192 1819 2239; baseline 0.001 -11"><span class='ocrx_word' id='word_1_274' title='bbox 503 2194 566 2229; x_wconf 87' lang='lat' dir='ltr'><strong>ubi</strong></span> <span class='ocrx_word' id='word_1_275' title='bbox 595 2193 674 2230; x_wconf 79' lang='lat' dir='ltr'><strong>est?</strong></span> <span class='ocrx_word' id='word_1_276' title='bbox 707 2192 805 2239; x_wconf 89' lang='lat' dir='ltr'><strong>Quis</strong></span> <span class='ocrx_word' id='word_1_277' title='bbox 839 2193 944 2230; x_wconf 91' lang='lat' dir='ltr'><strong>enim</strong></span> <span class='ocrx_word' id='word_1_278' title='bbox 979 2195 1028 2231; x_wconf 91' lang='lat' dir='ltr'><strong>de</strong></span> <span class='ocrx_word' id='word_1_279' title='bbox 1050 2205 1091 2230; x_wconf 88' lang='lat' dir='ltr'><strong>se</strong></span> <span class='ocrx_word' id='word_1_280' title='bbox 1123 2193 1288 2230; x_wconf 88' lang='lat' dir='ltr'><strong>sentiret</strong></span> <span class='ocrx_word' id='word_1_281' title='bbox 1311 2193 1518 2231; x_wconf 89' lang='lat' dir='ltr'><strong>humiliter</strong></span> <span class='ocrx_word' id='word_1_282' title='bbox 1538 2194 1600 2231; x_wconf 92' lang='lat' dir='ltr'><strong>vel</strong></span> <span class='ocrx_word' id='word_1_283' title='bbox 1622 2192 1819 2230; x_wconf 87' lang='lat' dir='ltr'><strong>iudicaret</strong></span> 
     </span>
     <span class='ocr_line' id='line_1_42' title="bbox 503 2242 1846 2289; baseline -0.001 -1"><span class='ocrx_word' id='word_1_284' title='bbox 503 2252 551 2288; x_wconf 89' lang='lat' dir='ltr'><strong>de</strong></span> <span class='ocrx_word' id='word_1_285' title='bbox 585 2251 779 2288; x_wconf 89' lang='lat' dir='ltr'><strong>creaturis</strong></span> <span class='ocrx_word' id='word_1_286' title='bbox 808 2251 1164 2289; x_wconf 85' lang='lat' dir='ltr'><strong>circumstantibus</strong></span> <span class='ocrx_word' id='word_1_287' title='bbox 1195 2260 1303 2289; x_wconf 89' lang='lat' dir='ltr'><strong>recte</strong></span> <span class='ocrx_word' id='word_1_288' title='bbox 1326 2264 1372 2289; x_wconf 92' lang='lat' dir='ltr'><strong>ac</strong></span> <span class='ocrx_word' id='word_1_289' title='bbox 1396 2251 1596 2288; x_wconf 89' lang='lat' dir='ltr'><strong>subtiliter</strong></span> <span class='ocrx_word' id='word_1_290' title='bbox 1630 2260 1666 2288; x_wconf 90' lang='lat' dir='ltr'><strong>et</strong></span> <span class='ocrx_word' id='word_1_291' title='bbox 1690 2253 1817 2288; x_wconf 86' lang='lat' dir='ltr'><strong>Deum</strong></span> <span class='ocrx_word' id='word_1_292' title='bbox 1839 2242 1846 2251; x_wconf 63' lang='lat'>⁵</span> 
     </span>
     <span class='ocr_line' id='line_1_43' title="bbox 503 2309 1820 2358; baseline 0.001 -13"><span class='ocrx_word' id='word_1_293' title='bbox 503 2309 748 2348; x_wconf 87' lang='lat' dir='ltr'><strong>discerneret</strong></span> <span class='ocrx_word' id='word_1_294' title='bbox 780 2322 902 2358; x_wconf 89' lang='lat' dir='ltr'><strong>supra</strong></span> <span class='ocrx_word' id='word_1_295' title='bbox 935 2309 1072 2347; x_wconf 90' lang='lat' dir='ltr'><strong>omnia</strong></span> <span class='ocrx_word' id='word_1_296' title='bbox 1105 2311 1388 2347; x_wconf 88' lang='lat' dir='ltr'><strong>honorandum</strong></span> <span class='ocrx_word' id='word_1_297' title='bbox 1422 2309 1497 2347; x_wconf 91' lang='lat' dir='ltr'><strong>nisi</strong></span> <span class='ocrx_word' id='word_1_298' title='bbox 1529 2321 1621 2347; x_wconf 89' lang='lat' dir='ltr'><strong>vere</strong></span> <span class='ocrx_word' id='word_1_299' title='bbox 1653 2321 1820 2357; x_wconf 84' lang='lat' dir='ltr'><strong>cognos—</strong></span> 
     </span>
     <span class='ocr_line' id='line_1_44' title="bbox 503 2366 1878 2417; baseline -0.001 -13"><span class='ocrx_word' id='word_1_300' title='bbox 503 2376 610 2404; x_wconf 89' lang='lat' dir='ltr'><strong>ceret</strong></span> <span class='ocrx_word' id='word_1_301' title='bbox 632 2368 722 2405; x_wconf 93' lang='lat' dir='ltr'><strong>loca</strong></span> <span class='ocrx_word' id='word_1_302' title='bbox 744 2369 840 2405; x_wconf 74' lang='lat' dir='ltr'><strong>sua?</strong></span> <span class='ocrx_word' id='word_1_303' title='bbox 873 2369 1045 2414; x_wconf 89' lang='lat' dir='ltr'><strong>Quando</strong></span> <span class='ocrx_word' id='word_1_304' title='bbox 1070 2380 1164 2417; x_wconf 87' lang='lat' dir='ltr'><strong>ergo</strong></span> <span class='ocrx_word' id='word_1_305' title='bbox 1188 2377 1244 2405; x_wconf 90' lang='lat' dir='ltr'><strong>est</strong></span> <span class='ocrx_word' id='word_1_306' title='bbox 1268 2367 1504 2417; x_wconf 88' lang='lat' dir='ltr'><strong>simplicitas</strong></span> <span class='ocrx_word' id='word_1_307' title='bbox 1528 2368 1568 2404; x_wconf 89' lang='lat' dir='ltr'><strong>in</strong></span> <span class='ocrx_word' id='word_1_308' title='bbox 1590 2366 1820 2404; x_wconf 88' lang='lat' dir='ltr'><strong>intencione</strong></span> <span class='ocrx_word' id='word_1_309' title='bbox 1837 2369 1878 2403; x_wconf 87' lang='lat'><strong>35</strong></span> 
     </span>
     <span class='ocr_line' id='line_1_45' title="bbox 503 2424 1820 2476; baseline -0.001 -14"><span class='ocrx_word' id='word_1_310' title='bbox 503 2425 698 2474; x_wconf 88' lang='lat' dir='ltr'><strong>predicta,</strong></span> <span class='ocrx_word' id='word_1_311' title='bbox 733 2434 863 2462; x_wconf 92' lang='lat' dir='ltr'><strong>toturn</strong></span> <span class='ocrx_word' id='word_1_312' title='bbox 898 2438 1044 2475; x_wconf 87' lang='lat' dir='ltr'><strong>corpus</strong></span> <span class='ocrx_word' id='word_1_313' title='bbox 1077 2439 1247 2476; x_wconf 90' lang='lat' dir='ltr'><strong>operum</strong></span> <span class='ocrx_word' id='word_1_314' title='bbox 1283 2435 1319 2463; x_wconf 91' lang='lat' dir='ltr'><strong>et</strong></span> <span class='ocrx_word' id='word_1_315' title='bbox 1351 2435 1464 2463; x_wconf 88' lang='lat' dir='ltr'><strong>actus</strong></span> <span class='ocrx_word' id='word_1_316' title='bbox 1498 2435 1580 2463; x_wconf 90' lang='lat' dir='ltr'><strong>tam</strong></span> <span class='ocrx_word' id='word_1_317' title='bbox 1612 2424 1820 2462; x_wconf 90' lang='lat' dir='ltr'><strong>intrinseci</strong></span> 
     </span>
     <span class='ocr_line' id='line_1_46' title="bbox 504 2481 1821 2532; baseline -0.001 -12"><span class='ocrx_word' id='word_1_318' title='bbox 504 2496 625 2532; x_wconf 90' lang='lat' dir='ltr'><strong>quarn</strong></span> <span class='ocrx_word' id='word_1_319' title='bbox 660 2483 869 2521; x_wconf 88' lang='lat' dir='ltr'><strong>extrinseci</strong></span> <span class='ocrx_word' id='word_1_320' title='bbox 903 2488 955 2531; x_wconf 89' lang='lat' dir='ltr'><strong>(et</strong></span> <span class='ocrx_word' id='word_1_321' title='bbox 987 2484 1019 2521; x_wconf 91' lang='lat' dir='ltr'><strong>si</strong></span> <span class='ocrx_word' id='word_1_322' title='bbox 1051 2484 1130 2522; x_wconf 85' lang='lat' dir='ltr'><strong>sint</strong></span> <span class='ocrx_word' id='word_1_323' title='bbox 1164 2484 1259 2522; x_wconf 88' lang='lat' dir='ltr'><strong>mali</strong></span> <span class='ocrx_word' id='word_1_324' title='bbox 1283 2485 1331 2521; x_wconf 94' lang='lat' dir='ltr'><strong>de</strong></span> <span class='ocrx_word' id='word_1_325' title='bbox 1353 2485 1513 2532; x_wconf 83' lang='lat' dir='ltr'><strong>genere)</strong></span> <span class='ocrx_word' id='word_1_326' title='bbox 1550 2492 1666 2521; x_wconf 87' lang='lat' dir='ltr'><strong>erunt</strong></span> <span class='ocrx_word' id='word_1_327' title='bbox 1697 2481 1821 2520; x_wconf 88' lang='lat' dir='ltr'><strong>lucidi</strong></span> 
     </span>
     <span class='ocr_line' id='line_1_47' title="bbox 505 2541 1822 2590; baseline -0.001 -12"><span class='ocrx_word' id='word_1_328' title='bbox 505 2543 640 2590; x_wconf 88' lang='lat' dir='ltr'><strong>quoad</strong></span> <span class='ocrx_word' id='word_1_329' title='bbox 680 2554 826 2579; x_wconf 90' lang='lat' dir='ltr'><strong>mores.</strong></span> <span class='ocrx_word' id='word_1_330' title='bbox 867 2543 960 2580; x_wconf 90' lang='lat' dir='ltr'><strong>Ideo</strong></span> <span class='ocrx_word' id='word_1_331' title='bbox 1001 2541 1097 2580; x_wconf 88' lang='lat' dir='ltr'><strong>dicit</strong></span> <span class='ocrx_word' id='word_1_332' title='bbox 1131 2542 1314 2580; x_wconf 88' lang='lat' dir='ltr'><strong>Christus</strong></span> <span class='ocrx_word' id='word_1_333' title='bbox 1347 2542 1568 2580; x_wconf 84' lang='lat' dir='ltr'><strong>subtiliter:</strong></span> <span class='ocrx_word' id='word_1_334' title='bbox 1607 2542 1651 2578; x_wconf 87' lang='lat' dir='ltr'><strong>Si</strong></span> <span class='ocrx_word' id='word_1_335' title='bbox 1688 2541 1822 2578; x_wconf 84' lang='lat' dir='ltr'><strong>oculus</strong></span> 
     </span>
     <span class='ocr_line' id='line_1_48' title="bbox 505 2600 1822 2652; baseline -0.001 -16"><span class='ocrx_word' id='word_1_336' title='bbox 505 2607 590 2637; x_wconf 83' lang='lat' dir='ltr'><strong>tuus</strong></span> <span class='ocrx_word' id='word_1_337' title='bbox 601 2600 732 2650; x_wconf 77' lang='lat' dir='ltr'><strong>fuerit</strong></span> <span class='ocrx_word' id='word_1_338' title='bbox 753 2600 935 2650; x_wconf 82' lang='lat' dir='ltr'><strong>simplex,</strong></span> <span class='ocrx_word' id='word_1_339' title='bbox 967 2608 1087 2638; x_wconf 83' lang='lat' dir='ltr'><strong>totum</strong></span> <span class='ocrx_word' id='word_1_340' title='bbox 1113 2613 1256 2652; x_wconf 80' lang='lat' dir='ltr'><strong>corpus</strong></span> <span class='ocrx_word' id='word_1_341' title='bbox 1277 2601 1445 2638; x_wconf 77' lang='lat' dir='ltr'><strong>lucidum</strong></span> <span class='ocrx_word' id='word_1_342' title='bbox 1468 2601 1552 2637; x_wconf 82' lang='lat' dir='ltr'><strong>erit.</strong></span> <span class='ocrx_word' id='word_1_343' title='bbox 1586 2602 1635 2636; x_wconf 92' lang='lat' dir='ltr'><strong>Et</strong></span> <span class='ocrx_word' id='word_1_344' title='bbox 1658 2607 1822 2637; x_wconf 86' lang='lat' dir='ltr'><strong>econtra</strong></span> 
     </span>
    </p>
   </div>
   <div class='ocr_carea' id='block_1_5' title="bbox 504 2710 1820 2887">
    <p class='ocr_par' dir='ltr' id='par_1_9' title="bbox 504 2710 1820 2887">
     <span class='ocr_line' id='line_1_49' title="bbox 574 2710 1817 2746; baseline -0.001 -8"><span class='ocrx_word' id='word_1_345' title='bbox 574 2719 600 2746; x_wconf 88' lang='lat'><strong>7.</strong></span> <span class='ocrx_word' id='word_1_346' title='bbox 621 2710 690 2739; x_wconf 90' lang='lat' dir='ltr'><strong>DE:</strong></span> <span class='ocrx_word' id='word_1_347' title='bbox 711 2710 781 2738; x_wconf 86' lang='lat' dir='ltr'><strong>ideo</strong></span> <span class='ocrx_word' id='word_1_348' title='bbox 800 2710 913 2738; x_wconf 88' lang='lat' dir='ltr'><strong>omnis.</strong></span> <span class='ocrx_word' id='word_1_349' title='bbox 1049 2720 1090 2740; x_wconf 88' lang='lat'><strong>10.</strong></span> <span class='ocrx_word' id='word_1_350' title='bbox 1111 2713 1156 2740; x_wconf 89' lang='lat' dir='ltr'><strong>A:</strong></span> <span class='ocrx_word' id='word_1_351' title='bbox 1179 2711 1223 2740; x_wconf 83' lang='lat' dir='ltr'><strong>sic</strong></span> <span class='ocrx_word' id='word_1_352' title='bbox 1244 2715 1372 2739; x_wconf 83' lang='lat' dir='ltr'><strong>vocatur</strong></span> <span class='ocrx_word' id='word_1_353' title='bbox 1391 2711 1516 2745; x_wconf 78' lang='lat' dir='ltr'><strong>oculus;</strong></span> <span class='ocrx_word' id='word_1_354' title='bbox 1547 2710 1587 2738; x_wconf 88' lang='lat' dir='ltr'><strong>ib.</strong></span> <span class='ocrx_word' id='word_1_355' title='bbox 1608 2710 1634 2738; x_wconf 88' lang='lat' dir='ltr'>E</span> <span class='ocrx_word' id='word_1_356' title='bbox 1651 2710 1683 2738; x_wconf 89' lang='lat' dir='ltr'><strong>in</strong></span> <span class='ocrx_word' id='word_1_357' title='bbox 1705 2718 1817 2745; x_wconf 82' lang='lat' dir='ltr'><strong>marg.:</strong></span> 
     </span>
     <span class='ocr_line' id='line_1_50' title="bbox 506 2744 1818 2782; baseline 0 -10"><span class='ocrx_word' id='word_1_358' title='bbox 506 2745 561 2773; x_wconf 79' lang='lat' dir='ltr'><strong>l’er</strong></span> <span class='ocrx_word' id='word_1_359' title='bbox 581 2745 655 2781; x_wconf 90' lang='lat' dir='ltr'><strong>quid</strong></span> <span class='ocrx_word' id='word_1_360' title='bbox 676 2745 770 2773; x_wconf 86' lang='lat' dir='ltr'><strong>homo</strong></span> <span class='ocrx_word' id='word_1_361' title='bbox 791 2746 906 2781; x_wconf 85' lang='lat' dir='ltr'><strong>regulet</strong></span> <span class='ocrx_word' id='word_1_362' title='bbox 927 2754 981 2773; x_wconf 86' lang='lat' dir='ltr'><strong>sua</strong></span> <span class='ocrx_word' id='word_1_363' title='bbox 1002 2754 1106 2782; x_wconf 89' lang='lat' dir='ltr'><strong>opera.</strong></span> <span class='ocrx_word' id='word_1_364' title='bbox 1137 2746 1229 2775; x_wconf 89' lang='lat' dir='ltr'><strong>Nota.</strong></span> <span class='ocrx_word' id='word_1_365' title='bbox 1375 2745 1413 2774; x_wconf 86' lang='lat'><strong>13.</strong></span> <span class='ocrx_word' id='word_1_366' title='bbox 1434 2747 1479 2774; x_wconf 88' lang='lat' dir='ltr'><strong>A:</strong></span> <span class='ocrx_word' id='word_1_367' title='bbox 1510 2750 1538 2773; x_wconf 85' lang='lat' dir='ltr'><strong>ct</strong></span> <span class='ocrx_word' id='word_1_368' title='bbox 1565 2745 1696 2782; x_wconf 83' lang='lat' dir='ltr'><strong>propius</strong></span> <span class='ocrx_word' id='word_1_369' title='bbox 1724 2744 1818 2772; x_wconf 79' lang='lat' dir='ltr'><strong>deest.</strong></span> 
     </span>
     <span class='ocr_line' id='line_1_51' title="bbox 504 2779 1820 2816; baseline -0.001 -8"><span class='ocrx_word' id='word_1_370' title='bbox 504 2788 551 2808; x_wconf 85' lang='lat'><strong>20.</strong></span> <span class='ocrx_word' id='word_1_371' title='bbox 571 2781 617 2808; x_wconf 86' lang='lat' dir='ltr'><strong>A:</strong></span> <span class='ocrx_word' id='word_1_372' title='bbox 638 2780 716 2808; x_wconf 87' lang='lat' dir='ltr'><strong>inter</strong></span> <span class='ocrx_word' id='word_1_373' title='bbox 736 2780 830 2808; x_wconf 85' lang='lat' dir='ltr'><strong>deest.</strong></span> <span class='ocrx_word' id='word_1_374' title='bbox 903 2788 946 2808; x_wconf 87' lang='lat'><strong>22.</strong></span> <span class='ocrx_word' id='word_1_375' title='bbox 968 2782 1014 2809; x_wconf 87' lang='lat' dir='ltr'><strong>A:</strong></span> <span class='ocrx_word' id='word_1_376' title='bbox 1034 2781 1132 2810; x_wconf 88' lang='lat' dir='ltr'><strong>tendit</strong></span> <span class='ocrx_word' id='word_1_377' title='bbox 1153 2781 1273 2815; x_wconf 76' lang='lat' dir='ltr'><strong>tendat:</strong></span> <span class='ocrx_word' id='word_1_378' title='bbox 1294 2780 1334 2808; x_wconf 92' lang='lat' dir='ltr'><strong>ib.</strong></span> <span class='ocrx_word' id='word_1_379' title='bbox 1355 2780 1380 2808; x_wconf 85' lang='lat' dir='ltr'>E</span> <span class='ocrx_word' id='word_1_380' title='bbox 1400 2781 1429 2808; x_wconf 88' lang='lat' dir='ltr'><strong>in</strong></span> <span class='ocrx_word' id='word_1_381' title='bbox 1452 2789 1565 2816; x_wconf 58' lang='lat' dir='ltr'><strong>marg:</strong></span> <span class='ocrx_word' id='word_1_382' title='bbox 1589 2780 1680 2808; x_wconf 89' lang='lat' dir='ltr'><strong>Oculi</strong></span> <span class='ocrx_word' id='word_1_383' title='bbox 1701 2779 1820 2815; x_wconf 82' lang='lat' dir='ltr'><strong>simpli-</strong></span> 
     </span>
     <span class='ocr_line' id='line_1_52' title="bbox 505 2813 1820 2851; baseline 0 -9"><span class='ocrx_word' id='word_1_384' title='bbox 505 2814 588 2842; x_wconf 83' lang='lat' dir='ltr'><strong>citer.</strong></span> <span class='ocrx_word' id='word_1_385' title='bbox 680 2822 695 2843; x_wconf 87' lang='lat'>2</span> <span class='ocrx_word' id='word_1_386' title='bbox 719 2836 724 2842; x_wconf 93' lang='lat'><strong>.</strong></span> <span class='ocrx_word' id='word_1_387' title='bbox 745 2815 819 2843; x_wconf 87' lang='lat' dir='ltr'><strong>AD:</strong></span> <span class='ocrx_word' id='word_1_388' title='bbox 841 2815 1055 2851; x_wconf 85' lang='lat' dir='ltr'><strong>perspectivis.</strong></span> <span class='ocrx_word' id='word_1_389' title='bbox 1148 2816 1194 2844; x_wconf 87' lang='lat'><strong>28.</strong></span> <span class='ocrx_word' id='word_1_390' title='bbox 1214 2817 1259 2844; x_wconf 91' lang='lat' dir='ltr'><strong>A:</strong></span> <span class='ocrx_word' id='word_1_391' title='bbox 1281 2823 1353 2851; x_wconf 77' lang='lat' dir='ltr'><strong>ergo</strong></span> <span class='ocrx_word' id='word_1_392' title='bbox 1374 2815 1467 2843; x_wconf 77' lang='lat' dir='ltr'><strong>deest.</strong></span> <span class='ocrx_word' id='word_1_393' title='bbox 1558 2813 1605 2850; x_wconf 73' lang='lat'><strong>34.</strong></span> <span class='ocrx_word' id='word_1_394' title='bbox 1627 2814 1696 2842; x_wconf 84' lang='lat' dir='ltr'><strong>DE:</strong></span> <span class='ocrx_word' id='word_1_395' title='bbox 1720 2818 1820 2850; x_wconf 82' lang='lat' dir='ltr'><strong>preter</strong></span> 
     </span>
     <span class='ocr_line' id='line_1_53' title="bbox 504 2823 1466 2887; baseline 0.001 -11"><span class='ocrx_word' id='word_1_396' title='bbox 504 2849 619 2877; x_wconf 86' lang='lat' dir='ltr'><strong>omnia.</strong></span> <span class='ocrx_word' id='word_1_397' title='bbox 691 2823 733 2879; x_wconf 54' lang='lat'><strong>35.</strong></span> <span class='ocrx_word' id='word_1_398' title='bbox 754 2851 799 2878; x_wconf 89' lang='lat' dir='ltr'><strong>A:</strong></span> <span class='ocrx_word' id='word_1_399' title='bbox 820 2854 866 2878; x_wconf 88' lang='lat' dir='ltr'><strong>est</strong></span> <span class='ocrx_word' id='word_1_400' title='bbox 886 2850 980 2878; x_wconf 83' lang='lat' dir='ltr'><strong>deest.</strong></span> <span class='ocrx_word' id='word_1_401' title='bbox 1054 2849 1099 2887; x_wconf 89' lang='lat'><strong>37.</strong></span> <span class='ocrx_word' id='word_1_402' title='bbox 1121 2852 1166 2879; x_wconf 91' lang='lat' dir='ltr'><strong>A:</strong></span> <span class='ocrx_word' id='word_1_403' title='bbox 1189 2850 1351 2878; x_wconf 79' lang='lat' dir='ltr'><strong>extrinseci</strong></span> <span class='ocrx_word' id='word_1_404' title='bbox 1373 2850 1466 2878; x_wconf 81' lang='lat' dir='ltr'><strong>deest.</strong></span> 
     </span>
    </p>
   </div>
   <div class='ocr_carea' id='block_1_6' title="bbox 579 2909 1218 2951">
    <p class='ocr_par' dir='ltr' id='par_1_10' title="bbox 579 2909 1218 2951">
     <span class='ocr_line' id='line_1_54' title="bbox 579 2909 1218 2951; baseline 0.003 -9"><span class='ocrx_word' id='word_1_405' title='bbox 579 2909 628 2943; x_wconf 82' lang='lat'><strong>16.</strong></span> <span class='ocrx_word' id='word_1_406' title='bbox 657 2909 822 2943; x_wconf 84' lang='lat' dir='ltr'><strong>Matthaei</strong></span> <span class='ocrx_word' id='word_1_407' title='bbox 852 2911 909 2951; x_wconf 86' lang='lat' dir='ltr'><strong>vl,</strong></span> <span class='ocrx_word' id='word_1_408' title='bbox 939 2921 992 2943; x_wconf 85' lang='lat'><strong>22.</strong></span> <span class='ocrx_word' id='word_1_409' title='bbox 1093 2910 1146 2944; x_wconf 88' lang='lat'><strong>38.</strong></span> <span class='ocrx_word' id='word_1_410' title='bbox 1173 2910 1218 2944; x_wconf 86' lang='lat' dir='ltr'><strong>ib.</strong></span> 
     </span>
    </p>
   </div>
  </div>
 </body>
</html>
