1986 3380
198 306 332 334 51111110
354 293 466 351 xvii]
669 307 881 341 SECUNDA
912 308 1037 339 PARS.

198 429 266 452 sue
300 415 464 452 ecclesie
489 414 637 450 destrui
670 422 706 450 et
730 426 869 450 omnes
902 422 1027 450 status
1061 414 1100 449 in
1134 413 1276 450 ordine
1308 427 1379 450 suo
1413 415 1512 451 indi-

197 473 340 510 visibili
366 473 620 521 conglobare,
637 473 704 507 sed
721 484 840 520 quam
858 480 1113 508 monstruosa
1129 472 1230 508 foret
1246 472 1311 508 illa
1328 485 1511 520 persona,

198 544 287 567 cum
319 531 436 568 hodie
465 543 585 578 genus
616 531 690 566 hoc
720 530 937 578 reprobum
967 531 1185 566 secundum
1211 543 1331 566 unam
1357 540 1511 578 partem

197 598 303 626 tenet
343 602 432 626 cum
477 601 557 624 uno
600 600 705 636 papa
743 588 803 624 vel
848 587 1054 636 preposito
1099 600 1170 624 suo
1216 597 1252 624 et
1292 590 1511 624 secundum

164 648 179 679 5
198 647 318 684 aliam
356 660 447 684 cum
477 646 556 683 alio
586 654 623 682 et
651 645 691 681 in
714 645 968 694 speculativis
998 645 1089 682 fidei
1120 645 1383 694 multiplicius
1413 647 1512 683 vari*

198 714 327 741 antur.
363 705 472 741 Sicut
506 717 600 752 ergo
624 703 819 740 Martinus
853 703 919 752 qui
954 702 1025 739 fuit
1059 703 1245 740 omnibus
1279 703 1363 739 istis
1396 705 1513 740 sectis

197 762 418 811 perfeccior
462 775 567 798 nunc
612 761 683 797 fuit
730 761 853 803 miles,
906 774 1011 798 nunc
1058 762 1279 798 monachus
1325 771 1361 798 et
1406 775 1512 798 nunc

197 821 420 869 episcopus,
441 821 659 856 secundum
685 821 793 867 quod
815 819 912 855 vidit
937 821 985 855 ad
1011 819 1291 856 rectitudinem
1317 829 1353 856 et
1377 821 1512 856 celeri-

196 888 319 915 tatem
370 879 429 914 sui
474 877 634 914 termini
685 877 897 925 pertinere,
943 877 998 914 sic
1043 877 1216 913 dimissis
1260 877 1344 913 istis
1396 878 1512 914 sectis

140 944 180 969 10
195 936 360 973 novellis
400 949 489 973 cum
529 935 610 972 suis
650 935 794 982 regulis
833 936 950 971 debet
991 935 1117 971 fidelis
1150 934 1268 981 viam,
1302 935 1509 972 veritatem

195 1003 231 1031 et
270 994 486 1031 terminum
526 1001 715 1041 appetere
755 993 962 1029 dominum
1002 995 1134 1029 Jesum
1175 993 1392 1039 Christum,
1438 1007 1509 1030 nec

194 1053 367 1101 aliquem
398 1053 496 1088 citra
520 1051 723 1088 Christum
750 1052 866 1088 debet
890 1051 1016 1087 fidelis
1040 1051 1237 1099 respicere
1259 1051 1335 1087 nisi
1359 1060 1511 1089 retenta

193 1124 263 1147 sua
297 1109 586 1159 compendiosa
619 1109 755 1157 regula
780 1111 827 1145 de
851 1118 1001 1157 quanto
1025 1109 1108 1145 sine
1132 1109 1429 1146 cancellacione
1462 1113 1510 1147 ad

194 1168 312 1205 finem
360 1168 470 1204 illum
520 1167 747 1212 intenderit,
786 1177 828 1204 ut
867 1167 962 1216 quid
1002 1167 1115 1204 nobis
1156 1169 1202 1204 de
1235 1167 1423 1214 Martino,
1465 1170 1512 1204 de

142 1226 407 1263 15Dominico
441 1227 500 1263 vel
532 1224 747 1262 Francisco
787 1227 895 1274 quod
934 1225 991 1262 sic
1030 1225 1245 1271 viaverant,
1281 1239 1370 1262 cum
1408 1229 1511 1263 Deus

194 1298 266 1321 nos
307 1285 440 1333 posuit
480 1284 519 1320 in
559 1283 638 1320 alio
677 1292 782 1320 statu
823 1283 1151 1320 circumferencie
1185 1283 1509 1323 christianorum.

194 1352 230 1379 et
263 1355 333 1391 per
366 1354 627 1390 consequens,
653 1350 694 1377 ut
729 1342 1052 1389 contingeremus
1086 1355 1156 1389 per
1191 1342 1365 1378 medium
1402 1342 1509 1378 aliud

191 1410 372 1437 nostrum
408 1401 551 1436 finem?

251 1460 342 1495 Ideo
373 1458 412 1494 in
442 1457 588 1494 talibus
617 1457 788 1505 arguciis
819 1458 935 1494 debet
960 1457 1086 1494 fidelis
1115 1470 1286 1505 purgare
1316 1467 1352 1494 et
1377 1459 1510 1495 colare

135 1530 178 1552 20
194 1516 478 1565 decepcionem
509 1516 628 1552 talem
662 1515 824 1557 diaboli,
856 1525 897 1551 ut
926 1516 1057 1563 primo
1087 1516 1259 1552 videndo
1290 1518 1396 1564 quod
1421 1517 1510 1553 talis

192 1583 353 1611 sanctus
381 1574 421 1610 in
450 1575 505 1610 sic
534 1573 719 1610 faciendo
749 1586 770 1610 a
794 1573 941 1610 Christi
972 1573 1130 1610 iusticia
1160 1586 1239 1610 non
1270 1574 1509 1622 obliquavit:

192 1646 271 1681 quo
296 1632 518 1681 supposito,
541 1631 632 1668 licet
650 1631 799 1667 noticie
816 1640 953 1668 nostre
969 1631 1154 1667 dissimili
1178 1641 1214 1667 et
1236 1632 1508 1680 impertinenti

191 1693 240 1727 ad
265 1690 452 1727 meritum
475 1698 673 1735 nostrum,
699 1691 890 1726 debemus
913 1691 1089 1726 secundo
1113 1702 1280 1738 pensare
1310 1690 1341 1725 si
1370 1700 1508 1727 nostro

189 1749 310 1786 statui
358 1757 394 1785 et
440 1748 554 1785 donis
594 1760 670 1796 que
714 1747 830 1784 nobis
868 1747 1050 1784 Christus
1097 1749 1261 1785 dederat
1307 1747 1356 1784 sit
1394 1749 1509 1785 nobis

134 1809 172 1842 25
190 1807 286 1844 utile
314 1807 370 1844 sic
401 1807 523 1844 viare.
569 1807 646 1842 Sed
683 1805 722 1841 in
757 1805 833 1842 ista
869 1806 1114 1854 purgacione
1149 1815 1268 1854 atque
1305 1806 1510 1843 colacione

190 1878 271 1901 non
293 1873 453 1913 oportet
477 1865 612 1901 fideles
645 1865 818 1910 studere,
854 1865 1026 1901 tenendo
1062 1873 1098 1900 et
1129 1864 1381 1912 respiciendo
1416 1877 1509 1901 con-

191 1923 301 1959 tinue
324 1922 471 1960 Christi
494 1922 693 1968 semitam,
719 1921 750 1958 si
775 1934 818 1958 ex
842 1922 919 1958 fide
944 1922 1144 1959 credimus
1169 1924 1275 1971 quod
1304 1924 1510 1971 sequendo

191 1981 310 2018 istum
357 1983 543 2018 abbatem
584 1982 692 2029 quod
737 1989 794 2017 est
833 1980 995 2017 cuilibet
1032 1980 1157 2017 vianti
1202 1980 1393 2028 possibile
1437 1993 1510 2017 nec

191 2039 491 2088 obliquabimus
530 2052 552 2076 a
583 2039 750 2076 veritate
787 2051 859 2075 nec
898 2051 920 2075 a
953 2038 1192 2075 rectitudine
1230 2047 1357 2075 status
1391 2052 1509 2088 quem

134 2100 176 2132 30
193 2098 373 2134 Christus
411 2097 526 2134 nobis
565 2096 739 2133 instituit
773 2096 1034 2142 deviabimus,
1071 2097 1358 2142 cancellantes;
1404 2098 1510 2133 unde

191 2155 345 2204 posicio
389 2155 559 2192 istorum
604 2154 983 2203 religiosarcharum
1028 2163 1111 2191 tam
1156 2155 1366 2191 obnubilat
1403 2155 1508 2192 viam

191 2213 339 2250 Christi
373 2215 481 2262 quod
523 2214 670 2249 multos
704 2212 939 2249 itinerantes
973 2212 1066 2250 facit
1100 2214 1304 2250 causando
1339 2213 1510 2249 circulos

191 2271 386 2320 plurimos
410 2272 652 2318 cancellare;
677 2279 713 2307 et
737 2283 827 2307 cum
852 2272 1072 2308 secundum
1092 2271 1348 2307 Aristotelem
1374 2283 1510 2307 errans

191 2343 212 2366 3
257 2329 497 2367 rectitudine
541 2342 610 2366 sue
647 2329 708 2366 vie
747 2331 794 2366 de
833 2338 984 2378 quanto
1029 2330 1234 2378 sequendo
1272 2329 1382 2365 illam
1422 2330 1511 2377 plus

137 2391 176 2423 35
193 2387 259 2424 diu
293 2388 532 2436 processerit
566 2389 614 2424 de
646 2396 758 2424 tanto
793 2400 815 2424 a
848 2387 1088 2424 rectitudine
1121 2388 1211 2435 plus
1245 2387 1422 2433 distabit,
1456 2387 1511 2424 sic

193 2455 250 2482 est
300 2447 348 2483 de
397 2445 658 2494 religionibus
712 2445 798 2482 istis
844 2445 1008 2494 privatis
1058 2447 1105 2482 de
1154 2453 1305 2494 quanto
1355 2445 1510 2482 diucius

262 2599 286 2618 ¹2.
306 2592 346 2619 E:
368 2600 460 2627 quam
482 2592 608 2619 viciosa.
681 2590 706 2619 3.
727 2592 772 2619 A:
794 2600 863 2619 cum
886 2591 1022 2619 homine.
1104 2591 1129 2619 5.
1151 2591 1219 2619 DE:
1241 2591 1346 2619 alium.
1421 2601 1447 2628 7.
1463 2594 1508 2620 A:

192 2635 252 2653 11011
274 2627 461 2660 monachus;
482 2627 522 2654 ib.
539 2628 583 2654 A:
605 2630 633 2653 et
654 2626 749 2653 deest.
823 2626 851 2653 8.
872 2627 916 2654 A:
939 2626 1059 2660 vident3
1088 2626 1112 2654 E
1133 2626 1162 2653 111
1185 2635 1298 2662 marg:
1320 2627 1506 2662 Exemplum

191 2661 228 2688 de
248 2665 354 2688 sancto
373 2661 518 2689 Martino.
632 2683 638 2688 .
659 2661 699 2688 E:
722 2661 766 2688 sic
787 2660 957 2688 dissimilis.
1051 2669 1084 2688 11.
1106 2661 1150 2688 A:
1173 2665 1201 2688 et
1220 2661 1314 2688 deest.
1403 2670 1439 2689 12.
1461 2664 1505 2690 A:

192 2696 323 2731 aliquos.
397 2695 435 2723 13.
455 2696 501 2724 A:
523 2704 578 2723 sua
620 2700 699 2728 eest;
720 2696 760 2723 ib.
775 2695 849 2723 AD:
871 2696 1098 2723 cautellacione.
1173 2695 1210 2731 13,
1231 2695 1278 2731 30,
1300 2695 1342 2724 33.
1365 2697 1389 2724 11
1409 2706 1509 2724 seems

191 2731 255 2757 that
269 2730 434 2758 cancellare
454 2731 480 2758 is
501 2730 572 2758 here
594 2731 667 2757 used
688 2730 720 2758 in
741 2730 790 2757 the
811 2738 899 2757 sense
920 2731 955 2757 of
972 2730 1092 2758 Frcnch
1110 2730 1290 2758 ‘chanceler'
1305 2732 1348 2765 (to
1365 2734 1507 2767 stagger).

191 2765 347 2792 Matthew.
457 2774 498 2799 111,
521 2765 558 2793 15.
580 2765 649 2793 DE:
671 2765 815 2800 Martino,
837 2765 1012 2792 Dominico.
1128 2773 1165 2800 17.
1188 2765 1256 2793 DE:
1278 2766 1507 2801 attingeremus.

191 2807 237 2827 20.
259 2800 288 2826 A
307 2800 337 2827 111
359 2808 472 2835 marg:
496 2808 516 2827 1.
633 2799 675 2828 23.
696 2800 751 2827 ΑΕ
771 2800 801 2827 111
823 2808 937 2835 marg:
958 2807 983 2827 2.
1101 2800 1142 2827 25.
1165 2799 1280 2827 Codd.:
1303 2801 1506 2828 coloracione.

191 2834 306 2869 25—27.
327 2834 366 2861 E:
389 2839 479 2869 atque
498 2850 531 2854 ——
551 2835 708 2870 sequendo
729 2834 822 2862 deest.
923 2842 967 2869 27.
990 2835 1058 2862 DE:
1081 2835 1152 2870 quia
1172 2843 1208 2861 ex
1228 2835 1296 2862 side.
1397 2834 1443 2862 30.
1465 2836 1507 2863 D:

191 2870 394 2903 cautelaiites:
416 2869 446 2896 111
467 2877 582 2904 marg.:
603 2870 649 2896 vel
670 2870 883 2897 cancellantes.
1008 2868 1051 2897 33.
1072 2870 1101 2897 A
1120 2869 1150 2896 in
1173 2877 1287 2905 marg:
1308 2870 1508 2903 Aristoteles:

192 2903 216 2930 D
238 2903 267 2930 in
290 2912 403 2942 marg:
431 2903 513 2931 Nota
532 2904 683 2942 optimam
705 2905 841 2932 reoulam
861 2904 1038 2931 Aristotelis
1059 2908 1165 2931 contra
1185 2904 1336 2931 hereticos
1357 2909 1384 2931 et
1403 2909 1508 2931 contra

191 2937 367 2965 Tabornas.
442 2936 484 2966 35.
506 2938 529 2965 E
549 2947 579 2965 in
601 2947 716 2974 marg:
738 2924 922 2973 fixemplum
945 2939 1206 2966 mathematicum.

1727 315 1799 351 ¹27

1542 424 1793 453 Contradictions

1575 468 1688 494 among
1710 461 1758 487 the

1609 494 1722 521 Friurs.

1568 886 1714 922 lixample
1735 892 1763 915 01

1572 925 1614 947 Μ.
1638 923 1757 949 Murtin.

1538 1468 1585 1494 All
1608 1476 1652 1494 we
1674 1468 1749 1495 have
1770 1473 1800 1496 10

1573 1503 1717 1530 consider
1737 1504 1762 1530 is

1560 1538 1695 1565 whether
1715 1546 1774 1574 any

1571 1576 1646 1599 state
1666 1573 1701 1600 of
1718 1573 1767 1600 life

1538 1607 1596 1634 will
1620 1607 1688 1643 help
1710 1616 1745 1635 us
1770 1612 1800 1634 10

1560 1642 1616 1669 lire
1639 1642 1761 1678 rightly.

1555 1930 1621 1957 The
1642 1931 1783 1970 simplest

1584 1974 1650 2001 way
1672 1975 1697 1992 15
1718 1971 1748 1993 10

1550 2000 1652 2027 follow
1674 2001 1790 2028 Christ.
