1986 3380
192 272 273 317 434

273 518 298 537 2.
319 509 386 537 The

245 544 419 571 (jai-dinan·

263 580 401 606 election.

211 1262 238 1290 3.
252 1262 319 1290 The
339 1263 449 1297 charge

257 1303 287 1324 ῐυ
310 1298 403 1325 l‘cter.

251 1493 333 1520 That
355 1493 409 1520 hus

212 1528 339 1562 nothing„y
360 1533 389 1555 to
411 1528 450 1555 do

259 1563 331 1590 with
354 1563 403 1590 the

202 1598 317 1625 Roman
342 1597 460 1632 pontin.

230 1899 427 1932 Obiections:

226 1937 258 1969 a)
279 1935 434 1962 Devotion

202 1970 302 1997 would
325 1969 374 1997 die
394 1974 465 2003 out;

229 2027 258 2061 b)
278 2027 347 2055 The
369 2035 436 2054 new

207 2062 315 2090 orders
337 2070 386 2089 are
408 2066 461 2089 not

207 2096 415 2124 burdensome
436 2101 466 2123 to

228 2132 278 2159 the
299 2131 442 2161 Church:

225 2365 252 2397 c)
273 2363 435 2391 Founders

203 2398 304 2437 xyould
327 2399 391 2425 lose
412 2397 459 2425 aid

214 2441 243 2460 in
266 2437 446 2468 purgatory.

775 278 998 312 JOHANNIS
1019 278 1201 310 WYCLIF
1221 277 1476 310 sERMONUM
1508 263 1659 321 [SERMO
1682 274 1788 301 Lwn.

482 395 647 422 cunctos
691 386 957 424 concluditur,
1010 398 1099 421 cum
1153 397 1195 420 ex
1247 384 1326 420 vita
1377 384 1459 420 eius
1505 392 1640 432 pateat
1685 384 1791 431 quod

481 452 563 480 tam
596 445 718 480 verbo
752 457 871 492 quam
905 455 1027 491 opere
1062 442 1207 478 militat
1243 450 1383 478 contra
1417 441 1646 478 Christum}

539 503 744 538 Secundus
779 514 890 538 error
923 500 1158 537 Antichristi
1183 500 1365 548 procedit
1390 512 1432 536 ex
1457 501 1595 536 eadem
1623 498 1793 535 fallacia.

481 561 663 607 Arguunt
697 560 824 596 enim:
860 559 898 595 Si
925 559 1146 607 imperator
1175 559 1235 594 vel
1259 558 1360 594 alius
1391 557 1579 594 dominus
1602 556 1793 593 secularis

482 630 552 666 per
584 619 778 654 electores
822 617 999 664 signatos
1045 616 1216 664 eligitur,
1262 615 1318 652 sic
1351 617 1458 664 quod
1502 615 1606 652 valet
1646 614 1828 651 eleccio5

482 688 552 724 per
585 685 751 712 cunctos
784 688 876 711 suos
909 674 1090 710 subditos
1135 675 1412 722 approbanda,
1459 685 1552 721 ergo
1585 685 1654 721 per
1687 672 1792 709 idem

482 733 513 770 si
547 733 609 770 isti
645 733 869 770 cardinales
904 732 941 768 in
977 744 1258 780 quemcunque
1303 744 1467 768 suorum
1509 730 1792 779 episcoporum

482 791 773 836 consenserint,
808 800 849 827 ut
874 790 922 826 sit
947 803 1064 838 papa,
1099 789 1280 839 sequitur
1303 790 1434 838 ipsum
1461 802 1482 826 a
1515 798 1599 826 tota
1625 787 1792 825 ecclesia

483 862 567 886 esse
603 850 912 897 acceptandum.

539 910 658 944 Istam
693 906 896 955 arguciam
943 908 1089 943 nedum
1137 906 1292 942 deridet
1336 905 1591 953 triumphans
1625 903 1852 940 ecclesiaio

482 967 549 1002 sed
586 965 714 1002 maior
747 977 840 1013 pars
875 965 1040 1001 ecclesie
1075 964 1296 1001 militantis.
1339 965 1453 999 Unde
1486 964 1614 1010 (rogo)
1648 962 1792 998 electo-

482 1024 590 1059 ribus
636 1022 720 1060 istis
768 1022 987 1059 auctoritas
1033 1031 1152 1071 caput
1197 1020 1363 1059 ecclesie
1414 1019 1652 1069 preferendi,
1700 1031 1790 1055 cum

482 1081 654 1130 apostoli
708 1080 890 1128 eligendo
950 1081 1161 1117 Matthiam
1228 1079 1496 1128 premittendo
1559 1077 1790 1114 oracionem

479 1140 677 1186 ‘signando
711 1140 812 1174 duos
845 1140 893 1175 de
927 1138 1070 1187 quibus
1104 1139 1304 1175 habebant
1338 1136 1557 1173 habilitatis
1591 1134 1794 1184 experien—

483 1197 585 1234 ciam
621 1197 718 1233 sorti
754 1196 875 1232 divini
910 1196 1044 1233 iudicii
1079 1195 1382 1232 commiserunt.
1815 1197 1850 1230 15

539 1254 706 1291 Tercius
753 1267 865 1291 error
913 1263 969 1291 est
1003 1255 1075 1291 iste
1120 1255 1230 1291 locus
1274 1266 1297 1290 a
1341 1252 1486 1289 simiali
1531 1249 1794 1288 similitudine

483 1326 561 1361 quo
610 1312 665 1349 sic
710 1312 908 1360 arguitur:
955 1312 1136 1349 Christus
1194 1310 1449 1359 singulariter
1507 1309 1602 1346 dixit
1656 1311 1791 1345 Petro:

489 1371 749 1420 Quodcunque
793 1371 980 1420 ligaveris
1023 1383 1140 1420 super
1183 1378 1330 1407 terram
1371 1369 1443 1405 erit
1483 1369 1647 1418 ligatum
1686 1375 1720 1403 et
1758 1367 1793 1402 in

482 1429 572 1465 celis
604 1436 639 1465 et
671 1429 919 1477 quodcunque
949 1429 1114 1465 solveris
1144 1441 1262 1478 super
1294 1435 1441 1463 terram
1475 1426 1548 1462 erit
1569 1426 1736 1461 solutum
1760 1431 1795 1460 et

483 1488 518 1522 in
551 1487 653 1523 celis.
689 1488 792 1534 Ergo
826 1499 895 1534 per
929 1486 1032 1522 idem
1069 1486 1172 1523 istud
1206 1484 1400 1534 competit
1424 1483 1679 1532 singulariter
1712 1481 1794 1519 cui-
1812 1498 1852 1520 20

484 1557 641 1593 cunque
676 1546 858 1581 Romano
905 1544 1099 1592 pontifici.
1146 1545 1246 1581 Cum
1282 1552 1415 1580 autem
1461 1542 1680 1590 aliquando
1713 1552 1795 1576 non

483 1602 606 1639 valuit
640 1603 710 1639 hec
745 1602 1037 1651 consequencia
1071 1611 1107 1639 et
1140 1601 1288 1650 poterit
1321 1614 1402 1638 non
1426 1601 1556 1637 valere
1590 1611 1711 1636 causa
1733 1597 1793 1634 sui

482 1660 641 1706 valoris,
661 1669 702 1696 ut
721 1673 825 1696 nunc
849 1673 871 1697 a
895 1660 1078 1697 fidelibus
1102 1669 1158 1697 est
1182 1660 1378 1696 rimanda.
1405 1658 1558 1694 Infinite
1582 1665 1673 1694 sunt
1697 1656 1794 1692 tales

483 1719 620 1755 insane
649 1718 810 1766 argucie
832 1718 1067 1755 Antichristi
1091 1718 1234 1767 quibus
1258 1716 1425 1754 eeclesia
1448 1715 1560 1752 vians
1584 1713 1793 1763 decipitur.

483 1779 564 1813 Nec
611 1777 731 1813 audet
776 1776 920 1825 aliquis
964 1776 1163 1813 viatorum
1211 1774 1415 1812 illusiones
1466 1773 1562 1810 istas
1613 1774 1796 1820 detegere
1813 1775 1853 1808 25

485 1843 650 1883 propter
679 1834 1005 1882 persecucionem
1037 1833 1197 1882 dyaboli
1221 1843 1257 1870 et
1281 1832 1524 1881 complicum
1547 1829 1795 1868 Antichristi.

545 1893 623 1928 Sed
648 1901 788 1928 contra
811 1892 928 1929 istam
953 1892 1198 1929 sentenciam
1225 1891 1337 1927 multi
1362 1889 1541 1927 obiciunt
1560 1889 1667 1938 quod
1691 1888 1798 1924 iuxta

487 1949 596 1987 illam
616 1949 764 1998 periret
783 1950 894 1996 fides,
914 1950 1080 1987 devocio
1100 1959 1137 1986 et
1155 1949 1363 1986 ordinacio
1387 1947 1551 1985 ecclesie
1574 1944 1796 1983 militantis.

546 2010 656 2054 Item,
693 2020 783 2044 cum
816 2008 909 2045 licet
943 2008 1125 2045 fidelibus
1157 2020 1294 2056 ymmo
1331 2008 1476 2044 debent
1506 2005 1545 2042 in
1579 2003 1797 2041 devocione

487 2065 637 2114 augeri,
679 2065 962 2102 constituendo
1002 2067 1135 2114 plures
1178 2065 1382 2102 ministros
1422 2063 1601 2110 ecclesie,
1640 2061 1798 2098 videtur
1814 2065 1856 2098 30

487 2125 594 2173 quod
628 2123 846 2160 multitudo
890 2132 1089 2161 sectarum
1136 2133 1173 2160 et
1217 2122 1444 2172 specialiter
1488 2122 1655 2159 fratrum
1696 2119 1798 2156 sicut

486 2191 523 2219 et
568 2194 792 2231 pauperum
837 2194 918 2218 non
962 2181 1012 2219 sit
1055 2181 1353 2230 possessionate
1399 2179 1566 2217 ecclesie
1610 2189 1795 2216 onerosa.

485 2239 678 2277 Mentitur
710 2253 803 2288 ergo
837 2240 992 2277 emulus
1024 2239 1111 2277 istis
1142 2239 1259 2277 sectis
1293 2239 1462 2276 dicendo
1496 2239 1603 2288 quod
1638 2236 1798 2285 rapiunt

485 2299 534 2335 de
566 2297 784 2346 provinciis
817 2298 898 2335 sive
933 2298 1076 2346 regnis.

544 2358 654 2402 Item,
701 2356 816 2393 aliter
859 2364 989 2393 totum
1037 2364 1302 2405 patronorum
1355 2354 1544 2391 meritum
1597 2353 1664 2402 qui
1716 2352 1796 2390 iarn
1814 2352 1854 2386 35

485 2413 661 2450 defuncti
694 2422 784 2451 sunt
829 2422 866 2450 et
911 2422 1023 2451 tanto
1057 2413 1203 2451 auxilio
1237 2421 1351 2462 egent
1391 2412 1430 2449 in
1463 2410 1698 2460 purgatorio
1731 2412 1797 2448 de-

485 2471 652 2520 periret3
693 2481 833 2509 contra
866 2473 975 2521 quod
1007 2473 1173 2509 heredes
1216 2471 1495 2508 defunctorum
1530 2477 1794 2517 patronorum

485 2529 715 2566 huiusmodi
748 2529 842 2567 totis
875 2529 1024 2567 viribus
1058 2529 1290 2566 militarent.

554 2673 627 2715 &QA
648 2674 677 2702 in
691 2681 813 2713 ,marga
834 2673 929 2713 Error
949 2681 981 2708 2;
1002 2674 1026 2702 Ε
1045 2673 1075 2702 in
1097 2681 1211 2736 mai-{st
1233 2681 1272 2712 2..
1334 2681 1373 2700 10.
1389 2673 1418 2700 A
1432 2672 1461 2700 in
1479 2681 1591 2708 marg.:
1612 2672 1795 2708 Responsio,

486 2716 523 2736 12.
539 2709 608 2736 Dis:
630 2713 720 2745 capit.
779 2708 820 2736 16.
836 2709 865 2736 A
879 2716 908 2735 in
926 2717 1039 2744 marg.:
1061 2709 1156 2737 Error
1194 2719 1201 2743 ς
1222 2707 1246 2736 Ε
1265 2715 1295 2735 in
1317 2715 1431 2743 marga
1452 2705 1477 2735 3.
1540 2715 1578 2736 21.
1593 2707 1665 2736 Ain
1682 2715 1795 2742 marg.:

483 2743 665 2779 Responsio.
764 2750 808 2778 27.
829 2743 854 2771 E
873 2742 903 2770 in
925 2752 1038 2779 marg.:
1061 2743 1224 2776 Obiecci03
1245 2741 1298 2770 DE
1317 2742 1347 2770 in
1369 2750 1482 2777 marg:
1504 2750 1525 2770 1.
1624 2749 1670 2778 29.
1693 2741 1746 2769 DE
1766 2741 1795 2768 in

486 2786 598 2817 marg:
621 2786 645 2805 2.
744 2776 786 2806 33.
807 2777 847 2805 E:
868 2778 1027 2818 Innititur3
1057 2778 1203 2806 correxit:
1226 2776 1342 2805 nititur.
1444 2777 1485 2805 35.
1507 2776 1560 2804 DE
1579 2777 1609 2805 in
1631 2784 1743 2812 marg-z
1764 2774 1795 2809 3;

486 2813 509 2840 E
529 2821 557 2840 in
581 2821 692 2848 marg.:
714 2812 796 2840 Nota
814 2812 851 2840 de
871 2818 1060 2848 purgatorio.
1117 2812 1163 2849 36,
1184 2811 1228 2848 37.
1250 2811 1319 2839 DE:
1342 2811 1526 2847 deperirent.

562 2895 610 2928 18.
639 2896 757 2928 Matth.
786 2896 948 2939 XV1,19‚
