1986 3380
182 939 219 959 ΚΟ

184 1230 188 1250 ι
202 1219 217 1250 5

177 1518 220 1539 20

176 1797 216 1829 25

181 2378 220 2411 35

234 294 369 323 SERMO
384 283 554 341 xxxvii]
710 296 921 329 SECUNDA
950 296 1073 326 PARS.

236 405 328 442 facit
372 406 420 441 ad
463 405 647 440 decorem
690 403 860 438 universi
902 411 937 438 et
977 414 1046 450 per
1086 414 1333 450 consequens
1372 402 1546 449 aliquam

235 472 388 511 partem
416 462 554 497 mundi
578 461 709 509 primo
735 461 968 496 denominat
1002 472 1085 496 esse
1110 462 1272 506 bonam,
1306 461 1374 496 sed
1398 460 1547 496 nullam

234 521 264 556 si
298 534 378 557 non
412 520 523 555 illurn
560 521 837 567 dampnatum.
872 518 911 554 Si
946 518 1049 554 enim
1075 519 1224 554 bonum
1259 526 1296 554 et
1329 518 1475 553 iustum
1502 519 1550 553 sit

235 579 364 626 ipsum
399 577 481 626 pati
516 579 617 613 hanc
652 576 1002 624 dampnacionem,
1038 576 1130 624 quia
1164 589 1185 612 a
1209 578 1293 612 Deo
1321 575 1488 612 volitum
1515 585 1550 612 et

234 637 463 673 ordinatum
499 637 547 671 ad
574 635 799 682 profectum
834 634 1011 679 ecclesie,
1046 643 1139 671 tunc
1164 635 1313 670 bonum
1339 643 1395 670 est
1418 633 1549 681 ipsum

235 694 289 730 sic
313 694 408 742 pati,
447 703 482 729 et
506 705 577 741 per
600 705 847 740 consequens
872 692 938 729 illa
972 692 1103 740 passio
1138 705 1228 728 cum
1263 691 1394 740 primo
1418 691 1549 740 ipsum

236 752 483 796 denominat,
519 750 752 786 denominat
786 750 914 797 ipsum
952 752 1101 787 bonum
1127 759 1163 786 et
1198 763 1268 798 per
1302 761 1550 798 consequens

236 810 365 857 ipsum
402 809 556 857 perficit
581 807 810 844 subiective.
846 809 883 844 Si
920 808 1024 844 enim
1059 808 1114 844 sic
1144 817 1349 857 peccasset
1383 817 1420 844 et
1444 810 1549 843 Deus

237 868 366 916 ipsum
402 880 423 903 a
458 866 752 914 dampnacione
793 875 1072 914 preservasset‚
1114 866 1215 902 foret
1249 866 1450 902 infinitum
1486 867 1550 901 de*

236 926 358 962 terior
392 938 510 973 quam
554 933 610 960 est
650 925 785 960 modo.
834 926 1050 969 Quomodo
1094 936 1187 972 ergo
1226 937 1307 961 non
1340 924 1549 972 perficeret

236 996 323 1020 eum
378 983 466 1020 talis
519 982 623 1018 iusta
677 982 943 1030 dampnacio?
1000 982 1039 1018 Si
1085 982 1282 1030 (inquam)
1338 995 1427 1018 cum
1482 981 1549 1017 illo

235 1050 400 1089 peccato
447 1053 527 1077 non
571 1041 672 1076 foret
717 1040 991 1088 pulcrificatus
1036 1052 1106 1088 per
1148 1053 1294 1088 penam
1340 1049 1421 1076 tam
1466 1039 1550 1087 ipse

235 1113 355 1148 quam
390 1109 496 1136 totus
538 1100 722 1137 mundus.
768 1112 905 1145 ymmo
944 1099 975 1135 si
1016 1099 1115 1146 phas
1157 1108 1213 1134 est
1253 1098 1386 1134 dicere
1426 1098 1550 1146 turpi-

235 1158 353 1194 ficata
377 1158 477 1194 foret
502 1157 632 1205 prima
655 1156 813 1193 iusticia
837 1167 873 1193 et
898 1156 1082 1197 extincta,
1115 1158 1322 1205 quomodo
1355 1169 1447 1203 ergo
1470 1169 1551 1192 non

235 1217 335 1252 foret
368 1215 569 1252 infinitum
604 1214 744 1251 melius
777 1217 884 1263 quod
919 1228 1008 1251 cum
1043 1214 1119 1251 illis
1153 1215 1316 1263 paribus
1339 1214 1387 1250 sit
1412 1215 1551 1262 damp-

234 1275 374 1310 natus?
408 1276 455 1310 Et
485 1273 540 1310 sic
572 1272 751 1321 sequitur
781 1286 823 1309 ex
853 1273 929 1309 isto
953 1274 1061 1321 quod
1091 1272 1140 1309 sit
1173 1272 1374 1309 infinitum
1399 1274 1550 1309 bonum

236 1333 365 1380 ipsum
407 1344 489 1368 esse
528 1333 791 1379 dampnatum
833 1343 876 1367 ex
917 1333 991 1367 hoc
1032 1331 1164 1367 medio
1205 1332 1311 1379 quod
1350 1330 1550 1367 infinitum

236 1390 377 1427 melius
410 1391 511 1426 foret
546 1402 635 1425 cum
676 1388 760 1425 istis
801 1389 965 1437 paribus
1004 1389 1134 1437 ipsum
1177 1389 1389 1438 dampnari
1430 1402 1551 1437 quam

235 1448 382 1485 servari
416 1448 641 1496 irnpunem;
688 1448 795 1495 quod
840 1448 941 1484 foret
981 1447 1210 1495 aliqualiter
1248 1449 1413 1493 bonum,
1459 1446 1553 1496 quia

235 1508 432 1543 servando
466 1506 596 1554 ipsum
622 1518 712 1541 cum
738 1505 822 1541 istis
846 1505 1009 1554 paribus
1034 1506 1240 1554 impunem
1276 1506 1378 1542 foret
1401 1507 1549 1542 bonum

236 1574 272 1601 et
306 1578 386 1601 non
420 1566 583 1607 bonum,
625 1576 715 1599 cum
749 1565 855 1599 Deus
896 1577 977 1600 non
1015 1572 1147 1612 potest
1180 1565 1256 1600 hoc
1295 1564 1447 1608 facere3
1493 1576 1552 1599 re-

235 1631 386 1671 pugnat
420 1622 526 1659 enim
562 1621 692 1658 divine
717 1620 873 1658 iusticie
898 1623 1006 1671 quod
1039 1622 1185 1670 aliquis
1220 1623 1341 1658 homo
1375 1621 1552 1658 offendat

234 1681 273 1716 in
313 1681 442 1729 ipsum
483 1689 519 1716 et
557 1693 638 1716 non
683 1679 1090 1728 proposciona'oiliter
1128 1679 1332 1728 puniatur.
1386 1681 1478 1716 Ideo
1521 1679 1551 1715 si

234 1739 301 1775 illa
341 1738 560 1787 impunitas
599 1739 713 1784 foret,
755 1751 845 1774 cum
885 1738 969 1775 istis
1008 1738 1171 1786 paribus
1210 1738 1311 1775 foret
1350 1737 1551 1774 infinitum

235 1797 376 1833 melior
399 1799 483 1833 Deo
518 1805 554 1832 et
586 1796 787 1832 infinitum
823 1797 997 1833 deterior
1030 1809 1151 1845 quam
1185 1809 1288 1844 pena
1321 1809 1397 1844 que
1430 1797 1552 1832 modo

234 1855 307 1891 sibi
341 1854 545 1903 infligitur,
594 1854 683 1890 ideo
719 1867 762 1890 ex
795 1855 863 1891 tali
898 1855 1226 1892 contradiccione
1258 1867 1340 1891 non
1372 1854 1553 1902 sequitur

236 1914 311 1950 hoc
343 1914 404 1950 vel
436 1913 546 1949 illud.

292 1972 530 2008 Tenendum
566 1979 622 2008 est
656 1983 750 2019 ergo
784 1972 893 2019 quod
926 1983 1030 2019 pena
1064 1970 1273 2019 dampnati
1306 1983 1387 2008 non
1421 1971 1551 2007 solum

236 2030 367 2078 ipsum
427 2028 654 2078 pulcrificat
713 2030 781 2065 sed
835 2029 963 2066 eciam
1024 2029 1269 2075 universum,
1320 2041 1394 2066 nec
1447 2031 1552 2065 Deus

237 2096 367 2136 potest
400 2100 422 2124 a
456 2087 751 2135 dampnacione
785 2100 875 2123 cum
909 2087 986 2123 illis
1010 2087 1174 2136 paribus
1208 2087 1426 2133 continere,
1460 2086 1552 2124 licet

236 2145 361 2194 possit
400 2145 531 2194 ipsum
572 2144 741 2181 faciliter
780 2145 1012 2182 beatificare
1051 2158 1141 2182 cum
1182 2145 1270 2182 aliis
1309 2145 1472 2194 paribus
1511 2145 1552 2181 in

236 2216 312 2252 que
345 2212 489 2251 potest,
525 2212 561 2239 et
595 2216 684 2240 cum
715 2212 847 2251 potest
881 2203 1025 2240 mereri
1049 2203 1339 2240 beatitudinem
1373 2215 1419 2240 eo
1444 2204 1551 2252 quod

236 2263 441 2310 quondam
475 2260 530 2298 sic
563 2261 707 2310 potuit,
742 2270 851 2309 patet
875 2263 983 2311 quod
1017 2271 1074 2298 est
1098 2270 1292 2310 perpetuo
1326 2260 1551 2310 culpabilis,

237 2333 282 2356 eo
317 2321 424 2368 quod
452 2332 534 2355 non
567 2319 623 2355 sic
647 2319 752 2355 facit.
786 2319 875 2356 Tali
909 2332 1002 2368 ergo
1032 2321 1253 2368 dampnato
1286 2319 1552 2356 insolubiliter

238 2377 490 2415 concluditur
535 2386 641 2414 meta
687 2377 920 2426 turpissima
959 2391 1035 2426 que
1081 2386 1138 2415 est
1177 2377 1434 2426 redargueio:
1479 2389 1552 2413 nec

238 2445 295 2473 est
327 2436 406 2473 alia
440 2445 545 2473 meta
576 2435 653 2472 nisi
687 2435 726 2472 in
760 2436 1071 2484 comparacione
1104 2437 1155 2472 ad
1188 2435 1298 2472 illam
1322 2449 1342 2472 a
1368 2435 1551 2472 fidelibus

236 2494 504 2531 formidanda.
538 2496 587 2530 Et
620 2493 650 2530 si
685 2503 876 2542 queratur
909 2493 1004 2542 quid
1037 2493 1128 2531 talis
1161 2495 1404 2542 dampnatus
1435 2494 1551 2530 debet

236 2553 366 2589 facere
400 2560 436 2588 et
470 2552 641 2601 qualiter
675 2553 791 2588 debet
824 2553 935 2598 velle,
971 2552 1117 2588 dicitur
1150 2553 1271 2600 quod,
1306 2551 1407 2588 sicut
1440 2551 1550 2600 prius

236 2610 417 2659 peccavit
451 2619 591 2647 contra
620 2609 795 2658 primam
826 2610 1055 2658 potenciam
1088 2622 1164 2659 que
1187 2611 1317 2647 solum
1342 2618 1399 2647 est
1423 2609 1551 2646 activa

328 2790 424 2819 .DE:
446 2791 582 2819 volitam.
655 2799 682 2825 7.
704 2791 749 2818 A.
771 2790 873 2827 ipsum
895 2790 988 2818 deest.
1063 2790 1089 2818 8.
1111 2791 1155 2818 A:
1178 2789 1315 2818 Etenim
1338 2790 1361 2817 si
1384 2794 1549 2825 peccasset.

238 2834 271 2854 11
293 2826 317 2853 E
337 2826 366 2853 in
387 2834 483 2861 marg.
495 2836 500 2842 ·
495 2826 716 2865 Dampnatus
737 2826 761 2853 si
783 2834 843 2853 11011
867 2826 1027 2861 puniietui
1047 2830 1127 2852 esset
1147 2824 1288 2852 deterior.
1365 2833 1406 2859 19.
1428 2825 1471 2852 A:
1494 2825 1551 2851 sal-

237 2870 254 2887 1
258 2861 301 2888 z'ui
321 2861 456 2895 impune.
553 2869 600 2888 20.
622 2862 667 2889 A.
689 2869 826 2899 lmpune.
991 2861 1035 2888 A.
1056 2860 1218 2895 impuniti.
1309 2860 1354 2887 26.
1377 2861 1421 2887 A.
1443 2868 1478 2886 ex
1499 2868 1550 2893 ex;

237 2895 277 2922 ib.
298 2895 369 2923 ΑΕ.
391 2895 582 2935 condicione.
656 2896 701 2923 28
716 2896 789 2923 Ain
806 2903 918 2931 maig..
914 2905 919 2910 ·
943 2895 1120 2923 Conclusio.
1193 2893 1239 2922 30
1261 2894 1285 2922 E
1306 2894 1407 2922 addit·
1429 2902 1460 2921 se
1480 2901 1552 2921 con-

237 2929 507 2958 ti11ere.38.E
526 2930 557 2957 in
578 2938 693 2966 marg:
715 2930 798 2966 Quid
820 2931 1007 2966 dampnatus
1028 2930 1117 2957 debet
1136 2930 1220 2956 velle.

1354 2977 1414 3009 18*

1574 812 1625 839 Yet
1645 813 1715 849 they
1737 813 1837 839 would

1597 848 1630 873 bc
1651 856 1749 874 worse
1770 850 1808 874 011

1613 882 1741 908 wimout
1763 883 1794 909 il.

1593 1973 1661 2002 The
1681 1974 1813 2002 damned

1579 2009 1695 2037 remain
1718 2009 1777 2037 still
1799 2010 1828 2036 in

1660 2045 1745 2072 fault.
