1986 3380
161 930 198 950 10

163 1208 198 1240 15

159 1508 200 1529 20

161 2079 203 2110 30

163 2369 203 2402 35

222 284 357 312 sERMO
379 274 505 331 xxvi]
689 289 903 320 SECUNDA
931 289 1054 320 PARS.

216 395 333 431 istum
380 408 536 431 sensum
583 407 698 442 quem
748 404 906 442 reputas
952 408 1034 431 esse
1083 395 1274 431 maiorem
1322 394 1360 430 in
1407 407 1527 441 regno

217 454 414 499 celorum3
468 466 560 489 nam
616 454 690 488 hoc
735 453 829 488 satis
875 462 931 489 est
976 453 1091 489 nobis
1137 466 1391 500 cognoscere,
1438 465 1526 488 cuni

216 511 362 547 scimus
397 512 503 559 quod
537 519 604 546 tua
638 510 845 558 reputacio
881 520 936 546 est
969 511 1145 547 veritatis
1180 511 1341 547 decisio.

273 572 354 605 Nec
388 569 505 605 refert
539 568 617 604 sive
650 582 720 615 per
760 581 923 616 regnum
965 570 1142 605 celorum
1184 569 1429 616 intelligatur
1470 580 1529 603 ec-

216 627 335 663 clesia
371 626 543 662 militans
577 627 635 662 vel
670 626 923 674 triumphans
956 628 1016 663 vel
1049 636 1218 675 utraque
1260 625 1529 662 communiter

215 685 315 720 sicut
348 685 475 732 signat
519 696 665 720 nomen
715 685 892 720 ecclesie.
940 686 1051 721 Jesus
1099 694 1232 720 autem
1282 683 1417 720 docuit
1463 696 1529 719 eos

215 742 456 779 decisionem
492 742 606 777 huius
645 742 752 777 dubii
793 755 926 789 opere,
967 744 1148 790 exemplo
1183 752 1219 778 et
1253 741 1530 778 declaracione

215 801 363 836 verbali
409 813 611 848 expressa;
659 813 758 847 opus
803 809 937 836 autem
983 800 1055 836 fuit
1095 802 1203 848 quod
1235 803 1345 836 Jesus
1391 812 1531 835 vocans

210 859 420 907 parvulum
453 858 586 894 statuit
617 871 700 893 eum
740 858 775 893 in
816 859 940 894 medio
979 871 1111 894 eorum
1152 868 1360 907 tamquam
1402 857 1529 893 domi-

216 916 345 952 native
377 917 567 952 vallatum
603 925 638 951 et
673 917 721 952 ab
755 915 809 952 eis
854 925 1094 963 protectum.
1142 918 1393 964 Cognoscere
1438 928 1530 951 vero

215 974 302 1022 quis
336 973 408 1009 fuit
443 974 514 1010 iste
543 975 730 1021 parvulus
755 983 812 1010 est
836 974 950 1010 nobis
974 974 1235 1022 impertinens
1259 974 1359 1010 sicut
1383 972 1531 1009 noticia

216 1031 387 1068 nominis
421 1031 530 1068 canis
562 1032 729 1075 Thobie‚
776 1033 844 1068 sed
891 1032 1154 1080 probabiliter
1202 1033 1377 1068 creditur
1423 1032 1530 1079 quod

216 1090 286 1125 fuit
320 1089 518 1126 virtuosus
553 1098 589 1126 et
622 1090 929 1138 predestinatus.
964 1091 1097 1133 Amen,
1131 1090 1272 1139 inquit,
1307 1091 1391 1126 dico
1415 1090 1532 1131 vohis,

215 1148 289 1184 nisi
338 1149 515 1184 conversi
546 1148 711 1196 fueritis
755 1161 775 1184 a
820 1157 949 1184 vestra
1004 1148 1191 1196 superbia
1241 1157 1448 1184 tumorosa
1498 1155 1532 1182 et

214 1206 438 1256 efficiamini
469 1206 638 1242 humiles
670 1207 767 1242 sicut
784 1207 957 1255 parvuli,
990 1219 1062 1242 non
1093 1207 1284 1243 intrabitis
1307 1207 1342 1242 in
1368 1218 1530 1256 regnum

214 1265 396 1300 celorum.
440 1266 525 1310 Que
558 1264 759 1300 sentencia
799 1277 888 1300 cum
928 1264 1045 1300 fuerit
1078 1266 1260 1301 absolute
1294 1263 1531 1308 necessaria,

215 1324 371 1359 sedaret
416 1322 455 1358 in
500 1322 576 1358 illis
621 1322 919 1359 contenciosam
972 1323 1215 1370 superbiam.
1270 1322 1375 1368 Quid
1427 1321 1530 1358 enim

216 1382 377 1427 prodest
410 1380 553 1417 viatori
594 1393 835 1428 cognoscere
875 1380 1144 1417 maioritatem
1187 1380 1359 1417 hominis
1399 1381 1532 1428 quoad

216 1441 356 1484 Deum,
390 1438 465 1474 nisi
488 1439 589 1475 forte
612 1438 751 1486 prosit,
785 1447 827 1474 ut
850 1438 899 1475 sit
921 1438 1138 1475 virtuosior
1161 1448 1197 1475 et
1221 1441 1271 1475 ad
1301 1438 1530 1486 fugiendum

216 1505 381 1544 peccata
397 1496 637 1544 proclivior?
661 1499 708 1532 Et
732 1509 821 1533 cum
846 1497 929 1533 eius
952 1497 1183 1545 oppositum
1208 1509 1300 1545 sepe
1324 1495 1531 1543 contingit,

216 1563 325 1602 patet
364 1567 407 1591 ex
446 1554 705 1591 inenarrabili
739 1554 886 1591 Christi
926 1555 1146 1602 prudencia
1185 1557 1292 1603 quod
1332 1554 1406 1590 ista
1447 1567 1533 1590 sen-

216 1612 346 1649 tencia
374 1625 397 1648 a
426 1612 646 1649 viatoribus
683 1621 740 1649 est
776 1613 916 1649 celata.
952 1613 1101 1649 Exhinc
1138 1613 1241 1649 enim
1286 1612 1533 1660 contingeret

217 1672 324 1719 quod
375 1683 477 1707 unus
527 1671 576 1707 sit
621 1670 776 1719 reliquo
829 1671 1040 1719 superbior
1092 1680 1128 1707 et
1174 1671 1287 1707 alteri
1342 1670 1531 1707 confratri

217 1728 469 1777 indignacior
513 1738 632 1777 atque
678 1730 727 1765 ad
773 1730 1021 1777 peccandum
1069 1729 1259 1765 securior.
1309 1730 1535 1776 Operemur

217 1786 337 1834 igitur
369 1789 517 1824 bonum
553 1796 748 1835 quantum
784 1787 1017 1837 sufficimus,
1047 1787 1139 1835 quia
1169 1789 1276 1835 quod
1309 1789 1414 1825 Deus
1448 1786 1533 1822 uni—

218 1845 361 1894 cuique
384 1847 602 1881 secundum
630 1845 865 1893 dignitatem
890 1858 1001 1881 suam
1029 1845 1219 1881 retribuet
1244 1845 1339 1881 certi
1374 1857 1530 1885 sumusq

218 1912 254 1938 et
298 1903 528 1940 ulteriorem
584 1903 846 1952 precisionem
898 1903 1046 1939 noticie
1094 1903 1332 1940 1naioritatis
1378 1902 1533 1951 expedit

218 1961 439 1998 viatoribus
473 1962 671 2010 ignorare.

277 2021 390 2057 Unde
420 2022 467 2056 de
498 2020 725 2056 maioritate
748 2020 853 2055 Petri
883 2033 1002 2068 super
1024 2021 1247 2056 Johannem
1279 2020 1339 2056 vel
1371 2028 1534 2055 econtra

219 2087 287 2114 aut
319 2077 430 2114 Pauli
471 2091 589 2127 super
628 2079 798 2115 alterum
840 2091 978 2114 eorum
1019 2079 1079 2115 vel
1118 2078 1390 2126 cuiuscunque
1429 2077 1533 2113 beati

219 2148 338 2184 super
377 2136 576 2184 reliquum
624 2146 680 2173 est
719 2149 864 2173 vanum
911 2136 1026 2173 nobis
1074 2137 1330 2173 contendere.
1378 2137 1534 2184 Suppo—

219 2194 410 2230 sicionem
463 2203 596 2231 autem
650 2196 796 2231 habere
848 2207 1062 2242 possumus
1112 2194 1228 2230 nobis
1280 2194 1532 2242 probabilem

220 2251 331 2288 cuius
347 2252 716 2290 consideracionem
735 2254 926 2289 debemus
941 2253 1075 2289 statim
1094 2252 1308 2289 dimittere.
1326 2253 1412 2289 Stat
1429 2251 1532 2289 enim

220 2311 327 2358 quod
380 2312 496 2347 Petro
548 2320 709 2359 pastore
762 2310 969 2347 militantis
1021 2310 1186 2347 ecclesie
1243 2311 1333 2347 loco
1384 2309 1532 2346 Christi

218 2369 418 2405 Johannes
448 2369 782 2417 contemplativus
812 2369 860 2405 sit
890 2368 1091 2411 sanccior:
1126 2381 1215 2405 cum
1246 2381 1325 2404 non
1357 2368 1536 2417 sequitur

220 2428 359 2463 Petrus
410 2427 704 2475 prerogativam
752 2428 870 2463 habet
921 2427 959 2462 in
1006 2427 1082 2463 isto
1134 2439 1254 2475 super
1297 2427 1534 2470 johannem,

221 2497 314 2532 ergo
344 2493 401 2521 est
429 2485 667 2534 simpliciter
690 2497 736 2521 eo
766 2485 915 2531 maior3
949 2493 1044 2521 tunc
1073 2485 1178 2521 enim
1204 2484 1371 2533 quilibet
1397 2486 1534 2521 beatus

220 2543 321 2578 foret
364 2543 600 2592 simpliciter
650 2543 779 2580 maior
823 2556 943 2592 quam
995 2542 1095 2579 alius
1146 2551 1184 2580 et
1228 2551 1412 2588 econtra:
1464 2554 1536 2578 nec

290 2687 319 2708 4.
341 2678 366 2705 D
387 2678 417 2706 in
439 2686 553 2713 marg.:
583 2677 747 2709 Doctrina:
776 2678 805 2705 A
833 2677 864 2704 in
894 2685 1007 2712 marg:
1037 2676 1175 2711 Regnum
1204 2677 1341 2704 celorum
1362 2676 1535 2712 dupliciter.

222 2713 250 2740 6.
272 2712 340 2740 DE:
362 2713 440 2740 sicut
461 2714 555 2740 deest.
628 2711 655 2740 8.
677 2712 746 2739 DE:
769 2717 868 2739 autem
891 2712 984 2739 deest.
1059 2705 1099 2739 16.
1120 2713 1165 2740 A:
1187 2720 1256 2739 curn
1280 2712 1327 2740 sit.
1403 2720 1441 2746 17.
1463 2711 1487 2738 E
1506 2713 1535 2738 in

222 2756 335 2783 marg:
357 2747 442 2776 Scire
463 2748 667 2775 maioritatem
689 2747 790 2781 quoad
813 2747 910 2774 Deum
932 2755 993 2774 non
1016 2747 1141 2782 prodest
1161 2747 1291 2774 homini.
1393 2754 1436 2773 22.
1459 2746 1498 2773 E:
1520 2755 1535 2773 a

222 2783 388 2810 extinctum
408 2787 463 2810 est.
615 2782 656 2810 25.
678 2782 744 2809 DE:
767 2790 855 2817 ergo:
886 2782 926 2809 ib.
948 2781 1016 2808 DE:
1045 2782 1127 2816 quod
1149 2782 1248 2815 deest;
1279 2783 1323 2809 A:
1351 2781 1421 2816 quia
1442 2781 1536 2807 deest.

222 2816 267 2851 34.
289 2817 358 2844 DE:
380 2817 459 2845 Petri
481 2817 624 2852 pastoris.
698 2816 743 2844 38.
765 2818 808 2843 A:
831 2821 859 2843 et
879 2817 973 2843 deest.

300 2924 347 2945 12.
376 2913 428 2945 Cf.
457 2913 506 2944 De
533 2912 700 2953 Ecclesia,
728 2922 805 2955 pag.
834 2910 909 2955 276.

1572 690 1675 717 (jin-ist
1697 690 1798 725 taught

1558 726 1617 751 that
1642 730 1660 751 11
1685 734 1745 751 uas
1769 729 1819 751 not

1563 760 1640 794 good
1665 760 1711 786 sor
1732 760 1812 786 them

1609 799 1638 820 lo
1661 796 1759 820 know.

1559 2024 1618 2052 We
1641 2025 1749 2051 should
1773 2028 1824 2051 not

1576 2060 1697 2094 dispute
1718 2068 1750 2086 as
1771 2064 1801 2086 ιο

1580 2095 1679 2121 which
1701 2095 1735 2121 of
1752 2095 1800 2121 the

1579 2130 1713 2164 apostlcs
1734 2138 1798 2156 was

1619 2169 1759 2199 greatest.
