1986 3380
165 308 237 352 148

154 1416 238 1453 Μαι-Υ
261 1417 419 1452 Magdalen

170 1453 298 1491 accused
319 1452 403 1480 three

238 1492 338 1514 times.

153 1942 261 1970 Active
282 1942 332 1970 life
348 1942 427 1970 aims

164 1982 193 2005 at
213 1978 263 2004 the
283 1977 363 2013 good
384 1978 418 2005 of

203 2012 254 2040 the
276 2012 373 2048 body;

165 2233 413 2269 contemplative,

166 2273 193 2295 at
215 2269 264 2295 the
284 2268 364 2303 good
385 2268 420 2295 of

217 2303 267 2330 the
288 2303 364 2330 soul.

742 315 966 346 JOHANle
987 315 1167 347 wrctir
1187 316 1442 348 sERMONUM
1517 301 1668 359 [SERMO
1689 313 1756 341 xx·

445 422 562 457 Petro
596 421 737 457 melior
770 433 890 469 quam
925 421 1025 457 foret
1057 433 1162 457 nunc
1195 421 1275 458 vita
1300 421 1626 470 contemplativa,
1662 434 1754 470 ergo

444 479 523 515 vita
556 479 685 516 activa
718 489 774 515 est
809 479 949 515 melior
993 491 1113 527 quam
1160 480 1484 528 contemplativa,
1533 492 1624 517 cum
1673 489 1754 516 tam

444 537 484 574 in
517 537 577 573 via
612 550 731 586 quarn
767 537 804 572 in
838 536 968 585 patria
1001 536 1050 573 sit
1075 537 1163 574 finis
1187 539 1313 575 active
1344 547 1380 574 et
1403 549 1474 586 per
1507 550 1754 587 consequens

445 595 586 631 melior
619 608 663 632 ac
694 595 936 631 fructuosior
960 608 1079 643 quam
1106 596 1280 632 medium
1305 598 1355 633 ad
1379 597 1484 632 hunc
1509 596 1640 633 finem.
1676 599 1755 632 Nec

443 653 639 702 sequitur:
681 653 768 689 Vita
808 653 936 689 activa
976 662 1032 689 est
1077 654 1319 691 fructuosior
1357 654 1396 690 in
1436 655 1541 691 bono
1579 654 1789 691 sensibili5

443 713 661 748 secundum
697 711 997 759 reputacionem
1034 714 1293 758 mundanam,
1329 725 1423 760 ergo
1448 721 1504 748 est
1529 713 1683 753 melior,
1718 721 1754 748 et

443 769 496 806 ita
529 782 609 805 non
641 769 840 817 sequitur:
881 771 987 817 Papa
1028 771 1087 807 rel
1121 770 1348 819 quicunque
1382 771 1544 818 angelus
1584 773 1631 807 de
1671 771 1755 807 celo

443 828 497 863 sic
531 827 683 873 asserit,
718 840 812 875 crgo
851 841 1001 873 rerum,
1043 841 1132 865 cum
1165 828 1322 865 Veritas
1361 841 1437 877 que
1477 829 1637 865 mentiri
1675 841 1755 865 non

443 886 589 933 poterit
634 885 779 922 diflinit
823 887 931 934 quod
975 886 1102 923 Maria
1147 886 1185 923 in
1228 887 1397 924 vivendo
1446 886 1756 936 contemplative

443 943 636 992 optimam
672 953 828 992 partem
863 943 991 992 clegit.
1031 944 1120 981 Vita
1153 945 1288 994 itaque
1327 945 1457 982 activa
1497 945 1588 981 licet
1628 944 1676 981 sit
1716 945 1813 980 in10

443 1001 627 1050 populari
661 1002 887 1049 laudabilis,
933 1002 1012 1039 vita
1056 1012 1190 1039 tamen
1236 1003 1549 1051 contemplativa
1595 1015 1670 1052 quc
1716 1002 1755 1038 in

442 1062 651 1097 sacerdote
668 1060 815 1097 Christi
839 1062 954 1097 debet
979 1074 1061 1097 esse
1077 1061 1268 1098 continua
1285 1071 1341 1098 est
1358 1061 1510 1107 melior,
1531 1062 1756 1110 quomodo-

443 1131 599 1167 cunque
645 1119 876 1156 anhelantes
921 1120 970 1155 ad
1015 1120 1195 1156 seculare
1239 1119 1462 1156 dominium
1514 1120 1573 1156 vel
1618 1119 1755 1155 mundi

443 1176 607 1213 divicias
647 1186 840 1214 eructent.
886 1176 1012 1213 Aliter
1056 1177 1160 1214 enim
1199 1177 1356 1214 Veritas
1401 1190 1482 1214 non
1527 1178 1756 1214 defenderet

442 1245 597 1284 partem
622 1235 759 1271 Marie.
792 1235 937 1271 Tribus
961 1234 1123 1284 quidem
1146 1235 1298 1272 vicibus
1321 1235 1465 1284 legitur
1488 1235 1527 1271 in
1552 1235 1756 1283 evangelio
1776 1238 1813 1270 15

443 1295 549 1342 quod
599 1294 669 1329 hec
715 1293 843 1330 Maria
889 1294 1017 1330 fuerat
1061 1302 1269 1330 accusata:
1321 1293 1456 1330 Primo
1509 1306 1531 1330 a
1582 1296 1756 1341 Syrnone

442 1351 628 1399 phariseo
655 1353 775 1398 (Luce
798 1353 916 1398 Vll0),
952 1364 998 1388 eo
1022 1353 1131 1400 quod
1154 1360 1265 1389 tanta
1287 1351 1488 1400 peccatrix
1511 1351 1755 1400 presumpsit

442 1410 644 1457 tangendo
677 1422 824 1457 ungere
858 1418 1014 1446 tantum
1042 1418 1240 1456 sanctum,
1276 1411 1345 1446 sed
1368 1409 1516 1446 ibidem
1550 1423 1572 1446 a
1595 1410 1755 1447 Christo

441 1468 570 1504 fuerat
623 1469 907 1505 commendata
960 1469 1017 1516 (ut
1068 1478 1178 1516 patet
1239 1481 1426 1505 sermone
1477 1469 1755 1517 precedente);

442 1527 619 1563 secundo
643 1538 665 1562 a
687 1528 788 1562 Juda
819 1528 867 1563 de
889 1526 1173 1575 prodigalitate
1199 1528 1300 1575 (Joh.
1325 1527 1447 1575 XII0),
1482 1528 1553 1563 sed
1576 1526 1757 1563 Christus
1773 1540 1813 1561 20

443 1597 529 1621 eam
564 1593 724 1621 excusat
757 1597 828 1633 per
859 1586 936 1622 hoc
969 1586 1078 1634 quod
1115 1584 1188 1621 fuit
1228 1593 1338 1622 mota
1369 1597 1392 1621 a
1425 1584 1576 1634 Spiritu
1609 1586 1757 1622 Sancto

443 1644 493 1679 ad
531 1643 780 1691 sepulturam
815 1642 978 1679 Domini
1024 1643 1292 1691 figurandum,
1337 1642 1462 1679 tercio
1507 1652 1641 1680 autem
1685 1642 1758 1679 fuit

443 1710 630 1738 accusata
673 1702 742 1737 sed
785 1701 909 1737 levius
961 1703 1083 1747 (Luce
1121 1702 1207 1750 XO),
1253 1700 1320 1738 ubi
1359 1701 1513 1738 Veritas
1559 1700 1758 1737 diffiniens

443 1758 653 1805 excusavit,
688 1759 782 1807 quia
813 1760 996 1809 optimam
1024 1767 1178 1809 partem
1212 1760 1340 1810 elegit.
1374 1761 1489 1796 Unde
1512 1759 1606 1808 quia
1629 1758 1758 1796 maior

441 1830 534 1866 pars
567 1817 814 1854 difficultatis
846 1817 959 1854 istius
990 1817 1156 1854 materie
1184 1826 1262 1854 stat
1290 1818 1329 1854 in
1353 1820 1400 1854 de
1424 1817 1618 1867 quiditate
1641 1817 1758 1853 huius
1774 1822 1813 1855 25

440 1875 531 1921 vite,
565 1875 655 1911 ideo
689 1875 834 1912 dicitur
867 1876 1130 1924 probabiliter
1163 1877 1270 1925 quod
1302 1875 1382 1913 vita
1415 1875 1543 1913 activa
1581 1875 1631 1912 sit
1670 1888 1756 1912 cor-

441 1933 592 1982 poralis
624 1933 703 1970 vita
736 1933 1032 1971 deliberacione
1071 1933 1276 1971 meritoria
1322 1933 1466 1971 viantis
1511 1935 1561 1971 ad
1605 1935 1753 1971 bonum

442 1991 623 2040 corporis
662 1991 794 2040 primo
834 2002 871 2029 et
910 1992 1186 2041 principaliter
1224 1992 1452 2029 terminata.
1492 1991 1582 2029 Vita
1620 2000 1754 2029 autem

442 2049 753 2098 contemplativa
787 2059 844 2086 est
875 2050 956 2087 vita
978 2050 1154 2087 virtuosa
1177 2050 1351 2087 hominis
1375 2051 1425 2088 ad
1448 2051 1599 2087 bonurn
1622 2049 1755 2087 anime

441 2107 573 2157 primo
606 2117 643 2144 et
675 2108 951 2157 principaliter
983 2109 1209 2146 terminata.
1243 2108 1334 2146 Vita
1366 2117 1500 2146 autem
1532 2116 1675 2145 neutra
1698 2116 1755 2144 est
1771 2113 1814 2146 30

440 2165 619 2203 virtuosa
651 2166 849 2203 sensibilis
881 2168 931 2204 ad
964 2168 1114 2204 bonum
1148 2167 1329 2216 corporis
1362 2166 1494 2216 primo
1534 2175 1571 2203 et
1609 2165 1755 2215 princi-

441 2223 586 2272 paliter
617 2224 846 2262 terminata.
879 2225 990 2262 Vitas
1023 2235 1158 2262 autem
1189 2225 1358 2263 viciosas
1390 2238 1471 2262 non
1503 2233 1616 2262 curat
1645 2225 1756 2261 theo-

442 2283 567 2330 logus,
613 2282 714 2319 sicut
758 2296 830 2320 nec
875 2285 983 2332 quod
1027 2283 1107 2320 vita
1140 2283 1362 2333 corporalis
1395 2292 1431 2320 et
1463 2282 1682 2332 spiritualis
1715 2294 1755 2319 se

442 2340 612 2377 invicem
633 2341 878 2378 comitantur
894 2351 961 2378 aut
984 2344 1092 2390 quod
1106 2341 1187 2380 vita
1210 2341 1331 2379 mixta
1354 2343 1574 2379 secundum
1599 2349 1752 2390 partem

443 2398 789 2436 denominacionis
822 2399 1037 2449 participat
1067 2399 1287 2450 utriusque,
1324 2409 1361 2437 et
1390 2400 1498 2449 quod
1519 2412 1600 2436 non
1624 2397 1755 2436 omnis
1772 2401 1812 2434 35

512 2566 538 2603 3,
558 2577 589 2603 4.
609 2569 655 2596 A:
675 2576 769 2605 quam
787 2584 821 2588 —
841 2568 1030 2597 fructuosior
1050 2568 1145 2596 deest.
1229 2577 1270 2597 10.
1291 2569 1335 2597 A:
1355 2568 1427 2596 Vita
1447 2567 1541 2596 deest.
1624 2575 1662 2596 12.
1684 2566 1752 2596 DE:

444 2602 560 2631 Christi
580 2602 674 2630 deest.
819 2604 856 2632 15.
877 2605 906 2631 A
926 2603 955 2631 in
978 2612 1091 2639 marg:
1122 2603 1218 2631 Maria
1238 2603 1419 2639 Magdalena
1439 2603 1538 2630 tribus
1558 2601 1678 2630 vicibus
1698 2602 1754 2630 fuit

445 2642 585 2665 accusata
605 2637 634 2665 i11
656 2638 830 2673 evangeli03
861 2638 885 2666 E
905 2639 934 2666 in
957 2647 1070 2673 marg:
1092 2638 1188 2666 Maria
1208 2642 1359 2666 accusata.
1439 2645 1478 2673 17.
1500 2636 1568 2665 DE:
1589 2637 1670 2665 Luce
1686 2637 1755 2665 Vll-²

444 2673 538 2699 deest.
597 2681 638 2708 ¹9-
660 2673 700 2700 E:
723 2681 864 2700 sermone
886 2673 965 2701 XIII.
1021 2682 1068 2700 20.
1082 2674 1127 2701 A:
1157 2673 1386 2709 wodegalitate3
1407 2671 1447 2699 ib.
1463 2673 1508 2699 A:
1530 2672 1574 2700 sic
1593 2671 1753 2703 Christus:

443 2706 516 2735 Ain
533 2715 644 2743 marg:
668 2715 688 2741 1,
704 2714 730 2741 2,
745 2706 770 2734 3.
843 2715 858 2735 2
885 2728 890 2734 .
910 2709 940 2735 A
959 2707 988 2735 in
1011 2716 1124 2743 marg.:
1176 2707 1216 2735 ita
1236 2706 1485 2743 contemplativa,
1507 2707 1615 2741 activa,
1636 2711 1753 2734 neutra.

444 2741 486 2769 25.
507 2741 628 2780 Rectius
649 2741 828 2778 legendum:
856 2717 1044 2769 difficultatis
1069 2741 1158 2769 istius
1185 2746 1244 2770 stat
1263 2743 1293 2770 in
1315 2741 1441 2769 materia
1461 2741 1502 2780 de·
1519 2741 1683 2777 quiditate3
1714 2741 1753 2768 ib.

445 2776 513 2804 DE:
535 2776 626 2804 illius.
751 2779 797 2803 20.
819 2778 848 2804 A
868 2777 897 2804 in
920 2785 1034 2812 marga
1057 2776 1139 2811 Quid
1161 2781 1206 2804 est
1226 2776 1286 2804 vita
1306 2776 1420 2811 activa3
1450 2775 1475 2803 D
1497 2784 1525 2803 m
1549 2784 1662 2812 marg.:
1683 2775 1754 2804 Vita

445 2810 560 2846 activa;
590 2812 615 2840 Ε
634 2810 664 2838 in
686 2819 799 2845 marg.:
822 2811 892 2839 Vita
911 2811 1019 2843 activa,
1042 2811 1101 2838 vita
1123 2811 1356 2839 deliberacione.
1452 2818 1496 2846 27.
1520 2810 1558 2838 E:
1579 2811 1616 2838 de
1636 2810 1755 2838 labora—

445 2846 541 2873 cione.
614 2845 660 2873 28.
680 2846 710 2873 A
729 2845 759 2872 in
782 2854 895 2881 marg:
918 2845 1000 2880 Quid
1023 2850 1068 2872 est
1089 2846 1148 2873 xita
1169 2845 1417 2882 contemplativa,
1438 2845 1511 2881 quid
1533 2849 1656 2879 neutra;
1676 2845 1702 2872 D
1722 2844 1753 2872 in

446 2888 512 2908 mar
536 2890 560 2907 .:
591 2878 663 2908 Vita
695 2880 949 2916 contemplativa;
987 2881 1007 2907 r:
1040 2880 1069 2907 iu
1105 2888 1218 2915 marg:
1250 2880 1321 2908 Vita
1354 2880 1602 2915 contemplativa,
1636 2884 1752 2907 neutra.

444 2923 491 2950 29.
514 2889 584 2942 fui:
607 2914 743 2942 hominis
763 2915 855 2942 deest.
970 2914 1012 2942 32.
1036 2914 1103 2942 lm:
1127 2915 1186 2943 vita
1207 2919 1318 2942 autem.
1425 2913 1468 2943 33.
1489 2915 1533 2944 A:
1555 2914 1637 2951 quod
1659 2914 1752 2942 deest.

444 2948 487 2978 35.
510 2949 578 2977 DE:
602 2954 740 2985 utroque.
