1986 3380
174 318 198 349 4
762 312 985 344 JOHANNJs
1006 312 1188 344 WYCLIF
1209 313 1467 344 SERMONUM
1580 298 1730 356 [SERMO
1753 310 1772 336 1-

208 429 274 466 Ἡμ-
295 427 408 468 auge-is·
464 418 678 455 exercitum
700 420 954 455 tenebrarum
979 418 1166 455 dicuntur
1191 418 1358 458 milicia2
1383 418 1437 454 illi
1460 427 1593 455 autem
1614 419 1773 454 laudant

186 472 284 498 punse
305 467 334 489 ‘¹¹
357 462 436 489 “¹⁰³¹
464 477 588 512 Deum
614 486 777 525 propter
801 489 962 513 causam
990 476 1266 525 multiplicem.
1291 476 1384 525 quia
1408 478 1482 512 hoc
1506 486 1562 512 est
1594 475 1772 524 ipsorum

463 534 640 571 officium
698 534 736 570 in
782 548 860 583 quo
906 534 1204 575 beatificantur:
1250 536 1425 571 secundo
1470 533 1563 583 quia
1610 543 1774 582 propter

464 592 788 629 incarnacionem
827 606 966 629 eorum
1007 593 1212 630 beatitudo
1253 605 1321 641 per
1360 592 1544 629 accidens
1584 604 1772 639 augmen-

463 660 583 697 tatur,
618 661 655 687 et
677 651 802 688 tercio
826 651 919 700 quia
943 664 986 687 ex
1010 652 1162 688 fervore
1195 651 1373 688 caritatis
1405 651 1632 698 gaudebant
1665 651 1772 698 quod
1792 653 1808 685 5

464 709 645 746 homines
685 709 866 746 concives
905 709 964 745 sui
1006 710 1164 746 fuerunt
1198 709 1300 745 datis
1333 708 1433 746 arris
1467 722 1536 756 per
1569 707 1773 745 Christum

465 769 591 803 Deum
638 777 674 804 et
718 767 922 804 hominem
968 777 1049 804 tam
1098 767 1373 815 sollempniter
1418 765 1652 803 redimendi.
1699 767 1775 802 Sed

465 825 558 873 quia
597 839 678 862 non
717 838 855 862 omnes
895 826 1076 863 homines
1117 825 1280 873 capiunt
1313 825 1431 861 istum
1467 825 1652 865 fructum,
1687 823 1776 860 ideo

465 893 681 932 postquam
715 884 876 921 insolita
910 884 1126 921 multitudo
1149 883 1355 920 celestium
1379 882 1539 919 testium
1564 882 1672 918 dedit
1694 882 1777 929 glo-

465 941 566 978 riam
592 944 674 979 Deo
705 942 745 978 in
774 941 979 979 altissimis
1010 942 1218 987 habitanti,
1255 941 1460 990 specificat
1493 940 1560 989 qui
1595 940 1778 977 homines
1800 954 1836 975 10

465 999 505 1036 in
527 1009 634 1037 terra
666 1009 757 1037 sunt
790 1000 925 1049 gaudii
959 1000 1074 1036 huius
1107 999 1342 1048 participes3
1376 1008 1413 1035 et
1446 1007 1536 1034 sunt
1561 998 1614 1034 hii
1647 998 1777 1034 solum

465 1057 532 1106 qui
556 1057 595 1094 in
619 1058 812 1095 altissima
828 1058 1015 1106 potencia
1030 1058 1192 1095 volitiva
1217 1059 1363 1094 habent
1387 1056 1560 1093 leticiam
1586 1055 1776 1093 caritatis.

465 1118 632 1152 Fructus
672 1126 805 1153 autem
844 1116 979 1164 gaudii
1012 1116 1128 1152 huius
1161 1125 1217 1152 est
1251 1128 1325 1163 pax
1356 1127 1449 1151 vera
1482 1114 1654 1151 hominis
1688 1126 1776 1150 cum

467 1175 562 1219 Deo,
599 1187 689 1210 cum
724 1174 906 1223 proximo
945 1183 982 1211 et
1015 1187 1054 1211 se
1086 1173 1187 1222 ipso.
1222 1176 1341 1209 Istam
1376 1181 1508 1209 autem
1543 1185 1684 1220 pacem
1716 1184 1778 1208 so-

465 1232 546 1267 lum
574 1232 720 1269 habent
749 1232 816 1281 qui
848 1245 891 1268 ex
922 1232 1088 1269 caritate
1117 1241 1207 1268 sunt
1237 1230 1453 1279 participes
1477 1229 1624 1267 Christi
1649 1228 1836 1266 domi-15

465 1289 520 1325 nii
567 1298 604 1326 et
650 1290 704 1327 sic
742 1300 825 1327 tam
865 1289 1110 1338 pauperibus
1149 1301 1270 1338 quam
1310 1288 1448 1324 mundi
1488 1287 1677 1324 divitibus
1719 1296 1777 1324 est

467 1348 692 1384 communis
725 1348 843 1384 simul
877 1347 1096 1396 acquisicio
1129 1346 1240 1395 regni
1273 1347 1464 1383 celorum.

525 1406 742 1454 Supposita
781 1415 823 1442 ut
862 1405 939 1442 fide
973 1405 1141 1442 historia
1173 1417 1293 1454 quam
1328 1403 1497 1452 explicat
1529 1402 1778 1451 evangelium

467 1473 503 1500 et
536 1465 614 1501 alia
646 1473 760 1512 parte
793 1463 1053 1512 superaddita
1085 1462 1293 1512 supposita
1330 1461 1531 1511 probabili
1564 1461 1670 1498 circa
1703 1461 1779 1497 hoc

467 1522 715 1571 evangelium
761 1531 894 1570 potest
938 1521 1214 1570 multipliciter
1258 1519 1447 1565 dubitari,
1499 1521 1569 1556 sed
1613 1518 1778 1555 dimisso
1794 1533 1838 1555 20

178 1590 311 1629 (jin-ist's
335 1589 414 1616 birth
436 1592 585 1617 asensu
621 1580 778 1617 mistico
807 1581 1031 1617 notandum
1062 1588 1119 1616 est
1148 1580 1255 1628 quod
1286 1577 1433 1616 Christi
1462 1576 1648 1614 nativitas
1678 1577 1778 1613 foret

209 1625 421 1686 hffssissafi‘ssstffssssc·
468 1638 542 1675 toti
586 1639 763 1675 humano
808 1637 943 1686 generi
988 1647 1024 1674 et
1071 1637 1299 1686 specialiter
1344 1635 1532 1673 divitibus
1571 1634 1777 1683 gaudiosa,

467 1709 561 1733 nam
607 1696 674 1732 ubi
719 1696 829 1745 prius
874 1697 1099 1733 habuerunt
1143 1695 1273 1732 solum
1314 1696 1441 1731 Deum
1481 1692 1777 1739 absconditum,

468 1754 547 1790 iarn
599 1755 746 1791 habent
795 1754 988 1791 infantem
1039 1766 1209 1802 puerum
1255 1761 1292 1789 et
1336 1752 1518 1789 adultum
1563 1764 1652 1788 cum
1699 1763 1779 1800 quo

468 1821 635 1860 possunt
679 1811 1006 1849 amicabilissime
1050 1820 1224 1848 tractare
1275 1810 1457 1847 homines
1508 1809 1781 1857 cuiuscunque
1798 1812 1836 1845 25

469 1879 595 1906 status
639 1870 852 1907 laudabilis
897 1883 971 1919 pro
1010 1869 1257 1906 beatitudine
1296 1867 1553 1917 acquirenda.
1595 1867 1634 1903 Si
1674 1866 1779 1903 enirn

470 1940 666 1977 pauperes
710 1928 820 1965 illam
872 1928 1060 1965 affectant
1111 1927 1212 1964 sicut
1262 1925 1566 1971 necessitantur,
1619 1924 1780 1961 Christo

470 1986 632 2023 homine
663 1987 797 2023 nullus
829 1985 902 2022 fuit
934 1985 1151 2034 pauperior
1182 1985 1242 2022 vel
1275 1983 1523 2032 indigencior
1556 1991 1623 2020 aut
1657 1983 1780 2019 collo-

469 2044 627 2080 cucioni
660 2043 908 2090 familiarior,
933 2057 1022 2080 curn
1057 2043 1106 2080 sit
1135 2056 1232 2092 puer
1266 2044 1313 2079 de
1345 2051 1451 2079 statu
1484 2040 1717 2077 innocencie
1741 2039 1781 2076 in

471 2102 643 2139 maxima
672 2101 852 2139 caritate.
887 2101 927 2139 Si
955 2110 1089 2138 autem
1113 2110 1470 2150 quantumcunque
1499 2100 1650 2135 mundo
1674 2098 1782 2135 dives
1797 2101 1840 2134 30

468 2159 597 2196 viator
642 2160 759 2197 fuerit
803 2172 994 2197 accensus
1032 2159 1198 2196 caritate
1237 2158 1440 2204 facillima,
1479 2158 1611 2194 nullus
1650 2164 1782 2204 potest

470 2230 553 2254 esse
570 2217 730 2255 Christo
745 2217 913 2255 divicior
934 2217 1060 2254 eciam
1082 2216 1326 2263 humanitus,
1345 2229 1435 2252 cum
1452 2217 1509 2262 (ut
1526 2215 1781 2252 Psalm.V1110

471 2275 631 2324 dicitur)
678 2277 803 2312 omnia
847 2285 1006 2312 terrena
1049 2276 1214 2312 subiecta
1258 2282 1346 2312 sunt
1387 2274 1456 2311 sub
1489 2273 1652 2323 pedibus
1689 2272 1781 2319 eius,

471 2342 507 2369 et
540 2333 596 2370 sic
627 2333 751 2370 nichil
781 2342 838 2370 est
868 2332 1131 2371 affectabilius
1155 2332 1308 2369 homini
1331 2333 1464 2381 quoad
1490 2331 1623 2376 finem,
1648 2330 1781 2378 quoad

470 2390 712 2439 principium
747 2401 783 2428 et
816 2393 949 2440 quoad
985 2391 1159 2428 medium
1194 2390 1502 2439 acquirendum:
1545 2400 1635 2424 curn
1675 2386 1780 2424 enim
1799 2390 1838 2422 35

470 2448 510 2484 in
533 2458 812 2498 paupertatem
836 2463 946 2486 suam
972 2458 1088 2487 sonat
1111 2448 1322 2498 perfeccio,
1345 2456 1456 2496 patet
1479 2447 1587 2496 quod
1612 2457 1782 2494 pauper-

470 2515 593 2543 tatem
633 2507 742 2544 illam
783 2520 938 2543 summe
974 2515 1192 2556 receperat,
1232 2515 1270 2543 et
1302 2519 1392 2543 cum
1425 2505 1466 2542 in
1497 2503 1650 2541 diviciis
1682 2504 1782 2539 bene

471 2563 627 2602 usitatis
664 2565 770 2602 lucet
813 2564 1025 2614 perfeccio,
1070 2573 1180 2614 patet
1224 2565 1332 2614 quod
1369 2575 1490 2600 nemo
1529 2569 1660 2610 potest
1697 2572 1782 2597 esse

540 2706 566 2730 2.
588 2697 614 2731 3,
634 2698 657 2726 5.
679 2699 707 2726 A
727 2698 756 2725 in
779 2706 892 2733 marg:
916 2706 936 2729 1,
952 2705 978 2733 2,
993 2696 1018 2725 3.
1060 2718 1064 2724 .
1091 2697 1170 2726 513:
1191 2697 1274 2733 quod
1295 2705 1340 2724 ex.
1414 2696 1438 2727 5.
1454 2695 1482 2723 6.
1504 2696 1548 2723 A:
1570 2694 1652 2730 quod
1673 2702 1782 2722 omnes

471 2733 623 2760 concives.
714 2741 740 2768 7.
762 2732 801 2760 1⁴3:
825 2732 972 2760 rediendi.
1072 2732 1098 2758 8.
1121 2733 1164 2759 A:
1187 2731 1257 2767 quia
1278 2731 1378 2764 dcest;
1408 2731 1448 2758 ib.
1470 2731 1514 2758 A:
1537 2730 1618 2756 hunc
1637 2729 1781 2756 fructum.

474 2776 510 2795 12.
534 2769 577 2796 A:
601 2768 745 2795 volutiva.
856 2776 895 2801 ¹4-
917 2767 946 2794 A
966 2767 995 2794 111
1019 2774 1132 2803 marg.:
1156 2767 1214 2793 l'ax
1236 2765 1354 2801 triplex.
1465 2765 1501 2797 15,
1525 2764 1564 2792 16.
1587 2764 1630 2791 A:
1652 2763 1781 2791 domini.

474 2811 511 2837 17.
533 2803 577 2830 A:
600 2802 677 2830 sicut
698 2802 875 2838 aequis-icio.
943 2802 980 2829 18.
1003 2801 1045 2828 A:
1091 2805 1172 2828 nant.
1234 2808 1277 2828 22.
1299 2801 1342 2827 A:
1363 2805 1389 2827 cl
1411 2799 1510 2831 deest;
1533 2798 1571 2826 ib.
1589 2798 1613 2825 l)
1635 2798 1663 2825 111
1686 2807 1782 2831 maru.

472 2845 540 2872 sup.
563 2837 612 2864 1¹01.
633 2842 682 2864 2⁸:
713 2836 866 2864 Nativitas
893 2835 1006 2863 Christi
1034 2835 1070 2862 de
1095 2840 1122 2862 ct
1147 2844 1213 2862 csse
1240 2834 1293 2862 toti
1322 2835 1457 2862 humano
1486 2833 1586 2868 generi
1615 2833 1782 2871 gaudiosa;

472 2871 511 2899 ib.
527 2873 571 2899 A:
594 2871 741 2899 divitibus
756 2871 849 2898 deest.
899 2870 1026 2906 27.1)l·‡:
1050 2870 1272 2897 necessitantur
1291 2877 1359 2896 enm
1404 2868 1514 2896 uolibel
1538 2869 1661 2895 homine
1683 2868 1783 2895 nullus

473 2906 607 2934 Christo.
645 2907 690 2934 28.
709 2905 774 2933 1³13:
797 2905 852 2933 suit
868 2905 1075 2932 uil'abiliarior.
1122 2903 1162 2931 32.
1179 2905 1222 2932 A:
1245 2904 1359 2938 dicior3
1381 2904 1419 2931 in.
1437 2903 1553 2931 C‹›dd.:
1575 2901 1626 2930 IV.
1644 2902 1781 2930 correxi.

473 2940 518 2969 Izi).
534 2942 576 2969 A:
595 2941 747 2976 profecto:
770 2941 810 2967 li:
827 2940 961 2967 alleccia
1001 2938 1044 2974 37,
1060 2938 1104 2967 38.
1117 2939 1160 2966 A:
1177 2938 1304 2966 divicias
1322 2939 1396 2966 benc
1410 2937 1537 2966 usitatas
1552 2937 1619 2964 licet
1635 2936 1781 2972 profecto.
