1986 3380
208 275 343 304 SERMO
366 262 448 321 νη]
672 279 889 311 sECUNDA
915 278 1042 311 PARS.

205 395 337 423 autem
374 386 520 422 Christi
558 394 648 422 ante
688 387 788 422 hanc
827 387 967 421 horam
1009 385 1254 433 reliquerunt
1289 383 1516 419 meritorius

207 454 243 481 et
272 443 449 480 securius
480 445 550 480 hec
582 445 802 487 mundana3
833 456 904 480 nec
934 451 1093 491 oportet
1123 441 1154 478 si
1185 443 1306 477 homo
1331 441 1518 488 relinquit

206 502 341 550 aliqua
365 503 471 550 quod
496 503 699 549 quondam
731 501 963 537 seculariter
987 502 1131 536 habeat
1164 499 1243 544 illa,
1265 512 1355 535 cum
1381 501 1518 534 Petrus

207 570 243 596 et
273 560 392 596 ceteri
422 559 594 607 apostoli
626 561 774 595 mundo
805 559 899 595 satis
929 571 1124 607 pauperes
1153 556 1289 593 omnia
1315 558 1519 592 mundana

173 617 467 666 §reliquerunt7
502 617 594 666 quia
626 617 938 653 sollicitudinem
973 625 1010 652 et
1042 615 1302 652 affeccionem
1336 616 1385 650 ad
1425 614 1520 650 talia

207 675 368 713 eciamsi
421 676 566 712 habere
616 684 802 722 poterant
848 674 1097 711 dimiserunt.
1150 673 1197 709 Et
1249 672 1351 708 miro
1400 673 1520 707 modo

207 735 278 770 hec
322 734 512 770 umbrosa
557 742 593 769 et
639 742 797 770 terrena
838 732 1037 781 possessio
1077 731 1132 768 sic
1173 732 1327 767 deserta
1367 729 1519 765 inducit

206 790 502 840 possessionem
538 790 808 838 evangelicam
843 791 1053 827 veriorem.

264 851 318 884 Ex
359 848 435 885 fide
475 858 608 885 autem
648 848 844 897 scripture
885 848 992 885 credi
1031 856 1191 896 oportet
1230 847 1337 895 quod
1383 847 1521 882 beatus

154 920 191 941 ιο
207 908 352 943 Paulus
384 906 477 943 vixit
510 916 546 943 et
578 919 684 943 nunc
716 915 855 955 regnat
888 906 990 943 inter
1022 918 1161 943 omnes
1195 903 1342 941 Christi
1377 903 1521 939 milites

207 964 417 1013 gloriosus.
452 967 553 1001 Nam
586 966 672 1001 Act.
698 966 783 1010 IX0‚
816 965 859 1001 15
896 963 1095 1012 promittit
1120 962 1301 1000 Christus
1335 963 1441 1010 quod
1475 962 1523 997 sit

206 1023 278 1059 sibi
299 1036 366 1059 vas
398 1022 596 1059 eleccionis
627 1024 677 1059 ad
711 1022 1000 1059 beatitudinem
1035 1035 1077 1058 ex
1110 1034 1182 1057 suo
1214 1019 1348 1057 officio
1388 1019 1523 1068 acqui-

208 1081 387 1117 rendam.
429 1083 575 1117 Iterum
614 1082 664 1117 ad
699 1082 812 1118 Rom.
836 1082 958 1126 Vltio,
996 1080 1045 1117 30
1085 1078 1181 1115 dicit
1229 1079 1369 1115 eadem
1409 1078 1524 1114 Fides

208 1140 316 1188 quod
354 1139 459 1174 nulla
498 1146 679 1175 creatura
708 1139 854 1188 poterit
895 1151 958 1175 eos
989 1149 1177 1188 separare
1207 1150 1229 1172 α
1262 1137 1424 1173 caritate
1456 1148 1526 1184 que

154 1199 263 1233 15est
300 1197 336 1232 in
375 1197 530 1233 Christo
561 1197 662 1233 Jesu.
709 1198 764 1233 Ex
802 1209 881 1245 quo
914 1205 1024 1245 patet
1057 1209 1147 1232 cum
1182 1194 1317 1231 multis
1350 1194 1525 1230 affirma-

209 1254 390 1291 cionibus
431 1254 521 1291 fidei
562 1256 670 1303 quod
709 1267 779 1303 per
820 1254 1111 1291 revelacionern
1154 1252 1267 1289 scivit
1300 1253 1408 1301 quod
1441 1251 1525 1300 ipse

208 1322 245 1349 et
274 1312 340 1349 alii
371 1313 528 1349 fuerant
558 1312 595 1349 in
625 1312 760 1360 gracia
791 1312 919 1349 finalis
950 1311 1249 1361 perseverancie
1282 1309 1524 1347 confirmati.

208 1373 256 1407 Et
306 1370 451 1406 iterum
502 1383 583 1406 non
634 1379 882 1419 presumeret
933 1370 1048 1407 aliter
1099 1369 1272 1406 scribere
1309 1368 1524 1405 Timotheo

209 1429 316 1477 quod
349 1429 485 1464 bonum
520 1436 713 1464 certamen
747 1429 922 1473 certavit,
956 1438 992 1465 et
1027 1429 1134 1476 quod
1168 1435 1223 1463 est
1254 1427 1327 1463 sibi
1358 1426 1524 1475 reposita

152 1499 193 1520 πο
207 1499 350 1523 corona
373 1487 519 1522 iusticie
541 1498 652 1535 quam
683 1487 819 1522 reddet
847 1487 919 1522 sibi
945 1487 980 1522 in
1006 1487 1065 1522 die
1093 1485 1224 1521 iudicii
1245 1485 1366 1521 iustus
1395 1484 1523 1520 iudex.

208 1545 300 1580 Ideo
324 1545 372 1580 de
394 1544 505 1580 nullo
530 1543 750 1580 christiano
774 1552 831 1580 est
855 1544 952 1580 fides
975 1543 1153 1580 securior
1176 1545 1284 1591 quod
1307 1542 1356 1578 sit
1386 1544 1525 1578 beatus

208 1602 249 1638 in
292 1601 423 1650 patria
457 1615 577 1650 quam
623 1603 671 1638 de
704 1602 829 1638 Paulo
875 1611 911 1638 et
957 1614 1047 1638 cum
1093 1601 1260 1649 quilibet
1307 1602 1446 1636 beatus
1485 1598 1525 1635 in

208 1660 339 1709 patria
378 1659 644 1709 premiabitur
683 1661 903 1697 secundum
943 1661 1123 1696 laborem
1164 1659 1247 1695 eius
1285 1657 1523 1706 legitimum,

210 1719 355 1755 Paulus
380 1727 513 1755 autern
539 1719 627 1766 plus
651 1718 838 1755 omnibus
861 1717 1072 1764 laboravit,
1097 1715 1313 1754 verisimile
1337 1724 1393 1752 est
1417 1716 1525 1764 quod

153 1779 192 1812 25
207 1777 340 1813 nullus
379 1777 586 1824 apostolus
626 1776 674 1813 sit
713 1789 759 1813 eo
793 1776 966 1821 beacior,
1001 1785 1039 1812 et
1081 1775 1112 1812 si
1145 1774 1289 1823 prelati
1322 1775 1526 1810 habebunt

208 1836 321 1871 sedes
359 1835 459 1871 altas
498 1834 537 1870 in
576 1834 726 1871 iudicio
767 1834 875 1871 finali
913 1835 1132 1871 secundum
1175 1834 1282 1882 quod
1315 1833 1449 1881 plures
1483 1844 1527 1868 ex

208 1892 444 1930 fervenciori
469 1892 636 1929 caritate
659 1894 708 1929 ad
733 1895 860 1929 Deum
887 1900 1181 1937 converterunt,
1213 1890 1302 1940 quis
1331 1889 1526 1927 iudicabit

209 1951 333 1988 alcius
366 1950 435 1987 illo
470 1951 618 1987 Paulo?
661 1964 755 1988 narn
790 1953 951 1987 Petrum
991 1952 1040 1988 ad
1081 1962 1269 1998 magnam
1309 1948 1524 1985 utilitatem

211 2008 378 2046 ecclesie
420 2009 677 2058 reprehendit
709 2010 767 2055 (ut
800 2017 909 2058 patet
949 2010 999 2045 ad
1033 2009 1118 2045 Gal.
1154 2007 1236 2054 110),
1278 2016 1315 2043 et
1354 2006 1526 2043 breviter

152 2068 194 2100 30
209 2066 276 2104 ubi
315 2067 428 2104 scivit
466 2076 676 2116 peccatum
717 2076 858 2103 contra
891 2066 962 2103 Dei
1002 2065 1191 2103 iniuriam
1231 2074 1268 2102 et
1302 2066 1524 2113 dampnum

210 2124 376 2162 ecclesie
419 2126 509 2173 plus
554 2137 721 2174 regnare
765 2125 847 2162 illic
893 2137 1018 2173 usque
1057 2126 1107 2161 ad
1152 2132 1324 2160 mortem
1364 2121 1525 2160 bellavit

210 2183 432 2232 intrepidus
465 2192 605 2220 contra
637 2183 781 2232 ipsum.
823 2186 903 2220 Nec
933 2183 1072 2219 dubito
1103 2182 1200 2231 quin
1231 2181 1333 2218 sieut
1365 2189 1526 2218 sanctus

210 2241 284 2278 iste
313 2241 354 2277 in
376 2241 457 2278 vita
486 2250 651 2290 propter
681 2241 764 2278 eius
794 2241 983 2278 meritum
1013 2250 1050 2278 et
1080 2239 1356 2277 extollenciam
1386 2240 1525 2275 laudes

212 2299 453 2348 contempsit
491 2301 701 2345 humanas,
742 2299 797 2336 sic
830 2299 909 2336 iam
944 2299 982 2335 in
1021 2299 1107 2336 celo
1146 2298 1378 2335 desiderans
1416 2298 1524 2346 quod

154 2360 193 2392 35
212 2366 445 2406 contempta
495 2357 726 2394 huiusmodi
769 2370 871 2394 vana
916 2356 1194 2394 decertacione
1244 2364 1351 2392 totus
1396 2356 1526 2392 honor

213 2415 285 2452 Dei
317 2415 449 2464 gracie
483 2428 527 2452 ex
559 2415 714 2464 integro
748 2416 960 2452 tribuatur.

119 2453 196 2532 1:8⁰¹&
268 2475 419 2510 Contra
448 2473 569 2510 fidem
599 2473 715 2510 huius
744 2473 921 2510 doctoris
949 2472 1134 2522 gencium
1164 2471 1340 2521 religiosi
1367 2471 1494 2509 nostri
1521 2465 1526 2523 1

210 2540 252 2567 ut
274 2532 415 2569 fratres
445 2531 723 2580 multipliciter
746 2532 1040 2580 blasphemant,
1064 2530 1167 2567 sicut
1190 2539 1331 2567 contra
1360 2542 1523 2567 conver-

210 2589 413 2626 sacionem
444 2589 598 2627 domini
626 2589 754 2627 nostri
781 2591 872 2626 Jesu
894 2589 1055 2627 Christi.
1091 2591 1189 2637 Ipse,
1219 2587 1418 2637 inquiunt,
1449 2600 1522 2636 pro

280 2720 320 2740 10.
342 2712 367 2740 D
389 2712 419 2740 in
441 2720 555 2747 marg:
577 2712 661 2740 Pauli
682 2712 815 2747 apostoli
836 2712 986 2748 dignitas;
1008 2712 1032 2740 E
1052 2712 1082 2739 in
1104 2720 1218 2746 marg:
1241 2711 1365 2739 Paulus.
1416 2717 1461 2737 20.
1477 2711 1521 2738 A:

210 2754 324 2774 corona
343 2763 377 2766 —
397 2746 455 2774 sibi
476 2747 570 2774 deest.
653 2755 697 2782 27.
719 2747 789 2774 DE:
810 2747 991 2774 Dominum.
1064 2746 1110 2775 30.
1132 2747 1201 2774 DE:
1223 2746 1317 2774 novit.
1392 2744 1431 2772 31.
1452 2745 1521 2772 DE:

210 2782 291 2809 illuc.
364 2781 405 2810 35.
426 2782 470 2809 A:
493 2782 577 2809 modi
599 2781 692 2809 deest.
775 2781 819 2818 37.
840 2782 869 2809 A
889 2782 919 2809 in
941 2790 1055 2817 marg:
1077 2782 1194 2809 Contra
1214 2781 1333 2811 fratres.
1407 2779 1453 2807 38.
1474 2781 1518 2808 A:

210 2816 426 2851 blasphemant
445 2816 622 2851 Christum3
644 2817 683 2844 ib.
706 2816 729 2843 E
749 2816 777 2843 in
801 2825 914 2852 marg:
935 2817 1058 2844 Fratres
1080 2816 1305 2851 blasphemant.

281 2909 334 2944 ²9·
362 2910 379 2932 2
398 2900 489 2932 Tim.
516 2901 572 2940 IV,
599 2911 630 2944 7.

1755 279 1806 314 47

1581 849 1640 877 We
1663 849 1776 876 believe

1549 884 1628 911 from
1651 884 1811 919 Scriptura:

1561 920 1624 945 that
1646 919 1716 945 Paul
1739 919 1763 945 is
1785 927 1799 945 a

1546 954 1623 980 saint
1640 953 1669 980 in
1686 954 1811 980 heaven.

1584 2481 1651 2510 The
1670 2481 1761 2510 friars

1566 2518 1688 2544 slandei·
1708 2517 1782 2544 him.
