1986 3380
215 252 351 281 SERMO
374 243 529 301 xxviii]
683 256 898 290 SECUNDA
926 257 1049 289 PARS.

215 362 327 399 cione
360 376 440 399 non
474 364 618 399 debent
652 363 763 399 illum
805 364 1027 411 profectum
1075 363 1267 399 maiorem
1314 364 1417 411 proli
1457 377 1525 400 sue

131 462 145 469 .,
214 422 427 468 appetere?
473 434 563 457 nam
607 422 781 457 amando
817 421 945 457 minus
985 423 1133 457 bonum
1181 421 1219 456 in
1266 433 1348 457 esse
1392 422 1525 469 genito

118 462 197 537 {0⁰¹2
215 478 315 514 foret
339 480 438 515 ordo
464 488 732 527 preposterus,
758 492 837 514 non
860 493 975 515 amor
997 480 1064 515 sed
1087 479 1224 514 odium
1244 491 1500 515 venenosum.
1519 477 1524 531 Ι

118 532 132 538 ”
164 519 181 549 7
272 537 382 582 Item,
423 536 520 572 illud
562 538 678 573 debet
718 538 839 572 homo
879 538 966 585 plus
1008 545 1196 585 appetere
1241 536 1368 572 inesse
1413 537 1526 573 alteri

179 593 260 629 5de
293 594 403 630 cuius
443 595 626 630 carencia
668 595 754 642 plus
794 596 966 639 doleret;
1012 596 1079 631 sed
1125 594 1212 643 quis
1257 607 1337 630 non
1376 595 1528 630 doleret

210 651 297 698 plus
322 653 369 688 de
393 652 698 700 dampnacione,
728 654 816 700 plus
841 653 967 689 eciam
991 654 1039 689 de
1063 652 1338 689 maculacione
1362 661 1526 700 peccato

209 722 329 757 quam
364 711 411 746 de
443 723 513 747 sua
546 710 747 758 corporali
781 710 908 747 esurie
940 711 1000 747 vel
1034 710 1201 759 penuria
1226 710 1399 755 mortali,
1433 710 1527 758 quia

207 780 299 804 raro
331 769 391 804 vel
423 781 628 817 nunquam
669 768 816 813 evenit;
862 782 955 816 ergo
995 770 1112 805 debet
1151 770 1200 805 ad
1239 769 1336 804 illud
1376 769 1525 805 bonum

207 825 415 873 spirituale
448 827 589 863 melius
624 826 749 874 magis
781 826 866 863 niti.
901 829 956 862 Ex
988 827 1062 862 isto
1093 836 1202 875 patet
1227 828 1334 875 quod
1368 826 1525 863 sinistre

154 893 190 913 10
209 892 244 919 et
269 884 496 920 inordinate
522 884 635 920 multi
658 893 843 933 parentes
868 884 1036 932 diligunt
1060 886 1215 933 prolem
1245 898 1378 931 suam;
1412 884 1525 920 multi

206 954 380 990 namque
413 942 702 978 delectabiliter
737 943 846 990 ipsos
878 942 1060 979 nutriunt
1102 943 1141 979 in
1174 943 1350 991 peccatis
1390 951 1427 979 et
1464 943 1526 979 vel

206 1012 286 1035 non
338 1009 478 1036 curant
530 1000 638 1048 ipsos
691 1000 893 1049 corripere
944 1002 1005 1037 vel
1057 1001 1359 1049 correpcionem
1414 1000 1523 1037 illam

207 1057 357 1093 faciunt
389 1057 508 1094 nimis
542 1058 726 1105 remisse;
773 1060 879 1108 quod
926 1068 983 1095 est
1028 1059 1182 1107 signum
1224 1059 1383 1096 evidens
1417 1060 1525 1107 quod

206 1114 433 1152 inordinate
474 1118 601 1152 Deum
643 1117 812 1165 diligunt
851 1126 970 1166 atque
1011 1118 1179 1165 prolem.
1226 1118 1380 1153 Debent
1418 1117 1523 1153 enim

154 1172 427 1210 15secundum
473 1175 599 1222 legem
654 1175 831 1211 caritatis
884 1175 1026 1212 ordine
1078 1184 1306 1212 transverso
1359 1175 1523 1223 diligere

205 1232 431 1279 proximum
466 1242 822 1282 quantumcunque
856 1243 1106 1280 extraneum;
1153 1246 1245 1282 ergo
1286 1234 1402 1282 longe
1448 1233 1524 1270 evi-

206 1290 369 1327 dencius
414 1291 568 1339 prolem
615 1304 743 1329 suam.
795 1293 872 1328 Sed
918 1291 1140 1328 mundiales
1180 1291 1352 1340 graviter
1391 1300 1428 1328 et
1466 1292 1524 1328 in-

205 1348 417 1396 dignanter
449 1349 579 1385 ferunt
611 1350 728 1386 istam
763 1350 1025 1396 sentenciam,
1066 1350 1243 1386 dicentes
1277 1351 1384 1398 quod
1416 1349 1522 1386 iuxta

205 1405 315 1442 illam
355 1407 538 1443 homines
578 1408 857 1456 permitterent
896 1409 1042 1445 nedum
1083 1407 1287 1456 proximos
1329 1409 1398 1444 sed
1431 1421 1523 1457 pro-

146 1471 188 1493 20
204 1464 314 1512 prios
359 1473 476 1501 natos
522 1466 637 1511 mori,
685 1467 792 1514 quod
838 1479 928 1502 cum
969 1466 1209 1503 contradicit
1247 1466 1322 1514 legi
1366 1475 1520 1512 nature,

205 1522 463 1558 manifestum
508 1532 566 1559 est
606 1525 713 1573 quod
754 1533 811 1560 est
851 1524 1097 1561 contrarium
1139 1524 1215 1572 legi
1255 1524 1341 1562 Dei.
1395 1527 1521 1561 Nemo

206 1579 310 1616 enim
345 1580 418 1617 scit
452 1580 483 1616 si
518 1593 561 1617 ex
594 1581 664 1618 tali
698 1582 943 1619 educacione
977 1582 1178 1630 corporali
1217 1582 1305 1631 quis
1339 1582 1522 1631 peccabit

206 1638 430 1675 mortaliter
461 1640 522 1675 vel
555 1639 629 1675 erit
662 1640 837 1676 deterior
870 1642 1003 1689 quoad
1038 1653 1183 1677 mores.

264 1696 338 1733 Hic
362 1697 457 1733 dicit
480 1697 631 1745 logicus
655 1699 762 1747 quod
786 1700 933 1735 nedum
958 1707 1117 1747 oportet
1141 1707 1295 1747 patrem
1320 1698 1521 1735 dimittere

149 1752 187 1783 25
206 1755 273 1790 sed
308 1756 424 1791 debet
457 1764 661 1803 gratanter
693 1756 858 1793 sufferre
892 1766 1063 1793 mortem
1103 1757 1273 1805 proximi
1311 1756 1391 1793 sive
1423 1757 1519 1804 nati,

206 1821 247 1848 ut
280 1822 390 1861 patet
426 1814 473 1861 (II
499 1815 649 1862 Regum
673 1816 779 1863 X110)
806 1816 854 1852 de
878 1815 1004 1852 David
1028 1815 1095 1864 qui
1120 1815 1300 1852 hilariter
1332 1814 1520 1851 sustinuit

205 1879 375 1907 mortem
409 1871 512 1917 nati;
551 1881 830 1910 verumtamen
863 1873 929 1909 isti
960 1886 1040 1910 non
1080 1882 1277 1922 repugnat
1317 1874 1385 1909 sed
1425 1886 1519 1910 con-

203 1937 318 1965 sonat
350 1931 458 1978 quod
492 1943 636 1978 parens
669 1939 811 1979 potens
845 1932 962 1968 debet
985 1931 1088 1980 proli
1113 1933 1160 1968 de
1182 1932 1259 1969 vite
1282 1931 1519 1968 necessariis

202 1987 432 2035 providere3
466 1988 559 2025 licet
592 1990 743 2025 malum
778 1998 910 2038 preter
943 1989 1141 2026 intentum
1171 1989 1349 2039 parentis
1379 1989 1518 2026 exhinc

145 2042 186 2074 30
203 2047 445 2095 quandoque
490 2046 594 2095 proli
638 2048 861 2096 proveniat,
913 2056 1073 2097 oportet
1123 2057 1259 2085 tamen
1309 2056 1516 2096 parentem

201 2104 419 2150 prudenter
452 2113 488 2140 et
522 2117 612 2141 cum
649 2106 926 2142 moderamine
966 2106 1062 2143 talia
1101 2106 1277 2143 tribuere
1310 2106 1414 2155 proli
1447 2119 1517 2143 sue

202 2169 238 2197 et
269 2174 350 2198 non
390 2171 555 2211 propter
592 2163 887 2210 fornicandum,
927 2164 1269 2213 pulchritudinem
1307 2164 1368 2201 vel
1406 2173 1517 2213 pote-

199 2227 343 2256 statem
367 2220 491 2268 prolis
516 2222 719 2258 carnalem
743 2231 811 2259 aut
833 2231 999 2271 propter
1023 2222 1370 2271 magnificenciam
1394 2222 1517 2260 seculi

199 2276 239 2313 in
271 2278 505 2326 parentibus
547 2280 829 2327 extollendam,
869 2281 938 2317 sed
977 2281 1192 2330 utrobique
1231 2282 1280 2318 ad
1319 2281 1514 2318 honorem

139 2335 270 2371 35Dei
303 2345 340 2372 et
371 2337 596 2385 profectum
630 2338 796 2375 ecclesie
828 2338 1132 2376 intendendum.
1167 2341 1215 2375 Et
1248 2339 1280 2376 si
1303 2339 1515 2376 occasione

198 2394 303 2430 mala
336 2403 502 2444 accepta
531 2395 580 2432 sit
603 2397 737 2445 proles
762 2409 805 2433 ex
826 2397 932 2434 facto
955 2397 1132 2446 parentis
1157 2397 1344 2444 deterior,
1369 2409 1514 2446 parens

196 2464 278 2488 non
310 2461 368 2489 est
390 2461 607 2503 propterea
629 2453 913 2504 increpandus,
947 2467 1038 2492 curn
1063 2456 1284 2493 secundum
1308 2455 1512 2493 racionem

265 2686 285 2705 1.
307 2678 375 2706 DE:
398 2678 518 2706 maiori.
603 2678 628 2706 3.
651 2678 720 2707 DE:
743 2681 942 2715 preposteris.
1028 2689 1057 2714 4.
1078 2682 1107 2709 A
1128 2681 1157 2708 in
1180 2689 1293 2717 marg:
1315 2681 1340 2710 3.
1422 2682 1447 2710 5.
1469 2681 1508 2709 E:

195 2712 294 2740 debet.
368 2714 395 2741 6.
418 2713 486 2741 DE:
508 2713 734 2749 dampnacione
762 2715 851 2742 wolis
871 2719 898 2742 et
919 2715 965 2742 de,
1048 2724 1075 2751 7.
1097 2716 1166 2743 DE:
1188 2716 1312 2744 carnali.
1391 2716 1417 2744 8.
1441 2716 1508 2743 DE:

195 2747 322 2775 eveniet.
408 2756 440 2775 11.
463 2748 530 2775 DE:
551 2757 621 2783 eos;
642 2749 683 2776 ib.
706 2749 730 2776 l)
746 2757 774 2777 <:
797 2754 824 2777 et
844 2750 938 2777 deest.
1023 2751 1126 2786 15—17.
1148 2751 1218 2778 DE:
1240 2751 1348 2778 ordine
1371 2767 1399 2771 -—
1421 2759 1509 2779 suam

194 2781 288 2809 deest.
362 2791 404 2817 19.
427 2783 496 2810 DE:
518 2784 631 2811 nedum
653 2784 811 2816 hominem
840 2784 882 2812 ib.
903 2784 959 2812 ΑΕ
979 2785 1009 2812 in
1031 2793 1144 2820 marg:
1167 2786 1331 2820 Obieccio;
1359 2786 1398 2813 E:
1421 2794 1509 2813 mun-

194 2816 332 2856 dialium.
432 2825 477 2845 22.
497 2818 541 2845 A:
563 2819 688 2846 carnali.
788 2826 835 2853 24.
856 2821 885 2846 A
905 2820 935 2846 in
957 2828 1070 2856 marg:
1091 2821 1276 2856 Responsio.
1372 2820 1415 2848 25.
1437 2821 1507 2848 DE:

192 2851 310 2913 {jhrifsti
332 2852 396 2914 shve
417 2852 489 2879 nati.
590 2852 636 2880 30.
657 2853 726 2881 DE:
747 2854 875 2881 eveniat.
973 2853 1012 2882 31.
1033 2854 1073 2883 E:
1095 2856 1272 2883 retribuere.
1372 2855 1416 2884 32.
1437 2855 1507 2883 DE:

206 2890 264 2913 orti
289 2894 345 2914 can
371 2895 433 2914 um.

1331 2950 1370 2983 14

1738 263 1815 299 209

1559 546 1587 572 A
1609 554 1677 572 man
1699 547 1808 574 should

1555 580 1617 606 sear
1637 581 1815 609 dannmtion

1555 614 1602 641 for
1618 615 1663 641 liis
1679 616 1815 644 children

1595 657 1679 676 more
1700 651 1771 678 than

1624 685 1739 713 earthlv

1604 717 1763 755 liardsliip.

1595 1938 1622 1965 A
1644 1943 1751 1973 parent

1547 1973 1657 2000 should
1681 1975 1808 2009 provide

1560 2008 1607 2034 for
1627 2008 1674 2035 his
1695 2009 1787 2042 child,

1613 2043 1665 2070 but
1685 2049 1737 2070 not

1602 2077 1741 2114 lavismy.
