1986 3380
210 249 345 280 SERMO
368 238 448 298 tv]
685 253 896 286 SECUNDA
928 252 1052 284 PARS.
1735 261 1807 292 401

211 373 397 408 perverso
423 361 499 396 fine
522 362 741 396 abutuntur
765 360 879 397 donis
904 360 987 401 Dei,
1019 372 1040 395 a
1071 360 1380 406 proposito-suo
1412 362 1525 405 dege-

209 428 364 463 nerant,
405 427 441 454 et
481 427 616 454 tamen
657 418 795 454 dicunt
835 418 969 454 multis
1010 417 1140 453 modis
1179 416 1385 465 implicitis
1419 420 1523 464 quod

211 478 315 512 Deus
339 488 500 512 omnem
526 477 644 512 finem
669 489 783 513 suum
809 476 978 512 intendit
1003 485 1039 512 et
1063 474 1247 511 consulit.
1284 477 1394 511 Patet
1419 477 1525 522 quod

210 534 392 570 faciendo
416 535 492 570 fine
516 535 624 570 fatuo
641 537 767 570 Deum
783 537 993 583 (quantum
1013 533 1052 569 in
1073 532 1169 581 ipsis
1189 532 1524 578 est)stultis1cant7

176 595 191 626 5
211 594 317 640 quod
342 601 399 628 est
423 592 672 640 blasphemia
699 592 908 629 manifesta
932 591 1132 640 sapiencie
1155 590 1284 639 prime
1304 591 1523 638 imponere.

267 652 315 685 Et
354 658 464 698 patet
504 662 625 698 quam
666 650 825 698 spissim
866 649 1009 698 prelati
1055 648 1221 686 ecclesie
1266 649 1332 697 qui
1381 650 1813 693 debentnisblaspiwuiy

210 706 413 743 Christum
448 707 515 756 qui
549 717 605 744 est
639 708 843 756 sapiencia
877 708 949 744 Dei
973 707 1096 756 patris
1122 708 1299 753 laudare,
1335 707 1524 755 precipue
1541 690 1816 752 Cfflfiljf'Jffijsjffi‘jffi

209 765 491 813 blasphemant
524 765 563 801 in
597 778 688 802 eum
728 766 929 812 continue,
971 765 1065 815 quia
1098 765 1289 814 quicquid
1323 773 1390 801 aut
1425 778 1523 813 quo-
1546 765 1809 822 ffstss'flffigkfflcffl‘gk

210 823 430 860 modolibet
462 823 627 859 fecerint
660 824 796 860 dicunt
830 824 1025 872 implicite
1058 825 1164 872 quod
1204 823 1303 859 illud
1342 823 1525 871 procedit
1608 826 1644 855 ‘10
1666 830 1739 856 him.

154 894 231 917 1oa
263 881 371 917 fonte
405 880 677 918 ordinacionis
712 894 792 918 sue.
849 882 947 928 Quis
987 882 1091 917 enim
1132 890 1316 918 nostrum
1351 890 1408 917 est
1442 889 1522 917 tam

208 940 320 975 deses
354 939 450 988 quin
483 940 732 976 defendendo
766 953 880 975 suum
907 941 1072 975 modum
1097 939 1253 976 vivendi
1287 939 1393 975 dicat
1418 940 1526 987 quod

208 1006 265 1033 est
298 997 429 1033 licitus
463 1010 509 1033 ac
541 997 778 1034 laudabilis?
833 1000 887 1034 Ex
922 1011 1000 1046 quo
1036 998 1243 1034 manifeste
1277 997 1526 1034 convincitur

208 1057 315 1103 quod
339 1055 521 1104 procedit
545 1055 747 1092 fontaliter
767 1069 787 1092 a
807 1055 1010 1104 sapiencia
1030 1056 1281 1104 supradictag
1307 1055 1371 1091 ille
1390 1064 1524 1092 autem

207 1113 275 1162 qui
312 1122 430 1161 negat
469 1126 509 1150 se
549 1114 721 1162 regulari
761 1127 782 1150 a
823 1114 930 1151 dicta
971 1114 1195 1162 Sapiencia,
1237 1115 1305 1150 sed
1349 1113 1526 1150 defendit

154 1174 187 1206 15
208 1173 317 1220 quod
350 1184 393 1208 ex
424 1173 630 1208 voluntate
665 1181 700 1208 et
734 1171 965 1209 intencione
998 1172 1163 1221 propria
1187 1171 1295 1208 licite
1328 1172 1382 1208 ita
1416 1171 1522 1217 facit,

208 1229 440 1278 magnificat
479 1243 519 1266 se
559 1243 681 1279 supra
714 1233 842 1267 Deum
883 1243 1003 1279 quam
1046 1230 1215 1275 Lucifer,
1256 1239 1293 1266 et
1332 1230 1388 1266 sic
1420 1230 1525 1266 blas—

205 1289 370 1336 phemat
398 1288 437 1324 in
470 1297 597 1325 totam
620 1288 876 1326 Trinitatem.
909 1290 957 1324 Et
981 1297 1090 1337 patet
1120 1290 1340 1325 secundum
1374 1297 1525 1324 utram-

207 1359 283 1395 que
314 1346 420 1383 viam
454 1347 677 1383 blasfemia.

265 1404 371 1440 Dicit
404 1417 498 1453 ergo
532 1405 713 1441 Christus
748 1406 855 1454 quod
889 1405 1042 1442 fatuum
1084 1404 1186 1440 foret
1219 1404 1425 1440 lucernam
1460 1416 1524 1440 ac-

151 1476 190 1497 20
207 1464 375 1499 cendere
408 1472 445 1499 et
478 1476 559 1499 non
592 1464 641 1500 ad
674 1464 897 1512 profectum
933 1463 1100 1500 ecclesie
1134 1462 1244 1499 illam
1278 1474 1429 1511 ponere
1462 1462 1522 1498 vel

207 1522 278 1557 sub
320 1521 456 1557 modio
503 1522 720 1558 occultare.
769 1523 846 1558 Sed
886 1521 987 1558 sicut
1032 1521 1320 1558 candelabrum
1368 1528 1425 1556 est
1466 1520 1522 1555 in—

206 1587 474 1615 strumentum
508 1580 672 1616 candele
702 1579 969 1628 suppositum,
1000 1588 1042 1615 ut
1071 1579 1279 1628 patencius
1310 1579 1522 1621 elucescat,

205 1636 261 1673 sic
295 1645 422 1674 status
456 1637 496 1673 in
535 1651 613 1686 quo
653 1638 741 1686 quis
781 1637 944 1686 ponitur
982 1638 1043 1674 vel
1084 1638 1235 1674 donum
1270 1636 1341 1673 Dei
1384 1637 1522 1672 datum

205 1696 474 1745 quodcunque
507 1695 661 1732 homini
695 1697 744 1732 ad
777 1697 1094 1744 prodessendum
1138 1695 1305 1732 ecclesie
1340 1703 1396 1730 est
1431 1707 1522 1730 can—

147 1757 186 1789 25
204 1754 412 1790 delabrum
435 1753 476 1790 in
498 1767 577 1803 quo
601 1753 850 1790 illuminatus
867 1767 888 1790 a
913 1753 1072 1790 Christo
1097 1755 1145 1790 ad
1163 1752 1522 1790 fructificacionem

204 1812 370 1849 ecclesie
403 1813 520 1848 debet
552 1812 661 1861 poni.
698 1813 812 1848 Unde
846 1821 1001 1860 septem
1037 1813 1142 1848 dona
1176 1810 1349 1860 Spiritus
1384 1810 1521 1847 Sancti

202 1879 398 1907 vocantur
431 1878 585 1919 septem
610 1870 853 1907 candelabra
886 1883 1008 1907 aurea
1033 1871 1082 1907 ad
1107 1882 1268 1906 sensum
1304 1868 1521 1905 misticum.

203 1930 252 1964 Et
290 1937 400 1977 patet
438 1928 545 1966 iuxta
584 1928 761 1977 priorem
807 1928 1054 1965 sentenciam
1095 1929 1301 1977 quomodo
1342 1927 1523 1976 episcopi

203 1994 295 2022 sunt
326 1987 510 2034 ydolatre
544 1995 580 2023 et
603 1986 828 2035 blasphemi
852 1986 919 2036 qui
953 1995 1091 2035 tegunt
1122 1994 1243 2035 caput
1276 1999 1366 2022 cum
1393 1985 1522 2021 mitris

147 2049 187 2081 30
203 2044 423 2093 splendidis
469 2053 506 2081 et
550 2044 796 2093 sumptuosis
836 2046 904 2081 sed
943 2045 1074 2081 lucem
1109 2044 1329 2093 spiritualis
1373 2043 1522 2080 noticie

203 2115 276 2151 pro
310 2115 388 2151 qua
421 2102 677 2140 edificaretur
701 2103 868 2140 ecclesia
894 2115 967 2139 nec
990 2102 1170 2140 indicant
1193 2115 1265 2139 nec
1298 2101 1519 2151 requirunt.

203 2160 280 2209 Ipsi
314 2160 419 2197 enim
453 2170 609 2210 ponunt
642 2162 848 2198 lucernam
875 2162 925 2198 ad
951 2160 1164 2197 minimum
1197 2160 1423 2197 naturalem
1449 2161 1520 2196 sub

202 2219 352 2266 modio,
378 2220 454 2256 hoc
479 2228 548 2266 est,
565 2219 736 2257 terrenis
761 2228 798 2256 et
820 2219 1114 2268 temporalibus
1138 2220 1289 2256 donum
1314 2217 1522 2266 spirituale

202 2278 310 2326 quod
334 2280 439 2314 Deus
474 2278 528 2314 eis
562 2277 715 2314 dederit
740 2286 975 2326 occupatur.
1010 2279 1059 2313 Et
1083 2277 1140 2313 sic
1173 2276 1345 2313 lucidius
1370 2277 1520 2312 donum

144 2339 185 2372 35
202 2335 274 2372 Dei
306 2329 454 2373 talibus
485 2336 721 2373 velamentis
755 2335 915 2384 tegitur,
950 2348 1001 2372 ne
1034 2336 1254 2372 secundum
1291 2334 1520 2371 ordinacio-
1547 2340 1680 2379 Prelates
1702 2340 1811 2368 should

200 2406 292 2430 nem
326 2394 399 2431 Dei
431 2393 559 2443 prosit
592 2393 771 2431 ecclesie.
813 2393 959 2430 Prelati
994 2406 1087 2442 ergo
1122 2402 1159 2430 et
1192 2392 1421 2442 quicunque
1454 2392 1522 2441 qui
1550 2375 1638 2446 Ῑξὲἷζζ
1652 2375 1814 2438 ᾆξ”ἓᾌέξ

201 2451 241 2488 in
293 2452 462 2490 ecclesia
505 2452 710 2501 accipiunt
759 2451 964 2500 copiosius
1009 2451 1236 2500 spiritualia
1281 2453 1387 2488 bona
1433 2450 1519 2497 Dei,
1641 2445 1709 2472 law.

200 2509 291 2547 ideo
330 2510 386 2548 sic
431 2510 648 2559 accipiunt,
688 2519 731 2547 ut
768 2511 857 2559 plus
896 2510 1095 2547 tenebrati
1135 2509 1203 2559 qui
1241 2508 1522 2557 ingrediuntur

201 2569 412 2606 ecclesiam
452 2568 614 2606 videant
651 2568 691 2605 in
731 2567 1043 2606 conversacione
1082 2576 1118 2605 et
1158 2567 1343 2604 doctrina
1382 2580 1521 2604 eorum

141 2626 353 2670 4olumina
375 2627 471 2675 legis
495 2627 580 2664 Dei.
614 2629 717 2664 Nam
742 2629 857 2664 Prov.
880 2628 967 2673 VIO,
994 2627 1042 2663 23
1070 2625 1258 2663 scribitur
1283 2626 1521 2673 mandatum,

272 2784 300 2812 6.
322 2784 346 2812 Ε
365 2784 395 2812 in
417 2793 530 2820 marg.:
552 2784 690 2820 spissim.
764 2793 791 2820 7.
811 2784 858 2812 A:
880 2783 1025 2820 precipue
1045 2783 1140 2811 deest.
1215 2782 1243 2819 8,
1259 2791 1295 2819 9.
1311 2782 1381 2810 DE:
1404 2786 1431 2809 et
1451 2790 1527 2818 quo-

201 2820 383 2847 modolibet.
492 2827 530 2847 12.
552 2820 597 2847 A:
618 2824 709 2855 atque
728 2818 911 2847 laudabilis·
941 2819 982 2846 ib.
1003 2818 1029 2846 E
1051 2819 1082 2846 in
1104 2827 1222 2854 marg:
1243 2818 1351 2852 Deses,
1374 2817 1459 2853 piger
1479 2817 1525 2844 vel

202 2854 364 2882 remissus.
432 2861 477 2882 22.
498 2854 568 2882 DE:
590 2854 806 2893 superposito;
830 2854 870 2881 ib.
891 2840 916 2881 fi
936 2853 966 2881 in
989 2862 1107 2889 marg.:
1129 2853 1360 2882 Candelabrum
1379 2852 1454 2892 quid
1476 2851 1525 2879 sit.

202 2897 246 2925 27.
269 2889 338 2917 DE:
361 2893 478 2925 septem
500 2889 594 2917 deest.
669 2889 714 2917 28.
736 2889 760 2916 E
781 2897 811 2916 ln
833 2897 947 2925 marg:
971 2888 1063 2917 Nota.
1145 2888 1183 2916 31.
1205 2888 1273 2915 DE:
1296 2896 1357 2915 non
1378 2887 1524 2914 indicant.

1338 2934 1377 2968 26
