1986 3380
0 3203 10 3324 ==-⁷-·.v
0 3146 3 3155 -

205 296 341 325 sERMO
363 287 457 345 xm]
670 303 881 337 SECUNDA
909 305 1035 337 PARS.

207 408 404 444 manentis
438 410 553 445 debet
595 410 680 446 dari
718 410 795 447 illis
837 412 1071 448 subsidium.
1119 413 1183 450 Sic
1224 414 1326 450 enim
1369 416 1518 453 dictum

206 475 263 502 est
295 478 428 502 servos
462 468 608 504 servire
632 468 796 505 brachio
830 470 1012 515 seculari,
1047 470 1139 507 licet
1172 471 1352 509 infideles
1376 474 1519 511 fuerint

205 525 265 560 vel
298 524 469 571 tyranni.

265 583 342 618 Sed
376 582 449 618 ista
482 583 644 630 argucia
685 584 786 621 sicut
824 585 1006 633 superior
1046 600 1115 635 per
1153 588 1287 624 locum
1321 602 1343 625 a
1376 590 1520 626 simiali

175 641 190 672 5
207 639 468 676 similitudine
493 650 549 676 est
573 641 723 678 cesarie
747 643 989 680 introducta.
1026 646 1176 681 Omnes
1202 646 1307 682 enim
1333 649 1519 695 apostoli,

207 699 434 734 sacerdotes
466 699 526 735 vel
560 700 769 746 presbiteri
804 703 948 738 debent
982 715 1065 739 esse
1098 703 1197 740 socii
1231 713 1267 740 et
1299 718 1380 742 non
1415 706 1520 743 circa

207 756 477 792 maioritatem
515 757 576 793 vel
615 758 833 805 primatum
881 761 1045 798 ecclesie
1084 771 1220 813 sancte
1265 766 1519 801 contendere.

206 816 246 850 In
280 814 448 850 seculari
481 824 615 851 tamen
650 816 814 852 brachio
849 819 964 854 debet
996 833 1099 856 unus
1138 822 1359 858 secundum
1394 823 1518 871 legem

205 872 275 908 Dei
328 873 454 908 altero
509 885 592 909 esse
645 874 829 922 superior
881 879 1015 924 quoad
1069 880 1263 916 mundum
1310 885 1365 924 (ut
1411 890 1520 929 patet

153 944 189 963 κ)
206 932 310 966 Luce
333 931 488 976 XXIIO).
525 933 624 968 Cum
660 945 753 980 ergo
787 933 835 969 sit
865 934 937 970 ista
964 935 1035 971 Dei
1059 936 1282 981 ordinacio,
1316 938 1380 974 isti
1404 940 1519 975 debet

204 988 331 1024 fidelis
369 988 496 1024 subici
542 998 579 1025 et
618 989 855 1038 impugnare
900 992 1203 1030 ordinacionem
1245 996 1365 1032 aliam
1408 997 1519 1033 Anti—

204 1046 354 1082 christi.
389 1049 489 1083 Nam
525 1047 617 1084 licet
640 1049 927 1087 Constantinus
951 1050 1174 1099 imperator
1200 1054 1374 1090 decrevit
1403 1068 1517 1091 suum

204 1104 438 1153 episcopum
479 1114 598 1154 atque
638 1107 788 1143 clerum
830 1120 912 1145 esse
952 1110 1200 1158 superiorem
1240 1111 1280 1148 in
1314 1114 1518 1150 mundana

202 1162 329 1211 gloria
382 1176 502 1211 quam
549 1164 724 1212 reliquos
775 1165 813 1201 in
863 1166 1028 1214 privatis
1077 1169 1164 1205 aliis
1216 1170 1431 1218 provinciis
1483 1181 1520 1208 et

151 1221 293 1257 15licet
326 1220 594 1258 Antichristus
618 1235 787 1271 sequens
820 1223 860 1260 in
894 1226 969 1261 hoc
1003 1238 1138 1263 errore
1171 1228 1378 1276 ampliavit
1402 1229 1518 1266 istam

203 1279 387 1325 heresim,
421 1288 557 1316 tamen
591 1281 717 1317 fidelis
746 1283 862 1319 debet
896 1296 1183 1332 recognoscere
1217 1286 1336 1323 fidem
1371 1287 1519 1325 Christi

203 1337 351 1374 dictam
377 1339 426 1374 ad
450 1339 536 1375 Gal.
562 1341 613 1375 II0
638 1342 845 1388 quomodo
870 1343 1020 1387 Petrus,
1048 1345 1219 1381 jacobus
1244 1354 1281 1381 et
1304 1346 1518 1387 Johannes,

204 1396 349 1432 Paulus
394 1405 431 1432 et
475 1398 679 1434 Barnabas
724 1412 813 1435 cum
854 1399 1158 1450 quibuscunque
1202 1402 1289 1439 aliis
1336 1404 1519 1441 fidelibus

205 1454 352 1491 Christi
386 1455 660 1492 sacerdotibus
694 1459 838 1493 debent
872 1470 955 1494 esse
993 1459 1090 1496 socii
1131 1469 1166 1496 et
1205 1474 1285 1497 non
1325 1462 1516 1509 magistri.

148 1526 190 1547 20
206 1512 405 1549 Primatus
450 1521 582 1549 autem
630 1514 668 1549 in
707 1515 876 1552 seculari
916 1517 1080 1553 brachio
1121 1531 1142 1554 a
1176 1519 1336 1556 Christo
1385 1521 1517 1556 multi-

203 1570 361 1619 pliciter
399 1572 660 1619 approbatur.
707 1575 799 1610 Ideo
845 1573 941 1610 dicit
978 1577 1195 1623 Apostolus
1242 1580 1514 1615 Romanorum

203 1631 301 1674 XIII,
329 1639 349 1664 2
374 1630 476 1677 quod
507 1630 571 1678 qui
597 1632 782 1679 potestati
812 1633 955 1668 resistit
986 1634 1063 1669 Dei
1090 1636 1331 1671 ordinacioni
1362 1637 1514 1673 resistit.

202 1689 250 1723 Et
295 1686 522 1723 evidencius
574 1688 640 1736 qui
692 1689 838 1726 resistit
883 1691 1091 1739 equalitati
1136 1694 1196 1729 vel
1246 1694 1427 1730 societati
1478 1695 1517 1731 in

203 1744 356 1782 clericis
390 1745 461 1781 Dei
494 1745 747 1783 ordinacioni
780 1748 938 1785 resistit.
975 1751 1066 1786 Ideo
1100 1750 1274 1787 inveniat
1308 1752 1423 1789 simia
1463 1753 1517 1789 sic

147 1807 185 1838 25
204 1803 447 1840 concludens
487 1803 527 1840 in
566 1805 766 1853 scriptura
807 1806 1019 1843 consilium
1060 1810 1119 1844 vel
1159 1819 1393 1858 preceptum
1434 1820 1515 1847 tam

204 1861 451 1898 autenticum
487 1864 594 1910 quod
629 1863 762 1900 clerici
796 1865 986 1902 deberent
1019 1867 1166 1903 habere
1206 1867 1246 1904 in
1279 1868 1413 1905 officio
1447 1882 1518 1905 suo

204 1919 421 1968 primatum
468 1933 587 1969 super
631 1921 744 1968 alios,
785 1922 886 1959 sicut
931 1925 1129 1961 seculares
1175 1926 1328 1963 domini
1374 1928 1518 1964 debent

203 1979 350 2014 habere
394 1991 513 2027 super
551 1992 643 2016 suos
681 1980 902 2026 subiectos3
943 1991 979 2018 et
1018 1991 1114 2020 tunc
1159 1993 1326 2032 possunt
1365 1985 1518 2033 exigere

204 2035 364 2084 rapinas
397 2038 444 2072 de
477 2036 557 2073 suis
590 2038 772 2084 subditis,
807 2039 908 2076 sicut
931 2040 1047 2088 exigit
1080 2042 1289 2079 brachium
1324 2044 1515 2080 seculare.

144 2098 187 2130 30
203 2095 281 2130 Sed
314 2103 471 2131 constat
506 2107 548 2131 ex
582 2095 659 2132 fide
691 2096 900 2145 scripture,
943 2111 1031 2134 cum
1071 2112 1152 2136 non
1185 2101 1234 2137 sit
1272 2101 1312 2137 in
1346 2114 1391 2138 ea
1425 2115 1517 2138 con—

202 2152 399 2198 trarietas,
440 2155 548 2201 quod
582 2166 653 2190 nec
693 2165 859 2203 possunt
898 2157 973 2193 hoc
1012 2159 1223 2195 ostendere
1261 2172 1333 2196 nec
1371 2161 1514 2196 sciunt.

261 2211 352 2247 Ideo
387 2213 436 2247 ad
470 2212 755 2260 complendum
781 2214 851 2250 Dei
875 2215 1178 2252 ordinacionem
1203 2218 1348 2253 debent
1382 2218 1516 2255 fideles

202 2277 238 2304 et
271 2268 498 2316 specialiter
520 2270 729 2307 brachium
760 2272 939 2309 seculare
966 2272 1051 2310 istis
1084 2274 1248 2322 prelatis
1272 2275 1456 2312 resistere
1480 2285 1516 2313 et

199 2325 324 2363 nichil
355 2327 431 2364 nisi
465 2328 680 2365 elemosine
713 2330 948 2378 temporalis
981 2331 1098 2368 titulo
1132 2332 1186 2368 eis
1220 2333 1325 2379 dari3
1360 2335 1408 2370 de
1441 2335 1516 2371 hoc

143 2387 183 2421 35
201 2384 306 2421 enim
339 2386 498 2422 fuerunt
531 2386 711 2423 Christus
745 2397 782 2424 et
814 2388 873 2424 sui
907 2389 1079 2437 apostoli
1113 2391 1347 2428 contentati.
1382 2391 1516 2429 Primo

200 2455 294 2491 ergo
334 2445 449 2480 debet
488 2445 537 2480 ab
577 2445 630 2481 eis
669 2445 816 2482 auferri
854 2447 1033 2484 seculare
1078 2449 1301 2486 dominium
1348 2459 1384 2486 et
1430 2451 1516 2487 dari

199 2501 445 2538 secularibus
483 2515 583 2551 quos
622 2504 803 2540 Christus
842 2505 1001 2542 ordinat
1041 2519 1240 2555 occupare
1279 2509 1354 2544 hoc
1399 2507 1515 2545 mini-

199 2559 378 2606 sterium,
420 2570 711 2610 consequenter
749 2571 883 2599 autem
924 2565 1041 2600 debet
1080 2566 1129 2601 ab
1164 2565 1218 2602 eis
1257 2566 1404 2603 auferri
1443 2581 1514 2616 po-

268 2735 293 2755 2.
313 2729 358 2756 A:
381 2737 486 2756 servos
507 2729 626 2758 debere.
717 2740 746 2765 4.
768 2732 797 2759 A
817 2732 846 2759 in
869 2741 983 2767 marga
1005 2733 1187 2768 Responsio.
1285 2735 1309 2763 5.
1331 2735 1370 2763 E:
1396 2736 1514 2764 Omnes

199 2763 312 2796 eciam;
333 2768 361 2790 et
382 2764 412 2791 in
434 2764 582 2799 margine.
649 2774 687 2793 12.
708 2767 737 2793 A
757 2766 787 2793 in
809 2775 922 2803 marg:
946 2768 1115 2795 Ordinacio
1136 2768 1342 2797 Constantini.
1410 2779 1451 2806 19.
1468 2773 1511 2799 A:

199 2802 226 2824 et
247 2797 340 2825 deest.
415 2806 461 2826 20.
482 2800 527 2827 A:
548 2804 649 2828 autem
671 2801 772 2831 deest:
793 2801 834 2829 ib.
851 2802 874 2829 E
888 2802 918 2829 in
936 2811 1049 2837 marg:
1073 2803 1225 2832 Primatus
1240 2805 1386 2833 secularis
1401 2814 1513 2841 appro-

200 2833 288 2859 batur
307 2841 323 2860 a
345 2833 479 2860 Christo.
553 2842 596 2862 22.
618 2835 686 2863 DE:
708 2836 901 2864 ordinacioni
924 2837 1037 2865 resistit
1057 2838 1152 2865 deest.
1232 2847 1279 2873 24.
1300 2840 1325 2867 E
1345 2840 1374 2867 in
1397 2849 1512 2875 marg:

198 2867 295 2899 Nota;
326 2867 365 2895 ib.
386 2869 432 2895 A:
461 2869 551 2896 simia
572 2869 616 2897 sic
635 2870 736 2901 deest:
766 2871 806 2898 E:
836 2872 941 2899 simea.
1049 2873 1092 2904 25.
1115 2873 1162 2901 26.
1183 2875 1226 2901 A:
1257 2879 1319 2902 tam
1339 2880 1511 2910 acceptum.

199 2901 242 2928 28.
266 2902 332 2929 DE:
355 2903 398 2930 exi
425 2911 473 2930 cre
494 2903 546 2930 sic.
621 2912 667 2940 29.
684 2905 751 2933 DE:
773 2911 801 2933 et
823 2906 992 2934 brachium.
1067 2907 1112 2942 34.
1137 2908 1204 2936 DE:
1226 2909 1269 2936 De
1290 2918 1368 2945 qu03
1390 2910 1428 2937 13:
1450 2919 1511 2946 qno

198 2941 326 2965 tantum.
418 2938 442 2966 5.
465 2938 490 2965 l.)
512 2938 542 2966 in
563 2947 676 2975 marg:
698 2941 795 2976 Nota3
816 2942 844 2968 A
865 2941 894 2968 in
917 2950 1030 2977 marg:
1055 2951 1073 2970 1.
1147 2943 1192 2971 38.
1212 2945 1241 2971 A
1262 2945 1291 2971 in
1313 2953 1428 2980 marg.:
1449 2953 1474 2972 2.

1730 315 1809 352 290

1580 426 1764 453 Distinction

1538 460 1671 488 between
1696 462 1811 488 senice

1537 499 1566 520 to
1588 496 1705 523 seculus
1727 497 1810 523 toi-ds

1537 529 1594 556 und
1618 535 1647 556 to
1671 532 1809 564 prelatos.

1576 2283 1643 2310 The
1663 2284 1764 2318 clergv

1564 2318 1639 2345 have
1660 2326 1676 2345 a
1698 2315 1777 2354 right

1555 2353 1627 2389 only
1647 2358 1677 2380 to
1699 2354 1786 2380 alms.
