1986 3380
207 308 284 345 360

227 955 256 982 A
276 959 378 983 curate
398 959 451 982 not

281 991 397 1026 always

247 1026 430 1059 punishable

213 1060 341 1088 because
361 1069 419 1088 one
440 1059 473 1087 of

267 1095 315 1123 liis
336 1095 414 1123 flock

269 1130 416 1164 perishes.

238 2058 446 2099 Eiidowment

263 2103 418 2123 inci-cases

217 2129 459 2166 responsibility.

791 317 1015 349 JOHANle
1035 316 1217 349 wrciir
1236 317 1494 350 SERMONUM
1598 301 1750 362 [SERMO
1774 314 1805 342 1„

493 423 596 471 sapit
638 423 898 471 prudenciam
941 422 1035 471 quin
1078 424 1135 459 lex
1169 423 1314 459 Christi
1355 423 1557 471 primitiva
1598 423 1698 460 foret
1737 437 1806 472 per

493 494 532 517 se
567 481 702 518 utilior
742 491 821 518 tam
859 481 1037 529 partibus
1077 481 1264 529 obligatis
1303 481 1538 518 altrinsecus
1578 494 1697 531 quam
1732 481 1806 518 toti

493 539 658 576 ecclesie
692 540 893 578 militanti,
928 552 999 576 nec
1023 539 1106 575 scio
1131 539 1367 576 convincere
1390 539 1487 587 quin
1510 539 1611 576 sicut
1634 539 1807 588 apostoli

493 597 657 646 obligati
692 607 781 633 sunt
818 599 890 634 boc
924 610 1046 634 onere
1079 597 1265 646 simplici,
1305 597 1360 634 sic
1395 607 1430 634 et
1464 598 1673 646 presbiteri
1707 610 1807 646 quos

493 655 567 704 ipsi
602 656 641 692 in
675 656 772 692 locis
806 655 970 692 diversis
994 664 1228 692 statuerant.
1265 657 1450 691 Nondum
1475 656 1580 692 enim
1614 656 1841 704 surrepsit5

493 714 663 751 tradicio
698 713 792 761 legis
827 713 970 749 veteris
1000 715 1108 761 quod
1142 713 1269 750 curati
1300 723 1452 750 tantum
1481 715 1596 750 debet
1630 713 1807 762 recipere

493 774 540 809 de
580 771 745 808 decimis
786 780 822 808 et
864 771 1141 808 oblacionibus
1180 771 1432 808 subditorum
1473 773 1541 808 sed
1586 773 1805 809 secundum

493 831 671 878 regulam
711 830 894 878 Apostoli
935 831 982 866 de
1027 829 1227 866 alimentis
1267 838 1303 866 et
1341 830 1581 878 tegumentis
1627 830 1808 878 corporis

493 887 729 925 contentari.

551 948 628 983 Sed
674 946 813 982 relicta
859 945 933 982 ista
978 945 1148 982 materia
1193 945 1280 982 aliis
1326 946 1506 995 personis
1551 954 1587 982 et
1635 946 1867 994 temporiio

494 1006 718 1041 notandum
753 1005 861 1053 quod
900 1016 981 1040 non
1020 1017 1065 1040 eo
1104 1003 1191 1052 ipso
1231 1005 1339 1052 quod
1378 1004 1561 1041 subditus
1601 1004 1702 1052 perit
1736 1006 1807 1041 sub

494 1063 688 1111 regimine
720 1061 861 1108 curati,
896 1061 1044 1098 subibit
1067 1062 1151 1110 ipse
1175 1071 1336 1099 curatus
1368 1075 1514 1110 penam
1540 1061 1807 1107 consimilem,

496 1121 590 1169 quia
624 1121 679 1158 sic
713 1121 895 1158 Christus
929 1121 1218 1169 dampnaretur
1251 1133 1322 1168 per
1355 1121 1540 1158 Scarioth
1575 1130 1611 1158 et
1644 1121 1703 1158 vix
1737 1121 1809 1158 ali-

495 1180 583 1229 quis
617 1188 779 1216 curatus
813 1180 997 1215 evaderet
1029 1192 1110 1215 non
1144 1180 1398 1227 dampnatus.
1434 1181 1525 1216 Ideo
1558 1181 1808 1228 pensandum

494 1247 551 1275 est
584 1246 778 1287 quantum
815 1246 976 1273 curatus
1009 1237 1210 1285 obligatur
1244 1250 1287 1273 ex
1319 1238 1404 1285 lege
1439 1238 1600 1275 Domini
1634 1239 1684 1274 ad
1717 1250 1809 1286 pro-
1829 1243 1865 1275 15

496 1297 739 1333 dessendum
773 1295 942 1332 subditis
977 1304 1013 1331 et
1036 1308 1110 1343 pro
1143 1303 1254 1332 tanta
1277 1295 1528 1343 obligacione
1559 1295 1810 1333 strictissime

493 1354 668 1391 Domino
702 1353 975 1403 respondebit.
1010 1353 1050 1389 Si
1083 1362 1216 1390 autem
1253 1353 1317 1390 hic
1350 1354 1391 1390 in
1424 1354 1499 1390 hoc
1522 1354 1747 1403 peccaverit
1773 1362 1809 1390 et

492 1426 573 1449 non
618 1412 868 1457 satisfecerit,
910 1411 984 1448 erit
1023 1411 1186 1448 indubie
1233 1421 1428 1460 perpetuo
1474 1414 1808 1461 condempnatus.

493 1472 570 1508 Sed
604 1471 698 1519 quia
737 1470 811 1507 ista
850 1470 1054 1507 sentencia
1095 1479 1152 1507 est
1192 1470 1354 1518 prelatis
1394 1470 1568 1517 odibilis,
1607 1470 1698 1507 ideo
1736 1483 1810 1507 nec

492 1538 688 1567 tractatur
721 1529 780 1565 lex
814 1527 885 1565 Dei
920 1529 968 1565 de
1002 1528 1225 1577 quantitate
1258 1541 1327 1565 sue
1360 1528 1623 1576 obligacionis
1657 1541 1729 1566 nec
1762 1530 1809 1565 de
1825 1544 1868 1566 20

494 1587 774 1624 satisfaccione
807 1600 875 1623 sue
914 1586 1157 1633 omissionis,
1202 1596 1239 1638 et
1278 1595 1414 1624 tamen
1454 1596 1668 1636 utrumque
1707 1587 1811 1624 foret

492 1645 764 1683 necessarium
806 1654 888 1682 tam
928 1644 1098 1682 subditis
1138 1657 1259 1694 quam
1299 1645 1396 1691 illis3
1437 1657 1511 1682 nec
1551 1654 1658 1682 caret
1697 1645 1811 1682 laicis

494 1717 589 1741 cura
629 1703 874 1749 huiusmodi,
917 1716 1007 1740 cum
1046 1703 1282 1751 temporalis
1322 1703 1509 1740 dominus
1553 1705 1601 1740 de
1645 1704 1729 1752 lege
1775 1712 1811 1740 et

493 1762 656 1800 racione
688 1762 749 1799 sui
789 1761 958 1799 dominii
996 1760 1045 1798 sit
1085 1761 1299 1810 dupliciter
1337 1762 1548 1810 obligatus.
1604 1761 1677 1798 Cui
1717 1774 1810 1810 ergo

493 1823 599 1858 Deus
633 1822 756 1858 donat
789 1821 905 1868 plura
939 1828 975 1856 et
1009 1818 1163 1856 maiora
1198 1819 1413 1857 carismata
1450 1819 1606 1856 videtur
1639 1819 1811 1868 amplius
1828 1823 1867 1856 25

494 1878 679 1928 obligari.
737 1880 792 1915 Ex
836 1890 915 1927 quo
961 1878 1207 1914 concludunt
1257 1877 1422 1926 quidam
1471 1879 1579 1927 quod
1634 1879 1811 1915 humana

493 1937 693 1986 obligacio
725 1938 784 1974 vel
824 1945 881 1973 est
920 1936 1124 1984 superflua
1156 1936 1229 1982 vel,
1270 1948 1360 1973 cum
1394 1945 1556 1973 onustat
1589 1936 1810 1985 obligatum

493 1996 577 2032 sine
609 1995 741 2032 fructu
774 1993 919 2041 meriti,
953 1995 1054 2031 foret
1087 1994 1220 2031 stulta.

553 2055 630 2091 Sed
664 2054 771 2091 circa
803 2052 1068 2100 obligacionis
1102 2061 1352 2089 crementum
1395 2065 1438 2089 ex
1471 2051 1684 2089 dotacione
1717 2065 1811 2089 con-

494 2113 662 2148 tendunt
695 2111 896 2149 scolastici
930 2114 987 2157 (ut
1021 2110 1261 2160 quibusdam
1301 2110 1472 2157 videtur)
1506 2111 1615 2160 quod
1648 2112 1810 2148 dotatus
1827 2114 1867 2148 30

495 2179 533 2207 et
565 2172 783 2219 prudenter
817 2170 1042 2218 expendens
1076 2169 1315 2206 elemosinas
1354 2181 1428 2206 nec
1461 2169 1622 2206 aliunde
1654 2170 1811 2206 subtra-

496 2229 592 2266 hens
625 2231 673 2266 de
705 2227 903 2278 spirituali
936 2228 1125 2276 suffragio
1151 2236 1325 2264 meretur
1348 2227 1521 2276 amplius
1552 2239 1635 2264 non
1657 2228 1811 2273 dotato,

495 2287 590 2336 quia
634 2287 866 2336 recipiendo
911 2286 1000 2323 illas
1045 2285 1286 2323 elemosinas
1331 2295 1519 2323 exonerat
1571 2285 1719 2322 laicum
1773 2294 1811 2322 et

495 2345 739 2394 prudencius
772 2347 878 2382 bona
918 2344 1082 2382 ecclesie
1122 2344 1374 2393 impertitur;
1413 2356 1486 2381 nec
1525 2343 1687 2381 aliunde
1720 2344 1804 2380 sub-

494 2403 617 2440 trahit
651 2405 699 2441 de
730 2403 929 2453 spirituali
964 2403 1116 2449 debit0;
1152 2415 1245 2450 ergo
1268 2402 1441 2452 amplius
1464 2410 1729 2451 promeretur.
1762 2404 1812 2438 Et
1827 2406 1867 2440 35

494 2461 739 2511 possibilitas
771 2461 1043 2499 antecedentis
1078 2473 1121 2498 ex
1155 2462 1230 2498 hoc
1262 2460 1419 2498 videtur
1450 2459 1670 2509 probabilis
1703 2461 1812 2509 quod

567 2686 587 2706 1.
607 2677 677 2706 DE:
699 2677 815 2706 Christi
836 2676 930 2705 deest.
982 2711 989 2715 ⁴
1022 2676 1047 2705 3.
1069 2676 1137 2704 DE:
1159 2685 1253 2713 quare
1273 2676 1361 2704 sicut.
1446 2685 1476 2711 4,
1497 2676 1521 2705 5.
1543 2676 1612 2704 DE:
1634 2675 1716 2713 quod
1738 2674 1808 2711 ipsi.

497 2713 525 2741 6.
547 2714 591 2741 A:
613 2718 642 2741 et
661 2713 757 2741 curati
778 2712 900 2740 debent.
973 2714 1002 2746 0,
1022 2720 1049 2748 7.
1070 2712 1095 2740 E
1113 2712 1144 2740 in
1166 2719 1279 2747 marg.:
1300 2711 1392 2739 Nota.
1460 2720 1486 2746 7.
1506 2712 1551 2739 A:
1573 2715 1600 2739 et
1621 2710 1808 2745 secundum;

497 2748 537 2776 ib.
553 2748 578 2776 D
600 2748 629 2776 in
652 2756 766 2783 marga
821 2746 881 2774 uod
904 2754 964 2774 non
987 2755 1109 2785 semper
1129 2750 1252 2774 curatus
1270 2746 1362 2785 ‘debet
1382 2746 1568 2781 respondere
1588 2754 1645 2785 pro
1666 2745 1808 2779 subditis,

497 2782 521 2810 si
542 2783 752 2830 dampnantur
772 2790 806 2830 su
848 2781 913 2820 eius
934 2782 1092 2817 regimine.
1168 2781 1204 2821 35.
1224 2780 1249 2808 E
1269 2789 1298 2808 ln
1320 2781 1553 2843 ¹¹mrqji·pen⁵a
1573 2780 1631 2808 hic.
1707 2788 1749 2842 ¹¹9·
1764 2781 1809 2819 ᾼτ

497 2817 945 2880 23¹³0351¹153535¹⁷¹33¹¹ffl
967 2816 1117 2878 εῗέιὲῖἔῖ
1140 2816 1415 2878 ¹³¹33⁸E111²1lsar⁴
1442 2814 1810 2884 ¹-¹¹R⁰215¹52‘³e11125313⁰<1¹³¹33-‘35

497 2873 555 2922 prb
575 2872 751 2914 donatorum
773 2871 997 2913 habilitacione.
1097 2872 1144 2919 34.
1166 2885 1191 2913 D
1212 2870 1242 2912 i’n
1263 2893 1378 2920 marga
1430 2871 1509 2912 irum
1531 2884 1654 2912 dotatus
1675 2872 1811 2912 virtuos'e

497 2921 673 2957 expendens
700 2921 779 2949 bona
804 2920 930 2948 ecclesie
955 2924 983 2948 et
1008 2920 1130 2948 aliunde
1157 2928 1188 2947 se
1209 2927 1268 2947 non
1290 2919 1456 2955 expediens
1477 2919 1545 2954 plus
1566 2923 1699 2947 meretur
1718 2926 1810 2954 quam

498 2956 521 2984 si
543 2956 621 2984 foret
641 2964 701 2984 non
723 2956 856 2984 dotatus.
929 2954 976 2983 36.
997 2955 1035 2982 E:
1058 2955 1139 2991 quia.
