1986 3380
228 277 362 306 SERMO
383 279 522 308 xxxix.
543 267 622 325 XL]
697 281 913 314 SECUNDA
940 281 1066 313 PARS.
1750 276 1826 312 285

230 400 354 437 agnos
386 388 485 424 inter
518 388 638 436 lupos.
673 388 807 423 Estote
844 400 940 437 ergo
976 388 1189 436 prudentes
1219 387 1315 423 sicut
1347 396 1542 436 serpentes

229 453 264 480 et
301 446 494 494 simplices
537 446 634 481 sicut
671 446 843 481 columbe
887 444 1014 490 (cuius
1060 444 1260 492 exposicio
1300 454 1408 492 patet
1447 446 1541 482 alibi

229 504 423 539 Sermone
456 504 598 539 XXIIIO
634 502 749 539 huius
783 513 819 539 et
853 505 1045 539 Sermone
1068 504 1192 538 xxv
1228 502 1355 550 prime
1388 503 1540 550 partis).

678 639 870 678 SERMO
903 639 1093 679 XXXIX.

193 737 208 768 5
284 735 458 770 Elevatis
487 735 598 770 Jesus
635 734 755 769 oculis
793 735 827 769 iu
862 735 1070 783 disczpulos
1110 747 1199 770 suos
1233 734 1400 770 dicebat:
1431 735 1544 770 Beati

220 805 415 842 pauperes
451 793 603 841 spiritu,
641 792 818 840 quonium
860 801 1028 828 vestrum
1062 800 1114 828 est
1150 805 1313 841 reguum
1354 793 1537 829 celorum.

228 853 332 887 Luce
363 853 448 895 V10,
485 861 547 887 20.

284 910 389 945 Istud
436 908 611 945 creditur
651 920 735 945 esse
775 908 1022 956 evangelium
1066 909 1112 944 dc
1153 922 1230 956 quo
1271 908 1437 944 Matthei
1471 902 1827 967 ΨΟ,ΟᾟῙῖῇίξίίῗζῐῐῃξςῦἰῑῃ

225 967 318 1015 quia
361 980 441 1003 non
486 976 680 1013 repugnat
720 968 828 1014 quod
874 967 1021 1003 ibidem
1062 968 1179 1002 datur
1218 966 1463 1014 complecius
1503 976 1539 1002 et
1556 962 1827 1002 scrmonXlel.

169 1038 208 1060 10
225 1025 287 1062 hic
312 1026 480 1071 brevius,
498 1037 587 1061 cum
613 1024 750 1060 omnia
775 1037 851 1072 que
876 1025 938 1060 hic
963 1024 1150 1060 dicuntur
1167 1025 1206 1060 in
1230 1024 1308 1061 alio
1333 1024 1539 1071 evangelio

133 1074 528 1136 F0¹3confirmantu1n
578 1085 624 1118 Et
664 1091 795 1130 potest
829 1095 960 1119 sermo
1002 1083 1113 1118 istius
1144 1079 1147 1135 Ι
1177 1083 1368 1130 evangelii
1410 1083 1536 1130 aptari

127 1120 189 1153 ²¹5
224 1143 271 1178 ad
298 1143 489 1190 populum
517 1151 552 1177 et
579 1141 820 1188 martyribus
851 1140 1060 1189 applicari.
1096 1140 1237 1176 Omnis
1269 1141 1371 1177 enim
1405 1153 1537 1180 eausa,

225 1200 404 1248 martyrii
435 1212 584 1236 merces
616 1208 652 1235 et
682 1199 863 1235 hortacio
896 1199 934 1235 in
965 1199 1168 1246 evangelio
1199 1199 1274 1235 isto
1305 1199 1536 1238 includitur.

222 1272 358 1306 ymmo
392 1258 639 1305 evangelium
675 1257 799 1293 instar
837 1257 987 1305 speculi
1029 1257 1177 1293 indicat
1218 1257 1369 1293 homini
1410 1266 1534 1294 totam

169 1317 362 1353 15faeiem
405 1316 519 1352 huius
560 1315 711 1357 mundi,
746 1315 887 1352 faciem
927 1316 985 1352 sui
1026 1315 1151 1363 ipsius
1184 1317 1403 1352 secundum
1440 1315 1537 1351 inte-

222 1374 368 1411 riorem
410 1374 614 1411 hominem
659 1382 695 1409 et
729 1373 979 1417 exteriorem,
1014 1386 1150 1421 ymmo
1185 1374 1322 1410 faciem
1361 1373 1428 1409 Dei
1463 1373 1536 1418 sui,

221 1445 266 1469 eo
297 1434 403 1481 quod
434 1441 608 1481 quatuor
637 1440 727 1468 sunt
757 1444 893 1468 sensus
922 1431 1118 1479 scripture
1148 1431 1185 1466 in
1218 1432 1328 1468 cuius
1358 1432 1536 1480 qualibet

220 1500 333 1538 parte
379 1492 555 1527 relucent
599 1490 672 1527 iste
717 1499 890 1538 quatuor
934 1489 1066 1530 facies,
1113 1489 1143 1525 si
1189 1490 1287 1526 visio
1333 1490 1535 1526 interioris

221 1549 394 1585 hominis
433 1549 488 1585 illi
522 1549 626 1597 parti
659 1547 810 1596 speculi
843 1548 891 1584 sit
925 1557 1074 1596 aptata.
1111 1550 1257 1584 Notata
1291 1560 1384 1595 ergo
1418 1560 1534 1596 expo-

162 1621 204 1642 20
219 1607 368 1644 sicione
393 1606 499 1644 dicta
523 1607 562 1642 in
593 1608 787 1643 Sermone
810 1607 970 1642 ΧΧἫΙΟ
986 1605 1169 1642 videlicet
1194 1606 1232 1642 in
1258 1606 1319 1642 die
1343 1606 1532 1642 Omnium

219 1667 459 1702 Sanctorum
509 1673 641 1713 potest
686 1664 854 1701 materia
899 1664 1015 1700 huius
1065 1663 1261 1701 sermonis
1312 1665 1531 1701 secundum

219 1723 530 1771 congruenciam
564 1722 642 1759 loci
676 1731 712 1759 et
745 1722 940 1771 temporis
973 1722 1172 1771 adaptari.

718 1860 913 1901 SERMO
947 1861 1034 1900 XL.

279 1956 374 1992 Cum
403 1963 685 2005 persequentur
709 1968 774 1992 vos
805 1956 840 1992 in
875 1956 1027 1992 civitate
1059 1955 1143 2001 ista,
1159 1955 1296 2005 sugite
1327 1955 1362 1991 in
1402 1955 1531 1991 aliam.

160 2017 199 2050 25
217 2014 384 2051 Matthei
416 2015 485 2060 XO,
521 2015 586 2050 23.

274 2074 360 2109 Hoc
411 2072 659 2120 evangelium
713 2073 829 2109 docet
881 2081 1076 2120 martyres
1129 2072 1334 2120 quomodo
1387 2073 1532 2108 debent
1567 2076 1812 2116 C111·istteaclies

215 2130 400 2167 laborare
428 2130 469 2167 in
498 2130 665 2167 ecclesia
695 2129 905 2167 militante.
941 2129 1122 2167 Christus
1154 2130 1257 2166 enim
1290 2138 1533 2178 conquestor
1557 2112 1815 2174 H1sflesghfiriglrfizto

214 2188 391 2236 optimus
435 2190 552 2225 docet
591 2201 682 2225 suos
722 2188 868 2225 milites
908 2201 978 2236 per
1024 2188 1156 2236 fugam
1206 2196 1243 2224 et
1282 2187 1530 2235 pacienciam
1584 2183 1790 2216 persecution.

216 2247 454 2295 conquirere
477 2247 551 2283 sibi
574 2258 761 2295 regnum:
795 2259 868 2283 nec
894 2247 969 2283 hoc
994 2255 1050 2282 est
1072 2245 1261 2283 vecordia
1284 2247 1351 2282 sed
1375 2258 1531 2282 summa

159 2309 200 2342 30
215 2304 434 2353 prudencia
458 2318 578 2354 quam
604 2305 671 2353 qui
700 2317 781 2340 non
811 2304 996 2341 didicerit
1020 2305 1256 2340 detrudetur
1279 2305 1329 2340 ad
1360 2304 1532 2340 maxime

216 2364 396 2411 penalem
444 2363 692 2412 pacienciam
738 2362 988 2409 infernalem,
1029 2362 1123 2411 quia
1174 2363 1232 2407 (ut
1270 2370 1379 2410 patet
1419 2361 1529 2409 alibi)

214 2434 371 2458 summa
416 2421 665 2458 medicinalis
710 2433 783 2470 pro
827 2421 890 2458 via
936 2429 992 2457 est
1037 2420 1210 2457 hominis
1250 2419 1455 2468 paciencia
1496 2429 1532 2456 et

213 2492 371 2517 summa
408 2479 562 2528 penalis
601 2479 641 2516 in
678 2488 845 2525 tartaro,
882 2491 972 2515 eum
1007 2478 1216 2527 dampnati
1249 2491 1331 2515 non
1364 2487 1530 2526 possunt

282 2645 307 2665 2.
328 2639 373 2665 A:
395 2637 472 2665 sicut
493 2637 587 2665 deest.
673 2635 698 2664 3*
719 2637 763 2664 A:
784 2636 933 2664 Sermone
954 2636 1011 2668 111:
1033 2636 1072 2663 ib.
1089 2637 1134 2664 A:
1157 2636 1247 2664 liuius
1262 2652 1295 2655 —
1311 2636 1406 2671 partis
1427 2636 1527 2666 deest:

212 2672 253 2699 ib.
275 2672 342 2700 DE:
374 2672 524 2701 Sermone
552 2672 589 2699 11.
620 2672 758 2700 Correxi.
791 2671 836 2699 Cf.
868 2672 966 2700 Serm.
997 2671 1090 2699 XXX.
1123 2671 1214 2698 l’rim.
1247 2672 1330 2701 Pars,
1384 2679 1430 2706 ag.
1461 2671 1528 2698 206.

212 2708 236 2735 5.
256 2708 285 2734 A
305 2707 334 2734 in
356 2715 469 2742 marg:
491 2707 599 2735 Sermo
619 2706 766 2736 XXXIX:
794 2707 817 2733 D
839 2707 868 2734 in
892 2715 1004 2742 murga
1026 2706 1170 2734 XXXIX:
1200 2707 1240 2733 ib.
1262 2706 1330 2733 DE:
1375 2706 1472 2732 icebat
1492 2706 1529 2732 ad

213 2742 392 2776 discipulos.
449 2750 478 2778 9.
499 2741 568 2770 DE:
613 2741 671 2769 uod
693 2742 785 2769 idem.
850 2750 882 2769 11.
904 2742 947 2768 A:
971 2742 1067 2777 aptari
1090 2742 1184 2768 deest.
1247 2748 1292 2775 24.
1314 2742 1342 2768 A
1363 2741 1391 2767 iu
1414 2748 1528 2774 marga

213 2776 322 2804 Sermo
341 2776 397 2804 XII
417 2777 478 2808 (sic)
497 2776 567 2811 XL;
634 2776 663 2803 in
686 2784 799 2803 maren:
820 2775 890 2807 XL:
912 2777 951 2803 ib.
973 2777 1017 2804 A:
1041 2781 1283 2815 persequuntur:
1305 2775 1345 2802 ib,
1368 2775 1435 2802 DE:
1457 2775 1530 2802 civi-

212 2816 272 2838 tate
288 2819 356 2838 una.
413 2810 455 2838 33.
471 2812 515 2839 A:
538 2819 675 2844 summe:
694 2811 736 2838 ib.
752 2797 775 2838 E
790 2812 820 2838 in
837 2819 950 2846 marg:
973 2812 1120 2838 Probacio
1136 2815 1222 2846 tuge;
1244 2811 1284 2838 ib.
1302 2810 1369 2837 DE:
1393 2815 1529 2845 possent.

287 2918 339 2949 24.
367 2906 416 2940 Cf.
437 2907 598 2950 Wyclif’s
624 2909 803 2947 sermons,
831 2907 885 2939 ed.
911 2906 956 2950 by
984 2907 1126 2948 Arnold,
1155 2907 1177 2947 1,
1206 2916 1284 2949 pag.
1312 2905 1389 2937 206.
