1986 3380
725 308 948 339 JOHANNJS
969 308 1150 340 wYCLlF
1169 310 1423 341 SERMONUM
1478 295 1629 353 [Sl-JRMO
1654 307 1747 334 XVH·

436 426 585 462 ponere
630 415 736 462 quod
785 414 994 463 quicunque
1042 415 1166 450 viator
1210 416 1318 452 debet
1364 416 1526 452 vendere
1570 416 1635 451 illa
1682 429 1751 464 que

148 479 291 506 Howwc
309 473 604 522 shouldpossidet
642 480 675 508 et
709 473 835 508 dando
874 473 1118 509 elemosinam
1157 486 1283 510 emere
1316 486 1480 523 regnum
1514 474 1598 509 Dei.
1640 473 1750 510 Sicut

213 515 290 550 obey
311 514 360 542 the

177 549 342 576 command
364 554 394 576 to

196 584 247 611 sel}
269 585 306 611 all
330 593 374 611 we

220 627 354 654 possess.

200 1468 297 1497 What
317 1469 366 1496 the

147 1505 364 1539 gospel-purse
384 1504 420 1531 is.

436 530 540 567 enim
560 539 719 578 oportet
735 539 1090 579 quantumcunque
1107 531 1267 568 divitem
1293 533 1511 568 secundum
1536 531 1749 579 specialem

437 590 601 625 modum
643 588 813 624 habendi
848 590 942 625 dare
982 598 1019 625 et
1052 591 1220 626 vendere
1255 592 1336 626 l)eo
1377 602 1459 631 sua,
1500 589 1553 625 sic
1593 598 1752 637 oportet

437 656 793 695 quantumcunque
838 659 1056 695 pauperem
1103 649 1320 684 secundum
1367 660 1490 695 opera
1534 647 1785 694 spiritualisfi

439 704 712 741 misericordie
748 716 878 740 emere
910 718 1071 753 regnum
1099 705 1188 743 Dei:
1220 707 1324 741 unde
1354 705 1446 753 quia
1476 704 1514 741 in
1545 704 1612 741 tali
1645 718 1752 741 com-

439 763 666 799 mutacione
700 776 779 798 non
811 772 867 798 est
896 763 1052 799 ablacio
1085 763 1333 809 altrinsecus,
1368 763 1456 799 ideo
1489 762 1585 799 [saie
1612 765 1709 807 LV‘),
1736 777 1743 798 1

438 820 602 857 dicitur:
645 821 771 857 Venite
815 828 849 856 et
889 821 998 857 emite
1043 822 1184 870 absque
1220 829 1386 872 argento
1424 829 1458 857 et
1496 822 1636 869 absque
1675 821 1752 856 ulla

437 879 737 915 commutacione
776 879 901 914 vinum
941 887 975 915 et
1013 879 1083 915 luc.
1125 879 1234 915 Sicut
1274 879 1378 916 enim
1420 879 1546 915 fidelis
1585 892 1752 915 usur-ans

437 936 698 985 spiritualiter
721 937 875 973 lucrum
906 949 985 973 non
1016 936 1173 983 deserit,
1197 939 1264 973 scd
1295 937 1426 985 primo
1450 938 1752 985 quodammodo
1772 951 1811 973 ιο

437 995 509 1031 sibi
552 994 670 1043 capit,
710 994 765 1031 sic
804 997 966 1044 quando
1007 996 1128 1031 homo
1167 996 1233 1032 dat
1268 998 1350 1031 Deo
1389 997 1537 1031 bonum
1575 995 1752 1044 aliquod,

438 1054 487 1089 ab
511 1066 557 1090 eo
596 1065 637 1090 se
670 1053 799 1101 ipsum
833 1066 911 1089 non
946 1053 1091 1101 spoliat
1121 1055 1187 1088 sed
1220 1053 1364 1089 sorcius
1399 1054 1516 1089 habet
1546 1053 1655 1089 illud.
1690 1053 1754 1088 Sic

439 1113 544 1147 Deus
578 1112 740 1160 quando
765 1113 831 1148 dat
856 1111 1009 1147 homini
1043 1110 1330 1147 beatitudinem
1363 1112 1421 1147 vel
1452 1113 1601 1147 donum
1632 1111 1753 1155 uliud,

437 1182 518 1205 non
552 1182 592 1205 se
624 1169 754 1218 ipsum
790 1169 918 1217 privat
948 1170 1054 1205 dono
1089 1168 1317 1205 huiusmodi
1351 1170 1417 1205 sed
1452 1169 1636 1217 acquirit,
1661 1168 1754 1217 quia

438 1230 496 1275 (ut
520 1228 624 1275 leges
641 1228 814 1263 humane
830 1228 1075 1274 fabulantur)
1098 1226 1287 1275 quicquid
1312 1240 1446 1263 servus
1469 1227 1541 1263 sihi
1567 1226 1755 1275 quesierit
1775 1232 1811 1264 15

438 1285 604 1321 domino
633 1298 705 1321 suo
736 1284 970 1333 acquiritur.
1002 1286 1078 1320 Sed
1098 1285 1344 1332 evangelium
1370 1286 1485 1321 docet
1515 1298 1603 1321 cum
1629 1284 1754 1333 quali-

438 1345 509 1379 bus
534 1342 702 1380 sacculis
726 1344 872 1379 debent
896 1351 1120 1379 mercantes
1143 1342 1373 1379 huiusmodi
1397 1343 1575 1391 operari:
1610 1343 1754 1386 Facite,

440 1401 582 1449 inquit,
617 1401 722 1437 vobis
754 1401 928 1437 sacculos
961 1401 1025 1450 qui
1055 1414 1127 1437 non
1163 1409 1415 1437 veterascunt.

496 1461 550 1495 Ex
568 1472 647 1507 quo
671 1468 780 1507 patet
799 1461 906 1508 quod
932 1458 1205 1496 mendicantes
1223 1459 1343 1496 validi
1368 1472 1458 1495 curn
1483 1458 1562 1495 suis
1586 1458 1754 1495 sacculis

438 1517 799 1566 putrefactibilibus
849 1518 990 1554 saltem
1041 1526 1084 1553 ut
1127 1518 1226 1554 tales
1276 1519 1324 1554 ab
1370 1517 1444 1553 isto
1490 1516 1754 1554 mercimonio
1772 1532 1813 1554 20

438 1585 530 1612 sunt
563 1575 720 1612 exclusi.
766 1575 957 1612 Saeculus
994 1584 1126 1612 autem
1167 1575 1416 1623 evangelicus
1450 1588 1568 1624 quem
1607 1575 1755 1611 limitat

439 1636 544 1671 Deus
589 1633 1014 1682 compendiosissimus
1065 1642 1122 1670 est
1171 1635 1381 1670 thesaurus
1425 1646 1593 1682 operum
1639 1633 1756 1669 meri-

439 1692 636 1729 toriorum
677 1691 745 1741 qui
784 1704 827 1728 ex
861 1691 993 1729 divina
1032 1691 1189 1728 iusticia
1227 1704 1308 1728 non
1346 1700 1514 1740 possunt
1546 1691 1586 1728 in
1625 1691 1755 1728 fructu

438 1749 780 1786 remuneracionis
810 1749 966 1786 celestis
995 1750 1182 1796 deficere3
1213 1749 1304 1786 ideo
1333 1749 1452 1787 iaciat
1477 1749 1604 1786 fidelis
1634 1762 1754 1797 quam

438 1808 634 1845 instanter
666 1808 841 1856 potuerit
879 1820 1002 1856 opera
1042 1807 1247 1844 meritoria
1286 1807 1349 1844 hic
1382 1807 1423 1844 in
1454 1807 1517 1845 via
1549 1816 1586 1844 et
1618 1819 1755 1844 secure
1772 1812 1812 1845 25

439 1875 646 1903 servantur
685 1867 818 1915 quoad
856 1866 1030 1902 fructum
1069 1865 1109 1902 in
1147 1865 1289 1914 patria.
1335 1868 1424 1903 Non
1463 1878 1556 1914 ergo
1595 1874 1755 1914 oportet

441 1923 649 1961 sollicitari
689 1925 737 1960 dc
782 1924 964 1960 custodia
1009 1923 1132 1972 empti
1169 1924 1230 1960 vel
1274 1924 1410 1972 precii,
1450 1924 1544 1973 quia
1583 1923 1622 1960 in
1661 1923 1755 1960 celis

438 1995 520 2019 non
544 1982 586 2018 fit
607 1982 820 2030 corrupcio
836 1983 884 2019 ab
907 1982 1124 2019 intrinseco
1146 1994 1218 2018 nec
1236 1981 1431 2019 violencia
1449 1983 1497 2018 ab
1522 1981 1754 2027 extrinseco,

438 2049 482 2076 ut
514 2039 707 2088 contingit
739 2040 779 2076 in
811 2039 895 2076 istis
923 2040 1227 2089 temporalibus,
1261 2039 1367 2076 circa
1396 2052 1471 2089 que
1503 2039 1682 2076 infideles
1715 2051 1754 2076 se

438 2097 557 2135 nimis
589 2097 820 2135 sollicitant.
860 2099 974 2136 Unde
1006 2099 1190 2135 Salvator
1222 2098 1464 2135 concludens
1497 2098 1537 2134 in
1569 2097 1753 2135 brevibus
1770 2101 1812 2135 30

440 2155 712 2193 differenciam
751 2156 854 2193 inter
886 2156 1073 2194 celicolas
1112 2165 1148 2193 et
1181 2169 1322 2194 avaros
1362 2156 1417 2193 sic
1450 2155 1646 2205 loquitur:
1686 2156 1757 2192 Ubi

439 2221 494 2251 est
531 2214 737 2251 thesaurus
776 2222 876 2262 tuus,
913 2215 964 2250 ibi
999 2222 1055 2251 est
1092 2227 1160 2252 cor
1197 2222 1316 2251 tuum.
1356 2216 1457 2252 Cum
1498 2213 1602 2251 enim
1645 2226 1754 2250 mens

440 2271 489 2308 sit
521 2271 928 2321 porporcionabiliter
967 2272 1007 2309 in
1045 2285 1086 2309 re
1119 2272 1181 2309 cui
1214 2272 1387 2309 aflicitur
1420 2281 1457 2309 et
1489 2285 1557 2309 cor
1589 2271 1629 2308 in
1662 2284 1753 2320 pro-

440 2329 572 2378 posito
611 2330 660 2367 sit
694 2343 805 2367 mens
838 2330 1025 2377 hominis,
1059 2339 1169 2380 patet
1200 2331 1344 2368 veritas
1378 2329 1473 2367 dicti
1507 2329 1667 2367 Christi.
1706 2331 1755 2366 Et

440 2388 516 2425 isto
550 2389 672 2425 modo
705 2389 822 2425 debet
854 2388 1021 2437 intelligi
1045 2390 1261 2437 Apostolus
1291 2390 1398 2437 quod
1430 2389 1491 2425 sui
1521 2397 1557 2424 et
1589 2400 1754 2425 suorum
1771 2391 1811 2424 35

439 2447 684 2483 conversacio
711 2454 767 2483 est
798 2447 833 2482 in
865 2447 969 2493 celis,
1001 2446 1103 2483 sicut
1135 2459 1346 2484 avarorum
1380 2445 1636 2483 conversacio
1665 2441 1671 2500 Ι
1699 2454 1757 2483 est
1772 2438 1854 2499 ¹:⁰¹2.

440 2503 631 2540 interris.
666 2504 871 2553 Quidquid
900 2505 1005 2541 enim
1036 2505 1159 2542 homo
1190 2504 1315 2553 magis
1338 2503 1518 2541 dilexerit
1548 2503 1755 2541 constituit
1777 2494 1837 2528 ¹99

511 2668 531 2688 1.
552 2660 576 2688 Ε
596 2661 625 2688 in
646 2669 761 2697 marg.:
781 2661 934 2689 Vendicio
955 2666 982 2689 et
1002 2662 1124 2697 empcio
1145 2662 1324 2698 spiritualis.
1445 2660 1469 2689 3.
1491 2663 1535 2689 A:
1557 2662 1638 2689 enim
1660 2662 1753 2689 deest.

442 2694 479 2723 13.
500 2695 540 2723 E:
562 2695 645 2722 Deus
665 2695 872 2724 commendat.
931 2704 969 2731 ¹7·
991 2697 1019 2724 A
1040 2697 1068 2724 in
1091 2704 1204 2732 marg:
1226 2696 1342 2725 Contra
1362 2695 1487 2724 ordines
1508 2696 1752 2724 Mendicancium

442 2738 496 2766 per
515 2734 623 2757 totum.
698 2737 736 2758 21.
751 2731 797 2758 A:
818 2735 888 2758 sunt
909 2735 995 2765 sunt;
1017 2731 1056 2758 ib.
1073 2731 1097 2758 E
1111 2731 1141 2759 in
1163 2739 1276 2767 marg:
1297 2731 1446 2760 Saeculus
1466 2731 1659 2771 evangelicus
1680 2731 1752 2767 quid

441 2769 495 2792 est.
546 2763 596 2803 βο.
612 2764 651 2792 E:
673 2765 774 2793 verbis
795 2765 949 2793 brevibus.
1011 2765 1053 2794 33.
1071 2766 1111 2794 l):
1135 2765 1334 2802 proporci0r;
1356 2766 1394 2793 ib.
1410 2766 1454 2794 A:
1478 2770 1507 2792 ut
1529 2766 1585 2793 sibi
1607 2765 1755 2799 inlicitum

441 2799 484 2827 D:
505 2807 553 2826 cui
573 2798 728 2835 affligitur.
802 2798 843 2828 35.
864 2801 909 2828 A:
931 2799 961 2827 in
982 2800 1052 2827 ism.

519 2893 544 2915 ι.
570 2883 674 2914 Marci
703 2882 746 2923 X,
773 2893 824 2915 21.
916 2894 964 2926 ¹7·
993 2885 1108 2916 Lucae
1134 2884 1209 2925 ΧΗ,
1239 2884 1291 2918 33.
1389 2883 1443 2918 3ι.
1472 2884 1594 2917 Matth.
1614 2884 1672 2926 Vl,
1701 2893 1753 2918 21.

444 2927 496 2962 36.
524 2928 615 2961 Phil.
642 2929 696 2970 111,
723 2940 778 2962 20.
