1986 3380
0 3121 40 3380 wem
0 3031 15 3107 *ν
2 2873 8 2881 ·

231 322 366 352 sERMO
388 314 472 369 xe]
706 325 919 358 SECUNDA
947 324 1071 357 PARS.

289 434 366 469 Sed
399 432 577 481 sequitur
611 445 653 468 ex
686 441 812 468 textu:
845 432 964 467 Amen
999 432 1082 467 dico
1116 431 1233 475 vobis,
1267 444 1338 466 non
1372 443 1545 466 consum-

231 490 381 526 nmbz'tis
413 491 585 526 civitates
610 490 772 533 Israhel,
807 491 924 525 donec
950 489 1196 538 veniatfilius
1220 488 1393 524 lzmninis.
1430 490 1547 533 Quod

229 549 394 584 verbum
417 548 574 584 videtur
589 561 683 584 sane
706 560 822 595 posse
846 547 1025 594 intelligi,
1041 548 1222 582 notando
1237 547 1345 594 quod
1366 546 1548 582 Christus

230 619 309 641 non
348 606 477 641 solum
520 605 655 653 dirigit
693 618 920 641 sermonem
958 605 1079 641 istum
1119 606 1168 640 ad
1207 604 1296 640 illos
1330 603 1548 651 discipulos

197 665 298 700 5sed
337 665 387 699 ad
421 676 681 712 quoscunque
722 672 916 711 martyres
958 672 1025 700 aut
1060 663 1308 699 confessores
1341 675 1466 710 usque
1500 663 1549 698 ad

231 721 348 757 finale
393 721 586 758 iudicium
630 721 765 757 fideles
813 721 978 757 ecclesie
1027 729 1317 758 convertentes.
1364 721 1549 757 Secundo

230 779 387 815 videtur
402 781 510 827 quod
535 778 721 826 intelligit
745 791 815 826 per
839 778 1017 816 civitates
1038 779 1187 815 Israhel
1208 791 1345 827 greges
1371 778 1548 814 fidelium

231 837 299 885 qui
319 836 562 873 constituent
582 837 784 873 civitatem
810 849 995 884 magnam
1011 837 1230 873 Jerusalem
1255 837 1295 872 in
1314 836 1375 872 die
1399 835 1549 872 iudicii.

232 894 409 940 Quilibet
443 895 547 931 enim
588 894 678 931 talis
718 907 810 942 grex
842 894 944 931 sicut
977 904 1014 931 et
1048 895 1223 943 quelibet
1257 894 1339 931 eius
1379 906 1550 942 persona

179 964 215 986 ιο
232 962 288 989 est
321 953 460 989 civitas
497 966 618 1001 quam
649 952 829 989 Christus
860 952 1058 989 inhabitat
1088 952 1155 1001 qui
1190 961 1246 989 est
1271 953 1433 998 Israhel,
1459 951 1551 1000 quia

231 1010 289 1047 vir
322 1010 459 1048 videns
493 1013 621 1047 Deum
656 1019 693 1047 et
727 1019 847 1059 caput
881 1011 1060 1047 ecclesie.

287 1069 431 1106 Tercio
464 1069 621 1106 videtur
652 1070 759 1117 quod
784 1068 965 1106 Christus
989 1069 1142 1106 animat
1166 1082 1258 1105 suos
1284 1077 1479 1116 martyres
1502 1069 1551 1104 ad

232 1126 383 1163 dictum
409 1127 675 1164 ministerium
700 1139 770 1176 per
795 1128 870 1163 hoc
889 1129 997 1176 quod
1024 1127 1154 1175 ipsum
1178 1140 1260 1163 non
1284 1126 1357 1162 erit
1382 1126 1553 1163 finaliter

232 1194 571 1231 consummatum,
591 1195 807 1234 antequam
828 1185 911 1233 ipse
932 1185 1063 1222 veniat
1082 1185 1321 1234 potestative
1340 1194 1377 1221 et
1393 1184 1552 1221 realiter

180 1244 214 1276 ¹5
232 1245 281 1280 ad
316 1243 434 1280 finale
468 1243 675 1289 iudicium,
710 1245 873 1292 quando
907 1256 1045 1280 omnes
1080 1243 1181 1280 servi
1214 1244 1314 1280 tales
1349 1244 1553 1280 habebunt

232 1301 432 1349 gaudendi
468 1302 677 1338 materiam
713 1311 749 1338 et
782 1315 921 1338 omnes
953 1303 1144 1338 vecordes
1168 1301 1207 1337 in
1230 1302 1305 1338 isto
1332 1301 1553 1338 ministerio

233 1361 437 1396 habebunt
469 1360 679 1396 materiam
711 1360 965 1396 condolendi.
1001 1362 1049 1396 Et
1073 1360 1145 1396 iste
1168 1360 1326 1397 videtur
1349 1359 1446 1396 mihi
1470 1372 1554 1396 esse

232 1430 370 1454 sensus
395 1418 510 1454 huius
533 1418 642 1454 verbi
666 1418 882 1466 evangelici
906 1428 987 1454 tam
1014 1418 1139 1466 priori
1166 1418 1406 1455 conveniens
1431 1430 1552 1466 quam

233 1476 546 1524 sequentiquam
559 1476 685 1512 eciam
696 1476 914 1512 conformis
927 1478 1047 1512 modo
1064 1477 1211 1513 usitato
1227 1477 1359 1525 sepius
1376 1476 1414 1512 in
1431 1476 1554 1524 scrip-

175 1544 217 1565 20
234 1543 322 1570 tura
333 1538 389 1580 (ut
400 1543 509 1582 patet
518 1536 814 1582 Apoc.XX10,22
829 1535 1111 1570 Vidicivitatem
1123 1535 1551 1581 sanctamJerusalem).

291 1593 368 1628 Sed
409 1592 574 1628 ulterius
614 1592 796 1629 Christus
836 1602 1013 1629 removet
1045 1602 1219 1629 terrores
1263 1593 1329 1641 qui
1363 1592 1551 1628 timorem

232 1650 456 1686 incuterent
480 1652 528 1687 ad
553 1651 628 1687 hoc
653 1650 920 1686 ministerium
944 1653 1329 1687 consummandum:
1364 1652 1449 1686 Non
1484 1657 1551 1693 est,

232 1708 373 1757 inquit⁷
426 1709 635 1758 discipulus
685 1721 802 1757 super
846 1710 1079 1759 magistrum
1132 1722 1198 1745 nec
1249 1722 1385 1745 servus
1435 1721 1552 1757 snper

234 1767 427 1803 dominum
457 1779 580 1803 sunm.
615 1769 663 1802 Et
693 1768 764 1803 hec
794 1766 903 1803 racio
936 1769 1048 1803 daret
1073 1767 1180 1803 fideli
1204 1767 1366 1804 cuilibet
1389 1767 1550 1815 plenam

177 1825 217 1857 25
234 1824 353 1861 fidem
387 1827 437 1861 ad
470 1825 711 1873 paciendum
747 1825 982 1873 martyrium
1016 1825 1047 1861 si
1081 1834 1253 1873 oportet,
1288 1826 1554 1873 supponendo

234 1882 366 1931 primo
406 1885 514 1932 quod
555 1896 694 1920 omnes
734 1884 833 1919 tales
875 1883 1045 1920 ministri
1080 1884 1244 1920 ecclesie
1284 1892 1374 1920 sunt
1408 1882 1556 1919 Christi

235 1940 420 1989 discipuli
466 1950 585 1990 atque
631 1942 745 1978 servi.
798 1941 863 1978 Sic
908 1941 1013 1978 enim
1058 1951 1253 1978 vocarunt
1298 1955 1338 1978 se
1383 1940 1556 1990 apostoli

235 2012 368 2035 servos
393 1999 545 2036 domini
567 2002 659 2036 Jesu
683 1999 844 2036 Christi.
881 2002 971 2046 Quo
1001 2000 1211 2048 supposito
1241 2000 1309 2037 fiat
1338 2001 1409 2036 hec
1433 1999 1555 2036 racio.

236 2057 377 2094 Nullus
420 2057 640 2106 discipulus
679 2059 739 2094 vel
785 2070 920 2095 servus
961 2058 1142 2106 magistri
1180 2059 1240 2096 vel
1281 2057 1435 2095 domini
1474 2067 1555 2094 tam

178 2115 221 2147 30
237 2115 452 2163 prestantis
505 2125 541 2152 et
586 2125 670 2152 tarn
723 2125 829 2153 recte
881 2116 1154 2153 conversantis
1207 2118 1323 2153 debet
1368 2125 1558 2165 appetere

237 2186 321 2210 esse
366 2173 550 2222 superior
588 2174 658 2210 tali
705 2174 909 2223 magistro,
951 2176 1019 2211 sed
1064 2187 1202 2211 omnes
1250 2175 1333 2211 eius
1373 2174 1559 2223 discipuli

236 2232 297 2268 vel
344 2231 515 2268 ministri
568 2245 641 2280 pro
687 2241 870 2281 tempore
913 2232 1107 2269 viacionis
1159 2234 1308 2269 habent
1353 2232 1556 2269 Christum

237 2303 353 2326 suum
399 2290 636 2338 magistrum
686 2290 798 2327 istius
846 2290 1116 2337 condicionis;
1164 2304 1257 2339 ergo
1296 2304 1376 2327 non
1415 2292 1559 2327 debent

237 2356 425 2396 appetere
449 2361 532 2385 esse
555 2348 642 2397 ipso
672 2348 912 2397 superioreS,
941 2350 1009 2385 sed
1032 2349 1118 2397 ipse
1147 2362 1272 2398 usque
1305 2351 1354 2385 ad
1389 2358 1557 2385 mortem

181 2406 220 2438 35
237 2419 377 2454 passus
410 2406 483 2442 fuit
515 2406 802 2444 tribulaciones
834 2406 1088 2455 gravissimas
1123 2420 1286 2444 excusso
1319 2420 1560 2456 quocunque

237 2463 383 2500 timore
415 2473 595 2511 vetante;
637 2477 730 2513 ergo
772 2465 854 2501 eius
894 2464 1080 2513 discipuli
1120 2465 1264 2513 singuli
1298 2467 1488 2502 deberent
1520 2477 1561 2501 se

238 2522 370 2558 taliter
393 2523 552 2560 habere.
587 2524 689 2560 Nam
714 2523 754 2559 in
777 2523 887 2560 omni
912 2532 1021 2560 recta
1044 2522 1192 2571 policia
1215 2524 1360 2574 sufficit
1374 2523 1561 2573 discipulo

308 2641 333 2661 2.
354 2634 400 2662 A:
420 2633 535 2661 Israhel
559 2634 652 2661 deest.
737 2642 763 2669 2,
785 2633 810 2661 3.
833 2634 902 2661 DE:
925 2634 1007 2670 quod
1030 2642 1146 2661 verum.
1230 2633 1255 2661 3.
1276 2634 1332 2661 ΑΕ
1351 2634 1381 2661 iu
1403 2642 1518 2670 marg:
1541 2642 1560 2661 1.

239 2670 267 2696 6.
289 2668 344 2696 AE
363 2669 394 2696 iu
415 2677 529 2704 marg:
551 2677 576 2696 2.
643 2677 684 2696 10.
706 2670 751 2696 A:
796 2677 865 2696 uam
885 2669 984 2696 Jesus.
1048 2677 1086 2696 12.
1107 2669 1162 2696 ΑΕ
1182 2669 1211 2696 iu
1234 2678 1348 2704 marg:
1370 2668 1394 2696 3.
1461 2678 1502 2703 14.
1520 2669 1561 2696 D:

239 2704 428 2739 regulariter.
554 2703 592 2731 15.
614 2705 658 2731 A:
681 2712 772 2731 secun
800 2712 850 2731 um
871 2704 955 2731 tales.
1078 2712 1119 2739 ¹9·
1142 2704 1183 2731 D:
1206 2704 1288 2739 quod
1310 2709 1355 2731 est
1374 2704 1561 2733 conformis:

239 2738 279 2765 E:
302 2738 372 2773 quia
392 2743 446 2765 est.
567 2746 610 2765 22.
633 2739 675 2765 D:
697 2739 956 2765 conservandum.
1077 2745 1124 2773 24.
1145 2739 1190 2766 A:
1212 2739 1298 2766 daret
1317 2739 1440 2766 cuilibet
1461 2738 1561 2765 fidem.

240 2773 285 2805 25,
307 2772 353 2800 26.
374 2773 418 2800 A:
441 2772 476 2800 ad
500 2773 685 2808 paciendum
707 2789 740 2792 —
760 2778 882 2808 oportet
903 2773 996 2800 deest.
1141 2774 1185 2801 28.
1208 2773 1278 2800 DE:
1300 2774 1396 2807 servi;
1424 2774 1464 2800 ib.
1487 2773 1561 2800 AD:

241 2807 357 2835 Christi
379 2808 472 2834 deest.
594 2816 642 2842 20.
664 2807 733 2835 DE:
756 2813 816 2835 tam
839 2808 939 2839 deest:
969 2808 1009 2835 ib.
1032 2807 1055 2834 E
1075 2807 1105 2835 in
1127 2817 1242 2841 marga
1264 2808 1355 2835 Racio
1377 2816 1433 2843 pro
1453 2808 1561 2835 littera.

241 2841 287 2869 30.
310 2843 354 2870 A:
375 2846 437 2869 tam
459 2841 695 2870 racionabiliter.
751 2841 791 2870 31.
813 2842 882 2870 DE:
904 2851 973 2870 cum
995 2843 1153 2878 magistro,
1197 2837 1256 2871 ¹36.
1273 2843 1312 2870 E:
1335 2847 1453 2870 veritate
1474 2850 1562 2878 ergo:

187 2917 191 2921 ι
242 2877 283 2904 ib.
305 2876 374 2904 DE:
397 2877 509 2912 singuli
530 2877 624 2904 deest.
697 2876 742 2913 37.
765 2877 835 2905 DE:
857 2882 937 2904 recta
959 2877 1051 2904 deest.

321 2960 346 2981 1.
374 2949 540 2982 Matthaei
567 2950 609 2989 X,
638 2950 690 2982 23.
790 2959 843 2982 22.
871 2951 917 2982 ib.
946 2958 997 2990 24.

1365 3006 1433 3051 19³*

1756 329 1827 367 291

1576 558 1776 593 l-{xpluuatiou
1798 558 1832 585 of

1633 593 1766 620 Christ's

1618 628 1783 663 proplieey.

1640 1599 1774 1626 Christ's

1597 1635 1736 1669 example
1756 1642 1813 1660 our

1572 1673 1841 1704 encouragement.
