1986 3380
173 308 222 342 24
753 303 976 335 louANle
995 303 1177 335 wvctlr
1199 302 1453 335 SERMONUM
1543 287 1694 345 [SERMO
1716 297 1767 325 lv.

189 422 304 460 ‹laune›
325 426 353 448 οι
377 422 423 447 111<
517 415 594 447 Nec
619 419 777 458 oportet
797 422 995 457 occupare
1017 409 1252 445 memoriam
1273 421 1361 445 cum
1387 407 1564 444 ulteriori
1587 408 1769 454 genealo-

260 457 354 491 ¹¹¹³3¹¹¹‘
457 470 519 517 gia
545 481 696 505 eorum.
715 470 845 504 Causa
869 477 1001 504 autem
1027 467 1141 503 huius
1166 467 1254 514 fuge
1271 466 1417 503 Christi
1443 475 1525 503 erat
1552 464 1769 512 multiplex.

458 527 589 576 primo
623 526 740 573 (sicut
774 525 869 561 dicit
902 525 1166 572 evangelium)
1207 533 1247 560 ut
1288 524 1576 573 adimpleretur
1618 522 1768 559 dictum

462 584 624 622 Domini
664 586 765 620 Osee
803 585 888 628 3410,
931 596 966 619 1:
1012 583 1079 619 Ex
1110 584 1276 634 Egl'J-'ffl
1316 583 1450 619 vocavi
1468 583 1598 632 filium
1634 594 1769 617 meum.

461 646 539 680 Nec
585 644 696 679 obest
742 641 832 677 huic
877 643 944 677 sed
991 650 1183 677 consonat
1229 642 1335 688 quod
1383 641 1505 676 multe
1550 640 1626 676 alie
1660 642 1805 675 erant5

461 713 591 741 cause,
626 700 719 749 quia
751 699 853 736 sicut
885 708 1029 736 natura
1052 699 1175 735 utitur
1199 700 1339 735 eodem
1365 711 1516 746 organo
1540 711 1612 746 pro
1638 696 1773 733 multis

460 758 615 805 officiis,
669 757 724 794 sic
777 757 948 806 Spiritus
1001 759 1170 793 Sanctus
1222 766 1363 793 onerat
1413 758 1533 793 verba
1578 755 1773 803 scripture

462 816 597 853 multis
629 815 854 853 sentenciis.
901 817 1048 852 Dentes
1088 814 1192 852 enim
1233 816 1453 851 secundum
1486 814 1773 863 philosophum

462 874 622 912 formati
656 883 746 910 sunt
779 875 830 910 ad
862 874 1170 918 comedendum,
1205 874 1254 909 ad
1281 872 1482 909 contraria
1506 872 1773 909 amovendum

462 942 498 970 et
537 932 577 969 in
617 932 779 968 homine
818 933 868 969 ad
907 932 1167 980 loquendum.
1213 933 1320 978 Fuga
1360 930 1465 966 enim
1505 930 1545 966 in
1577 932 1834 978 Egyptumw

463 990 728 1039 exemplificat
761 989 847 1026 aliis
880 999 922 1025 ut
956 1001 995 1025 se
1029 990 1271 1037 quandoque
1296 989 1545 1025 abscondant
1568 997 1775 1036 tamquam

462 1049 598 1094 nescii,
639 1061 728 1085 cum
763 1047 958 1084 Dominus
992 1047 1046 1083 ita
1079 1046 1182 1083 fecit.
1218 1049 1266 1082 Et
1299 1047 1473 1083 secunda
1507 1058 1626 1083 causa
1660 1047 1776 1082 datur

463 1116 505 1143 ut
538 1106 697 1155 utrique
729 1115 914 1154 parentes
949 1113 985 1141 et
1017 1114 1146 1141 totum
1180 1117 1303 1153 genus
1336 1103 1545 1141 hominum
1580 1104 1777 1151 exempla-

463 1175 597 1202 torum
652 1163 855 1200 meritorie
908 1171 1153 1210 cognoscant
1203 1163 1409 1211 quomodo
1458 1161 1497 1197 in
1548 1161 1669 1198 simili
1721 1170 1778 1197 est

465 1223 677 1271 agendum.
1799 1223 1834 1254 ιδ

176 1291 310 1319 Herod's
331 1298 433 1325 anger.
524 1283 565 1317 In
611 1279 734 1316 tercia
783 1291 877 1316 vero
922 1287 1035 1327 parte
1088 1277 1279 1326 evangelii
1331 1285 1518 1314 narratur
1572 1278 1779 1325 quomodo

466 1339 645 1375 Herodes
679 1346 870 1385 reputans
903 1349 943 1373 se
977 1336 1138 1372 illusum
1172 1349 1193 1372 a
1234 1335 1360 1384 magis
1393 1335 1517 1372 iratus
1557 1343 1613 1371 est
1651 1335 1778 1371 valde.

464 1396 591 1433 Finxit
625 1395 729 1432 enim
764 1394 960 1431 fallaciter
992 1407 1032 1430 se
1067 1406 1150 1430 esse
1190 1395 1453 1430 adoraturum
1493 1406 1626 1441 regem
1661 1405 1779 1441 quem

466 1454 571 1502 magi
606 1454 826 1499 coluerant,
860 1453 915 1489 sic
948 1461 1083 1489 tamen
1113 1453 1221 1501 quod
1250 1451 1338 1500 ipso
1368 1453 1536 1488 adorato
1561 1450 1779 1487 reveniant.

466 1513 606 1549 Illusus
646 1511 807 1561 quidem
846 1524 917 1559 per
956 1523 1071 1547 suurn
1111 1510 1326 1558 dyabolum
1367 1509 1609 1546 illudebatur
1654 1508 1780 1545 eciam
1798 1522 1840 1543 20

466 1570 679 1607 occasione
711 1570 926 1606 verborum
961 1581 1098 1616 regum
1132 1568 1316 1614 istorum,
1357 1567 1449 1616 quia
1482 1567 1584 1604 sicut
1621 1578 1781 1603 necesse

467 1637 524 1665 est
559 1629 666 1677 quod
699 1628 916 1664 timentibus
949 1628 1074 1663 Deum
1108 1627 1233 1663 onznia
1267 1633 1522 1676 cooperentur
1561 1626 1596 1661 in
1630 1626 1782 1669 bonum,

467 1686 523 1723 sic
556 1698 715 1723 necesse
749 1693 807 1722 est
839 1686 947 1734 quod
979 1684 1117 1722 omnia
1155 1683 1477 1733 apostatantibus
1517 1691 1783 1732 cooperentur

468 1744 507 1780 in
542 1745 707 1781 malum.

178 1816 262 1851 why
283 1820 344 1843 two
365 1823 453 1851 years
526 1802 616 1838 Fuit
649 1810 783 1838 autern
818 1800 986 1838 faciliter
1020 1809 1262 1849 provocatus
1295 1801 1344 1837 ad
1368 1799 1484 1846 iram,
1520 1798 1614 1848 quia
1637 1807 1784 1847 stuppa
1802 1799 1840 1832 25

202 1850 430 1920 }‡l⁰{²]11²}}¹¹g⁸⁸{ffi
468 1873 544 1909 que
578 1868 634 1896 est
664 1860 723 1896 fex
753 1859 918 1896 ecclesie
950 1858 1120 1896 faciliter
1153 1857 1397 1895 accenditur.
1432 1860 1480 1894 Et
1513 1857 1604 1894 hinc
1637 1855 1785 1893 occidit

256 1920 379 1948 infants.
468 1918 508 1955 in
541 1918 745 1954 Bethleem
780 1926 816 1954 et
850 1917 890 1953 in
924 1926 1009 1953 tota
1041 1916 1172 1965 patria
1212 1916 1420 1953 adiacente
1459 1927 1599 1953 omnes
1637 1927 1784 1963 pueros

469 1978 516 2013 de
550 1989 571 2013 a
604 1975 758 2012 bimatu
797 1984 834 2012 et
878 1975 993 2021 infra,
1041 1974 1135 2024 quia
1178 1974 1283 2011 illius
1328 1973 1443 2011 etatis
1488 1972 1657 2011 credidit
1701 1985 1784 2009 esse

467 2036 621 2080 Jesum;
666 2046 759 2070 nam
800 2038 858 2078 (ut
891 2033 1154 2082 probabiliter
1187 2032 1389 2081 opinatur)
1424 2033 1603 2069 Herodes
1637 2030 1783 2067 citatus

470 2094 519 2129 ad
553 2094 722 2128 Romam
757 2091 862 2139 cepit
895 2091 969 2127 iter
1001 2091 1135 2128 statim
1170 2099 1260 2139 post
1291 2090 1574 2139 Epiphaniam,
1614 2098 1651 2125 et
1689 2087 1783 2137 quia
1799 2091 1841 2125 30

471 2149 575 2198 magi
608 2162 690 2186 non
722 2158 956 2186 revenerant
988 2158 1030 2185 ut
1064 2148 1281 2194 mandavit,
1316 2161 1362 2185 eo
1386 2149 1494 2197 quod
1517 2146 1699 2184 instructi
1732 2147 1781 2183 ab

469 2208 611 2256 angelo
644 2207 915 2256 repatriat-unt
948 2206 987 2242 in
1021 2206 1120 2243 mari
1152 2206 1353 2252 Tarsensi,
1388 2219 1478 2243 cum
1510 2213 1700 2243 venerant
1732 2205 1781 2241 ad

470 2266 565 2302 illud
583 2278 706 2312 mare,
721 2265 814 2307 fecit
829 2277 947 2302 naves
963 2264 1159 2311 comburi,
1172 2264 1277 2301 iuxta
1292 2264 1388 2301 illud
1401 2264 1728 2309 Psalm.XLV110‚
1740 2266 1761 2300 8
1775 2278 1782 2299 z

540 2419 560 2438 l.
582 2411 626 2438 A:
651 2409 714 2438 Nec
735 2410 822 2437 valet.
908 2417 932 2436 2.
954 2409 978 2436 E
997 2409 1026 2436 in
1050 2417 1162 2443 marg:
1186 2408 1285 2436 Causa
1306 2409 1374 2444 suge
1396 2408 1510 2436 Christi
1533 2408 1587 2436 suit
1609 2407 1783 2443 multiplex3

472 2446 495 2473 Ι)
517 2445 546 2473 in
569 2453 634 2472 mar
659 2455 681 2472 .:
703 2445 787 2479 Fuga
808 2444 924 2472 Christi
945 2452 1038 2479 quare
1059 2443 1125 2470 fuit.
1204 2442 1229 2471 3.
1251 2444 1279 2471 A
1299 2443 1328 2471 in
1351 2451 1465 2478 marg:
1488 2451 1507 2470 1.
1591 2452 1620 2477 4.
1642 2442 1710 2470 DE:
1732 2450 1784 2469 vo-

471 2481 557 2519 cabo.
637 2453 662 2508 ἕ.
685 2480 714 2507 in
730 2487 832 2518 marg.
855 2487 939 2514 sup:
962 2478 1047 2506 sicut
1069 2482 1175 2505 natura
1197 2478 1291 2506 utitur
1312 2478 1418 2505 eodem
1441 2477 1581 2505 membro
1603 2486 1658 2513 pro
1681 2476 1784 2505 multis

470 2514 590 2549 officiis,
619 2514 662 2542 sic
683 2514 818 2550 Spiritus
838 2514 870 2543 S.
897 2517 1003 2540 onerat
1028 2513 1120 2540 verba
1147 2513 1238 2540 unius
1265 2517 1292 2540 et
1318 2512 1455 2540 eiusdem
1484 2512 1634 2551 scripture
1654 2511 1785 2539 diversis

472 2549 646 2577 sentenciis.
737 2557 763 2588 7.
785 2549 830 2576 A:
853 2548 984 2577 Sanctus
1005 2548 1098 2575 deest.
1185 2548 1211 2575 ὃ.
1232 2547 1257 2575 Ε
1276 2547 1305 2575 in
1328 2555 1441 2583 marg.:
1463 2546 1608 2574 Officium
1629 2546 1783 2574 dencium.

473 2592 510 2612 12.
533 2584 600 2612 DE:
622 2583 709 2617 facin
739 2584 779 2612 lb.
800 2583 867 2610 DE:
890 2583 1000 2617 tercia3
1030 2583 1070 2610 ib.
1092 2583 1121 2609 A
1141 2582 1169 2609 in
1193 2590 1306 2617 marg.:
1328 2590 1353 2609 2.
1487 2580 1524 2609 13.
1545 2582 1589 2617 Ap
1613 2585 1713 2608 utrum
1736 2585 1784 2611 ut:

472 2619 511 2646 ib.
534 2618 573 2646 E:
597 2623 774 2654 parentum3
805 2618 845 2645 ib.
866 2618 910 2645 A:
933 2617 1114 2644 humanum.
1206 2616 1247 2644 16.
1268 2617 1296 2644 A
1317 2616 1346 2643 in
1369 2624 1482 2651 marga
1504 2615 1545 2651 C;
1573 2616 1597 2643 Ι)
1619 2616 1647 2643 in
1671 2623 1782 2651 marga

473 2653 584 2681 Tereia
606 2661 686 2688 pars.
796 2652 835 2680 18.
858 2652 925 2680 DE:
948 2651 1051 2680 Finxit
1071 2656 1188 2681 autem:
1220 2651 1259 2678 ib.
1282 2651 1349 2679 nli:
1373 2660 1404 2678 se
1424 2658 1504 2678 eum.
1612 2658 1651 2677 21.
1673 2651 1717 2677 A:
1740 2650 1782 2677 vel

475 2688 647 2716 occasione.
740 2694 783 2714 22.
804 2686 942 2714 Rectius:
965 2686 1162 2721 diligentibus
1184 2686 1291 2713 Deum.
1384 2685 1424 2713 25.
1447 2685 1471 2712 l)
1493 2685 1521 2711 in
1545 2693 1657 2719 marga
1681 2685 1783 2719 Quare

476 2723 569 2758 aliqui
590 2722 650 2750 cito
673 2721 700 2748 in
723 2722 799 2749 iram
821 2721 1038 2752 incenduntur,
1066 2721 1116 2756 qui
1147 2720 1269 2756 reprobi
1297 2720 1374 2748 sicut
1400 2724 1512 2755 stuppa
1539 2724 1566 2746 et
1594 2720 1640 2746 sex
1661 2719 1785 2746 ecclesie

476 2757 536 2785 cito
552 2757 767 2784 incenduntur.
835 2756 883 2783 26.
899 2757 943 2784 A:
966 2757 1010 2783 lex
1033 2756 1157 2783 ecclesie
1178 2755 1214 2783 de
1235 2755 1302 2782 levi.
1376 2755 1421 2782 28,
1437 2755 1476 2782 E:
1498 2762 1513 2781 a
1528 2754 1581 2788 (l):
1604 2754 1653 2788 ab)
1669 2754 1783 2781 binatu.

476 2800 524 2825 20.
546 2792 569 2819 13
591 2792 619 2819 in
642 2799 754 2826 marga
776 2790 865 2819 Nota.
982 2790 1024 2819 32.
1047 2790 1113 2818 DE:
1136 2791 1204 2818 navi
1226 2789 1383 2817 Tarsensi.
1499 2787 1541 2817 33.
1564 2789 1604 2816 D:
1627 2789 1713 2821 facin
1743 2788 1782 2816 ib.

477 2826 589 2855 XLVII
609 2826 709 2860 dees1;
731 2827 849 2853 lacuna.

547 2931 598 2952 22.
627 2920 729 2953 Rom.
749 2920 836 2960 V111,
865 2921 919 2953 28.
