1986 3380
174 324 251 360 '204

182 898 259 923 Mun
282 896 441 931 question>

239 932 311 958 need
335 936 385 958 not

203 969 235 983 “
257 966 425 993 unsxx'ered.

203 1479 376 1505 lx'esislauuce
398 1482 427 1504 ιιι

222 1513 319 1540 (ind‘s
341 1513 410 1540 xxiii.

254 2231 386 2259 Christ's

242 2266 397 2301 prophecy

195 2301 315 2336 applied
338 2305 368 2327 to
389 2301 438 2327 the

183 2336 314 2370 existing
329 2335 455 2363 chureii.

742 320 964 352 ιοιιΑΝΝιε,
986 319 1166 352 xvvcmr
1185 320 1443 353 SERMONUM
1519 307 1672 365 [SERMO
1695 319 1772 347 xm.

462 429 577 476 pulus
618 437 674 464 est
714 428 1006 475 dampnandus.
1047 427 1182 463 onmia
1215 427 1412 475 (inquam)
1446 428 1541 464 talia
1577 430 1773 465 abrenun-

461 486 557 522 ciari
591 487 734 522 debent
769 498 789 521 a
824 484 1022 532 discipulo
1062 484 1239 532 magistri
1281 485 1673 533 compendiosissimi
1707 487 1773 535 qui

462 545 564 580 dabit
597 543 669 579 sibi
695 543 856 579 indubie
890 556 930 578 ox
962 544 1247 591 et.x‘apt'e›1c1'‹1nz
1282 545 1330 579 ad
1355 545 1620 591 detegendum
1656 544 1772 581 fidem

463 602 501 637 in
541 601 723 638 brevibus
763 602 823 636 cui
859 614 930 636 ›wn
967 609 1148 650 poterunt
1189 602 1368 637 resistere
1407 611 1443 637 et
1483 602 1772 639 contradicere.

467 661 556 696 ideo
589 659 720 707 primo
753 668 809 694 est
842 660 1006 695 verbum
1041 658 1183 694 mentis
1218 672 1260 695 ex
1294 659 1438 707 illapsu
1463 660 1532 696 Dei
1567 665 1807 709 tamquam5

466 718 562 754 fides
596 719 687 754 data
719 730 739 753 a
764 716 939 753 Domino
973 718 1296 764 supponendum,
1331 719 1507 754 secundo
1532 727 1588 754 cst
1611 720 1773 754 verbum

464 776 544 812 oris
578 788 667 811 cum
702 775 920 822 prudencia
954 776 1261 822 proponendum
1295 784 1331 811 et
1364 775 1489 812 tercio
1523 785 1579 812 est
1612 776 1777 812 omnino

464 835 627 870 verbum
661 832 794 880 operis
827 832 867 868 in
901 832 1066 869 caritate
1100 833 1248 869 fervida
1281 835 1569 881 exequendum.

524 893 695 936 Quando
740 900 873 926 autem
920 900 1140 938 queruntur
1193 891 1423 939 questiones
1476 892 1778 940 impertinentes

465 951 522 985 rel
558 949 868 985 introducuntur
902 962 999 985 vane
1033 948 1303 990 difficultates,
1342 959 1522 986 taceatur
1556 950 1777 998 responsio,
1799 965 1836 987 ιο

467 1020 556 1044 cun]
598 1006 778 1043 Christus
823 1007 1064 1043 omnisciens
1109 1008 1163 1043 sic
1203 1009 1361 1044 tacebat
1407 1016 1443 1044 et
1485 1017 1640 1045 servata
1686 1021 1779 1045 con-

467 1065 619 1102 stancia
654 1065 817 1101 mentali
851 1065 1102 1101 adversarius
1142 1066 1409 1102 confundetur
1442 1075 1478 1102 et
1510 1066 1781 1103 verificabitur

468 1125 543 1159 hoc
588 1122 739 1159 dictum
778 1123 925 1159 Christi
965 1125 1073 1171 quod
1113 1123 1192 1159 suis
1233 1123 1440 1172 discipulis
1486 1137 1557 1160 non
1598 1132 1781 1174 poterunt

468 1182 648 1218 resistere
672 1182 731 1217 vel
752 1181 1018 1217 contradicere
1036 1194 1165 1217 omnes
1186 1194 1318 1218 eornm
1337 1183 1577 1227 adversm-iz]
1599 1181 1781 1219 resistere

469 1239 630 1288 quidem
665 1238 702 1274 in
738 1239 850 1275 factis
883 1239 943 1275 vel
972 1237 976 1288 1
1006 1239 1283 1276 contradicere
1315 1240 1354 1276 in
1387 1239 1530 1277 verbis.

527 1298 603 1333 Sed
621 1306 760 1333 contra
786 1297 891 1333 istud
916 1306 973 1333 est
989 1297 1140 1334 dictum
1166 1297 1271 1334 beati
1296 1298 1488 1346 Stephani
1504 1300 1590 1335 Act.
1607 1299 1710 1343 V110‚
1733 1299 1774 1334 51

470 1356 578 1403 quod
617 1355 719 1391 iudei
750 1356 914 1405 Spiritui
951 1356 1090 1391 Sancto
1131 1356 1365 1401 restiterunt,
1406 1369 1500 1403 ergo
1541 1357 1666 1393 multo
1705 1356 1782 1392 evi-

471 1413 634 1450 dencius
667 1422 749 1449 tarn
783 1413 887 1449 iudei
922 1426 1043 1462 quam
1084 1413 1151 1450 alii
1192 1414 1353 1462 reprobi
1392 1424 1560 1463 possunt
1600 1414 1783 1451 resistere

470 1471 714 1520 quibuslibet
748 1471 986 1508 christianis.
1034 1473 1111 1508 Sed
1145 1471 1403 1520 equivocacio
1436 1472 1540 1510 tollit
1575 1472 1679 1509 istud
1714 1474 1783 1509 ob—

468 1530 636 1566 iectum:
670 1529 844 1578 Aliquod
879 1529 983 1565 enim
1018 1539 1075 1566 est
1115 1529 1298 1567 resistere
1331 1532 1439 1579 quod
1473 1540 1529 1568 est
1563 1530 1634 1567 Dei
1667 1532 1783 1567 bene—
1800 1544 1841 1565 20

468 1587 662 1636 placitum
696 1587 933 1635 simpliciter
956 1587 1164 1636 impedire,
1199 1598 1235 1624 et
1259 1588 1314 1624 sic
1346 1589 1525 1637 loquitur
1560 1589 1634 1625 hoc
1668 1601 1783 1625 evan-

468 1645 629 1693 gelium,
664 1647 732 1681 sed
765 1645 873 1682 aliud
908 1654 964 1682 est
998 1645 1182 1682 resistere
1215 1648 1322 1694 quod
1356 1656 1413 1683 est
1444 1647 1514 1684 Dei
1547 1656 1782 1695 preceptum

468 1704 548 1740 sive
571 1703 784 1740 consilium
809 1703 1024 1749 declinare,
1049 1713 1085 1740 et
1109 1703 1163 1740 sic
1187 1704 1366 1753 loquitur
1388 1707 1527 1741 beatus
1543 1706 1782 1753 Stephanus.

469 1761 708 1810 Quicunque
742 1774 834 1810 ergo
867 1761 984 1798 fuerit
1022 1762 1061 1798 in
1100 1762 1267 1799 caritate
1306 1772 1343 1799 et
1377 1765 1600 1799 membrum
1636 1762 1783 1800 Christi

469 1822 541 1856 sub
575 1819 658 1856 eius
691 1819 931 1856 auctoritate
963 1819 1179 1868 quicquam
1218 1820 1442 1869 precipiens
1483 1830 1643 1870 oportet
1675 1822 1783 1869 quod
1801 1824 1839 1856 25

470 1878 568 1914 illud
602 1877 818 1925 impleatur
840 1879 901 1914 vel
926 1879 1032 1926 quod
1056 1877 1141 1926 ipse
1165 1878 1351 1915 meritum
1377 1887 1444 1915 aut
1468 1878 1782 1927 equivalenciam

470 1944 739 1984 consequatur
777 1944 813 1972 et
847 1935 877 1971 si
911 1936 994 1971 vult
1027 1935 1177 1984 aliquid
1210 1938 1318 1985 quod
1353 1939 1436 1973 Deo
1471 1946 1527 1974 est
1561 1936 1785 1985 beneplaci-

469 2003 554 2030 tum
587 1992 820 2042 adimplere,
855 1993 1084 2041 perficietur
1116 1993 1200 2031 sine
1234 1994 1466 2031 resistencia
1495 1994 1782 2043 compossibili.

527 2053 576 2087 Et
613 2051 719 2087 istud
766 2060 823 2087 est
861 2052 1041 2088 solamen
1086 2051 1287 2089 sufficiens
1331 2065 1444 2089 servo
1485 2053 1647 2096 Christi,
1693 2065 1782 2090 curn

470 2108 714 2158 predicendo
748 2109 1026 2146 difficultatem
1060 2109 1230 2158 predicit
1260 2110 1442 2148 Christus
1475 2111 1680 2160 discipulis
1704 2111 1784 2148 suis
1800 2113 1842 2146 30

470 2167 742 2204 resistenciam
771 2180 927 2204 summe
949 2180 1128 2215 gravem:
1169 2169 1402 2214 Trademini,
1437 2169 1578 2218 inquit,
1601 2182 1622 2205 a
1640 2182 1783 2219 paren-

471 2226 569 2261 tibus
601 2233 635 2261 et
656 2226 859 2274 fratribus
891 2233 925 2262 et
957 2226 1133 2276 cognatis
1165 2234 1199 2263 el
1231 2227 1363 2263 amicis
1395 2234 1430 2262 et
1462 2235 1586 2264 morte
1616 2228 1785 2277 afficient

471 2296 522 2320 ex
554 2284 668 2319 vohis.
704 2285 781 2320 Ista
812 2292 945 2320 autem
987 2283 1158 2320 tradicio
1197 2292 1234 2320 et
1267 2284 1498 2333 perempcio
1538 2284 1629 2321 licet
1661 2297 1784 2334 quan-

473 2343 604 2389 doque
637 2341 792 2378 fuerant
825 2350 985 2378 execute
1025 2343 1074 2378 ad
1108 2341 1280 2388 literam,
1319 2351 1455 2379 tamen
1493 2342 1648 2379 videtur
1688 2342 1784 2379 mihi

473 2400 580 2447 quod
631 2399 855 2447 generalius
901 2408 937 2436 et
985 2399 1255 2448 pertinencius
1307 2409 1469 2448 possent
1518 2400 1684 2449 intelligi
1737 2402 1784 2437 de
1801 2403 1840 2435 35

473 2457 804 2494 confederacione
848 2457 1046 2506 spirituali
1086 2459 1305 2494 secundum
1344 2458 1628 2507 apparenciam
1668 2458 1785 2495 huius

475 2514 624 2552 mundi.
650 2517 751 2552 Nam
775 2515 903 2552 curati
924 2515 1150 2564 superiores
1174 2525 1369 2553 vocantur
1390 2525 1576 2565 parentes
1599 2525 1636 2553 et
1658 2516 1784 2553 curati

1798 1222 1871 1253 Fon.

1799 1265 1879 1299 216⁶

544 2634 564 2655 1.
586 2633 610 2652 2.
632 2625 700 2652 DE:
729 2625 910 2653 abbreviari.
1038 2625 1062 2654 3.
1084 2627 1128 2654 A:
1155 2626 1222 2653 dete
1246 2626 1326 2653 endi.
1452 2635 1481 2660 4.
1503 2627 1620 2654 Codd.:
1643 2627 1784 2662 poterint.

473 2661 496 2689 5.
514 2660 582 2688 DE:
604 2660 751 2699 primum.
809 2660 835 2686 ι’).
852 2661 895 2687 A:
918 2670 932 2687 ιι
949 2661 1084 2688 homino
1100 2661 1200 2693 dee-sn
1222 2669 1228 2688 1
1256 2660 1301 2687 .L'
1316 2661 1344 2687 in
1364 2669 1476 2695 marg:
1499 2661 1625 2696 Triplex
1646 2661 1785 2689 verbum.

476 2704 515 2723 10.
537 2697 580 2723 A:
603 2695 848 2722 introducuntur.
938 2704 971 2730 11,
995 2703 1031 2723 12.
1054 2695 1121 2723 1115:
1144 2695 1347 2723 consciencia.
1436 2703 1473 2723 12.
1494 2696 1518 2723 E
1538 2696 1567 2723 in
1589 2704 1701 2723 marnt
1729 2696 1786 2723 lin-

475 2730 661 2769 pertiuentes
681 2729 868 2764 questiones.
1005 2729 1042 2757 13.
1064 2730 1132 2758 nli:
1163 2729 1291 2757 verbum
1313 2729 1426 2757 Christi
1451 2731 1495 2758 vei
1517 2730 1632 2758 dictum
1682 2730 1786 2765 hristi;

477 2765 515 2791 ib.
539 2765 562 2792 l)
585 2764 613 2792 in
636 2772 750 2798 marga
774 2764 941 2796 Quomodo
963 2764 1124 2800 discipulis
1146 2764 1260 2792 Christi
1282 2772 1342 2791 non
1365 2769 1496 2799 possunt
1517 2765 1658 2793 resistere
1677 2773 1787 2792 omnes

475 2799 660 2832 μόναι-δεινῆς
691 2799 730 2826 ib.
754 2798 822 2826 DE:
845 2800 988 2834 poterint.
1073 2800 1113 2827 io.
1135 2799 1159 2827 15
1180 2799 1208 2826 in
1231 2807 1344 2834 marga
1367 2799 1524 2827 Obieccio.
1614 2808 1655 2836 19,
1677 2808 1722 2827 20.
1745 2799 1784 2827 E:

477 2834 547 2861 iilud
570 2833 734 2861 obiectum.
843 2841 889 2860 20.
911 2834 934 2861 Ε
955 2833 983 2861 in
1007 2842 1118 2869 marga
1149 2833 1332 2868 Responsio.
1453 2841 1496 2870 ²7·
1517 2833 1610 2862 Cod.:
1641 2834 1692 2863 Sic
1713 2834 1784 2862 vult.

475 2867 518 2895 32,
539 2869 582 2896 A:
605 2868 714 2896 amicis
735 2873 875 2896 moriem.
949 2868 992 2904 37.
1014 2870 1057 2896 A:
1081 2874 1111 2896 ut
1132 2869 1238 2896 curaui.

547 2952 578 2981 4.
608 2941 722 2972 Lucae
749 2940 841 2979 XXI,
866 2940 914 2972 15.
1012 2940 1064 2972 31.
1093 2941 1138 2972 ib.
1162 2939 1210 2972 16.
