1986 3380
179 286 195 322 Q>

206 296 225 321 k.)

234 298 242 320 ,-

760 290 984 324 JOHANle
1006 290 1187 322 WYCLIF
1207 289 1462 321 SERMONUM
1508 275 1661 332 'SERMO
1684 284 1775 313 XLV·

465 398 658 447 paganice
681 398 760 434 sive
784 397 984 445 gentiliter
1012 397 1175 432 odietur.
1213 396 1260 431 Iit
1295 395 1332 431 in
1368 395 1441 431 ista
1475 394 1778 431 concertacione

466 456 676 504 dyabolica
716 455 1087 506 semidaligabuntur
1126 454 1248 495 multi,
1283 453 1375 501 quia
1408 454 1699 500 reputabuntur
1732 454 1780 489 ab

466 514 702 551 adversariis
750 513 927 558 heretici,
977 512 1191 548 scismatici
1246 521 1282 547 et
1329 510 1572 559 blasphemig
1619 512 1780 559 quando

467 572 572 609 enim
608 572 896 608 discordabunt
930 584 950 606 a
985 571 1093 606 scola
1127 580 1162 606 et
1197 569 1257 605 ria
1292 568 1540 606 Antichristi.
1588 568 1670 605 eius
1705 568 1779 604 dis-

468 630 588 678 cipuli
629 629 957 666 scandalizabunt
1005 638 1045 664 ut
1095 628 1275 663 infideles
1315 627 1447 664 taliter
1487 626 1814 667 discordantes&

468 688 677 725 deficiente
711 687 872 735 quidem
907 686 961 722 eis
995 686 1235 722 auctoritate
1269 685 1464 733 scripture
1489 697 1570 721 non
1603 693 1781 732 superest

467 746 563 794 ipsis
609 745 681 781 nisi
727 756 861 781 servos
909 744 1055 780 Christi
1102 756 1171 792 per
1216 743 1458 780 tradiciones
1504 752 1540 779 et
1581 743 1782 783 scandala,

468 816 538 852 per
578 803 860 840 contenciones
907 811 942 838 et
988 801 1249 850 improperia,
1298 813 1366 849 per
1416 800 1702 837 tribulaciones
1748 809 1782 836 et

471 861 690 898 homicidia
724 861 922 897 infestare.

528 919 646 955 Multi
665 927 791 955 autem
811 919 1150 968 pseudoprophete
1171 925 1332 967 surgent
1350 919 1396 953 de
1420 917 1536 953 sectis
1559 915 1726 953 novellis
1750 924 1783 952 et
1805 929 1842 952 10

470 979 649 1014 seducent
683 978 824 1013 multos
846 986 928 1013 tam
955 976 1121 1012 clericos
1146 988 1265 1024 quam
1293 975 1418 1011 eciam
1448 976 1659 1020 seculares7
1694 987 1783 1011 cum

472 1045 612 1072 contra
628 1035 837 1072 caritatem
861 1035 1047 1071 zelabunt
1066 1035 1115 1070 ad
1140 1033 1480 1081 magnificandum
1498 1042 1646 1069 sectam
1672 1045 1782 1068 suam

472 1093 678 1142 propriam
704 1102 740 1129 et
764 1092 901 1129 odient
935 1105 1194 1141 quoscunque
1228 1092 1293 1140 qui
1324 1104 1392 1128 sue
1426 1090 1625 1128 sentencie
1649 1092 1786 1127 adver-

201 1160 279 1187 How
301 1161 349 1187 the
371 1160 438 1186 low
471 1160 620 1188 santur.
666 1151 717 1187 Et
752 1152 928 1200 quoniam
964 1151 1198 1186 habundavit
1234 1150 1410 1199 iniquitas
1450 1149 1489 1186 in
1525 1158 1610 1185 toto
1644 1160 1787 1196 genere

198 1194 437 1257 ofxffiingoffiiall
472 1210 684 1258 viatorum,
720 1209 951 1259 refrigescet
981 1208 1125 1244 caritas
1155 1210 1376 1244 multorum.
1418 1209 1560 1243 Modus
1593 1207 1788 1255 scripture
1809 1210 1844 1242 15

473 1277 529 1304 est
568 1267 787 1315 intelligere
820 1279 890 1315 per
924 1266 1131 1303 caritatem
1167 1276 1203 1302 et
1236 1265 1430 1302 terminos
1463 1265 1692 1302 consimiles
1715 1265 1789 1301 fre-

473 1325 665 1374 quencius
710 1325 948 1362 concretive.
1003 1324 1067 1361 Sic
1119 1324 1223 1360 enim
1270 1324 1447 1373 loquitur
1499 1324 1717 1372 Apostolus
1763 1325 1787 1358 l.

474 1386 566 1421 Cor.
607 1385 728 1430 X1110‚
772 1382 1036 1420 describendo
1075 1382 1248 1419 sedecim
1295 1381 1552 1419 condiciones
1598 1380 1787 1418 caritatis.

475 1441 630 1479 Caritas
654 1454 747 1490 ergo
771 1441 972 1478 viancium
998 1453 1073 1489 que
1097 1442 1317 1477 secundum
1343 1439 1602 1489 propheciam
1629 1438 1789 1476 Domini

475 1500 701 1548 refrigescet
731 1508 787 1536 est
817 1499 1039 1536 subiectum
1068 1500 1128 1535 vel
1156 1498 1343 1547 potencia
1366 1497 1523 1535 virtutis
1547 1497 1726 1534 caritatis
1754 1505 1790 1533 et
1807 1509 1848 1531 20

474 1558 666 1595 virtutum
686 1557 877 1594 similium
897 1556 1126 1603 subiectiva,
1146 1557 1219 1593 ista
1239 1557 1344 1593 enirn
1364 1555 1549 1605 potencia
1573 1554 1790 1603 refrigescit

476 1617 636 1666 quando
671 1617 892 1652 deserendo
932 1616 1060 1664 legem
1095 1624 1131 1651 et
1162 1615 1284 1652 vitam
1319 1614 1466 1651 Christi
1499 1627 1562 1651 ars
1596 1612 1791 1650 deseritur

475 1675 695 1712 secundum
720 1687 840 1723 quam
867 1674 1067 1710 calefieret
1092 1673 1181 1710 talis
1210 1673 1395 1721 potencia
1426 1672 1604 1709 caritatis
1633 1673 1790 1708 ardore.

476 1735 524 1770 Et
556 1744 716 1770 necesse
750 1741 807 1768 est
840 1733 947 1780 quod
978 1731 1158 1768 extinctis
1187 1731 1368 1768 scintillis
1396 1730 1598 1780 prioribus
1629 1738 1665 1766 et
1699 1741 1791 1765 con—

476 1790 641 1828 tinuatis
685 1790 770 1826 istis
815 1789 1051 1826 Antichristi
1097 1789 1299 1826 erroribus
1347 1789 1494 1826 caritas
1548 1787 1849 1835 refrigescat‚25

477 1850 545 1886 sed
584 1849 952 1898 quomodocunque
992 1848 1041 1883 sit
1081 1849 1128 1884 de
1174 1847 1257 1883 istis
1303 1846 1637 1883 tribulacionibus
1682 1844 1792 1881 Anti-

478 1906 628 1957 christi,
661 1915 822 1955 oportet
846 1906 982 1942 fideles
1007 1905 1162 1954 aliquos
1187 1917 1344 1953 semper
1368 1914 1485 1941 stare.
1520 1906 1567 1940 Et
1601 1903 1789 1952 gaudium

478 1974 515 2002 et
548 1964 778 2001 consolacio
813 1973 871 2000 est
903 1963 1054 2000 dictum
1080 1963 1226 2000 Christi
1261 1964 1368 2012 quod
1401 1963 1465 2012 qui
1480 1961 1792 2012 perseveraverit

478 2035 595 2072 usque
626 2023 661 2058 in
683 2023 805 2073 finem
829 2022 869 2058 in
892 2021 1120 2059 sinceritate
1155 2021 1245 2058 fidei
1269 2022 1329 2057 hic
1350 2022 1482 2058 salvus
1504 2020 1588 2056 erit.
1623 2020 1793 2068 Oportet

479 2080 585 2118 enirn
610 2093 631 2117 a
656 2080 732 2117 fine
755 2080 948 2117 viacionis
982 2079 1062 2116 sive
1095 2079 1287 2116 laudabili
1311 2079 1390 2116 sive
1414 2077 1604 2127 culpabili
1632 2078 1791 2114 laudern
1809 2079 1851 2112 30

479 2138 609 2176 tocius
641 2138 719 2175 vite
751 2139 812 2175 vel
844 2138 1087 2186 vituperium
1123 2137 1360 2174 mensurari.
1415 2137 1480 2173 Sic
1514 2136 1618 2173 enirn
1653 2147 1792 2172 secun-

480 2198 575 2234 dum
609 2196 872 2245 philosophos
906 2205 1037 2233 motus
1069 2195 1303 2232 nominatur
1327 2208 1348 2232 a
1372 2194 1544 2231 termino
1577 2195 1624 2230 ad
1660 2205 1792 2242 quem,

481 2255 572 2292 licet
616 2263 723 2291 totus
769 2263 900 2291 motus
946 2253 1101 2291 medius
1153 2254 1202 2290 sit
1246 2253 1286 2290 in
1337 2252 1510 2289 termino
1556 2251 1700 2297 alieno,
1753 2259 1795 2287 ut

481 2314 642 2363 quando
687 2312 879 2350 transitur
924 2314 972 2349 ad
1018 2311 1242 2349 albedinem
1298 2309 1632 2348 denominacione
1687 2308 1793 2346 finali

481 2379 647 2409 vocatur
692 2370 924 2416 albefaccio,
970 2370 1061 2407 licet
1112 2378 1196 2406 tota
1243 2369 1374 2406 media
1419 2366 1700 2405 denominacio
1746 2366 1850 2403 sit35

481 2429 669 2477 nigred03
694 2429 749 2466 sic
777 2438 834 2465 est
859 2430 906 2465 de
929 2428 1007 2465 vita
1030 2427 1193 2465 viantis:
1218 2427 1248 2464 si
1273 2427 1313 2464 in
1338 2427 1414 2463 fine
1436 2426 1485 2463 sit
1510 2437 1722 2463 conversus
1745 2426 1794 2461 ad

240 2493 367 2540 *bangor
387 2493 421 2520 os
483 2486 716 2533 Dominum,
751 2486 790 2523 in
823 2486 1071 2523 beatitudine
1105 2494 1299 2534 perpetua
1332 2484 1563 2531 salvabitur,
1598 2483 1687 2520 licet
1711 2491 1796 2519 tota

196 2532 612 2598 ιαῑξὲιῗὲἒὲηξὲῃὲς,νίαείο
667 2545 799 2582 media
843 2544 892 2582 sit
943 2556 1142 2593 perversa.
1192 2545 1362 2592 Oportet
1409 2551 1544 2579 tamen
1583 2542 1795 2578 moderare

483 2615 595 2653 spem
629 2602 669 2639 in
703 2603 778 2639 fide
812 2602 900 2649 ista,
935 2615 984 2639 ne
1016 2611 1183 2651 propter
1221 2600 1514 2639 confidenciam
1555 2599 1671 2636 huius
1705 2597 1796 2635 fidei

553 2744 577 2763 2.
600 2736 638 2764 E:
660 2741 686 2763 et
708 2736 755 2763 ab.
847 2745 865 2768 ι.
889 2735 956 2763 mi:
978 2735 1075 2764 cuius.
1159 2743 1184 2770 7.
1205 2736 1249 2762 A:
1273 2743 1325 2768 per
1345 2733 1556 2761 detraccione->⁴
1575 2738 1612 2760 et.
1696 2731 1732 2761 13.
1755 2732 1796 2759 l›:

484 2771 588 2798 odient
608 2779 778 2807 quousque.
843 2771 877 2798 15.
901 2770 969 2797 nli:
992 2771 1020 2797 in
1044 2770 1216 2805 scripturis.
1283 2777 1323 2807 ¹9·
1346 2770 1389 2796 A:
1412 2777 1483 2806 ergo
1506 2769 1599 2796 deest.
1663 2767 1705 2795 ’,ἃ
1730 2767 1797 2794 lili:

485 2806 614 2833 ardoris.
715 2807 760 2832 2⁸.
785 2805 820 2832 12':
843 2814 877 2831 :ic
897 2805 1084 2832 consolat-io.
1191 2803 1229 2831 1³1.
1254 2804 1275 2830 Ι·ζ
1297 2812 1325 2831 ιιι
1349 2812 1462 2838 murg.:
1486 2803 1559 2830 Fine
1582 2806 1798 2830 mensuratum·

487 2840 596 2868 media.
669 2839 712 2867 32.
736 2840 759 2867 Ι)
781 2840 810 2866 iu
833 2848 947 2874 marg.:
970 2839 1060 2866 Nota.
1133 2839 1179 2866 2313.
1197 2839 1269 2866 Ab:
1292 2842 1333 2865 est
1357 2838 1451 2865 det-si.

561 2923 611 2944 10.
638 2911 802 2943 Matthaei
829 2911 955 2951 XXIV,
980 2921 1027 2943 11.
1130 2922 1180 2952 14.
1209 2910 1254 2941 ib.
1289 2919 1336 2941 12.
1436 2908 1488 2940 28.
1517 2908 1560 2940 ib.
1594 2908 1642 2940 13.
