1986 3380
139 290 189 323 (JO

152 1159 251 1194 l'lnlip
274 1160 392 1187 wanted

186 1199 214 1220 ιω
237 1204 284 1222 sec
305 1195 354 1222 the

132 1229 243 1256 father
265 1229 335 1256 nith
357 1230 406 1256 the

178 1263 281 1301 bodily
303 1273 365 1300 eye.

139 2263 291 2292 Essential
313 2263 398 2297 unitv

153 2299 188 2327 of
205 2298 310 2327 Christ
329 2295 387 2327 and

174 2334 225 2362 the
243 2333 366 2362 Father.

721 288 947 319 JOHANNIS
968 288 1150 320 WYCMF
1170 288 1430 322 SERMONUM
1484 275 1637 333 [SERMO
1659 288 1738 316 xm

424 393 564 442 inquit,
596 394 834 443 cognoscetis
863 401 898 430 et
927 394 1075 430 vidistis
1102 407 1198 430 eum.
1235 396 1334 433 Cum
1366 396 1469 432 enim
1495 397 1574 433 vita
1604 407 1739 435 eterna

422 451 470 487 sit
510 464 751 499 cognoscere
791 461 945 500 patrem
993 464 1075 488 csse
1114 465 1250 489 verum
1292 456 1417 491 Deum
1460 463 1495 491 ct
1536 468 1624 491 cum
1665 458 1739 492 hoc

422 509 631 546 dominum
663 512 796 546 Jesum
832 510 1034 546 Christum
1076 515 1132 555 (ut
1178 511 1323 548 dicitur
1355 513 1547 549 ,Iohannis
1585 515 1738 560 XV110)‚

422 577 529 616 patet
553 570 659 617 quod
690 568 863 615 apostoli
897 577 986 616 post
1016 569 1291 606 ascensionem
1318 571 1567 607 humanitate
1591 572 1738 608 Christi

421 626 644 675 postposita
669 627 859 662 habentes
893 639 1003 663 arras
1043 626 1300 664 beatitudinis
1334 630 1558 665 habuerunt
1591 632 1772 666 amodoS

421 685 491 721 has
523 686 620 721 duas
652 684 834 729 noticias.
867 693 903 720 et
932 685 988 721 sic
1017 697 1097 721 non
1129 686 1258 722 solum
1290 695 1445 735 patrem
1470 687 1509 723 in
1534 687 1739 725 intellectu

419 742 600 779 viderant
624 742 856 790 imperfecte
880 744 948 779 sed
971 742 1174 789 videbunt,
1192 753 1229 780 et
1244 757 1315 793 per
1337 757 1585 794 consequens
1607 746 1738 795 ipsum

421 801 459 836 in
489 809 671 849 tempore
703 813 775 836 suo
804 800 986 837 viderant
1015 801 1110 838 satis
1141 803 1259 839 clare.
1295 803 1395 839 Cum
1420 804 1525 840 enim
1551 804 1739 852 magister

420 859 596 907 optimus
635 858 818 907 procedit
865 859 1066 907 paulative
1106 861 1302 907 docendo,
1343 871 1453 910 patet
1491 864 1598 911 quod
1636 863 1739 900 sicut

420 926 575 965 patrem
614 925 811 953 noverunt
849 916 890 953 in
926 929 1024 954 voce
1066 918 1168 965 (Joh.
1211 919 1301 955 X110
1335 928 1372 956 et
1405 921 1546 957 Matth.
1579 922 1736 969 XV110),
1758 934 1797 956 10

420 984 530 1023 patet
563 975 670 1024 quod
704 983 795 1023 post
828 974 945 1012 istam
977 975 1171 1013 noticiam
1205 978 1418 1014 obscuram
1454 978 1545 1016 fidei
1579 988 1739 1027 oportet

421 1035 529 1082 quod
553 1034 726 1070 habeant
758 1033 974 1070 scintillam
1008 1033 1239 1072 intuicionis
1273 1035 1399 1072 eciam
1434 1036 1497 1074 hic
1530 1037 1570 1074 in
1597 1036 1660 1074 via
1693 1050 1739 1074 ac

423 1092 574 1128 claram
609 1100 645 1128 et
678 1091 840 1140 plenam
874 1091 1137 1129 intuicionem
1173 1093 1213 1130 in
1246 1094 1390 1142 patria.

479 1151 557 1186 Sed
591 1149 798 1198 Philippus
832 1151 963 1187 adhuc
995 1150 1104 1187 rudis
1137 1152 1187 1188 ad
1221 1151 1523 1200 intelligendum
1563 1154 1739 1191 archana

423 1208 591 1244 istorum
629 1209 844 1245 verborum
883 1208 1040 1245 videtur
1084 1209 1214 1245 solum
1256 1211 1304 1246 de
1340 1210 1492 1247 visione
1537 1211 1796 1260 corporali15

424 1266 655 1314 concipere3
696 1267 805 1314 quod
843 1266 874 1303 si
914 1275 1069 1315 patrem
1103 1267 1251 1305 Christi
1286 1269 1405 1305 oculo
1445 1268 1647 1317 corporali
1685 1269 1740 1306 vi-

424 1326 575 1371 derent,
625 1324 825 1362 sufficeret
876 1324 931 1361 eis
976 1338 1049 1374 pro
1100 1325 1314 1363 securitate
1359 1328 1408 1363 ad
1453 1327 1738 1364 excuciendum

424 1383 543 1418 istum
583 1381 786 1428 timorem,
827 1395 917 1419 cum
951 1391 1107 1431 patrem
1142 1384 1389 1433 intelligebat
1424 1385 1506 1422 filio
1540 1398 1623 1422 esse
1657 1385 1740 1434 dig-

421 1441 591 1487 niorem,
639 1449 676 1477 et
721 1453 792 1490 per
837 1453 1098 1490 consequens,
1146 1454 1236 1478 cum
1283 1442 1388 1480 filius
1434 1452 1564 1492 potest
1609 1444 1739 1481 facere

422 1507 481 1535 tot
525 1498 721 1536 miracula
765 1507 879 1548 pater
923 1499 1010 1547 ipso
1055 1500 1265 1548 potencior
1308 1510 1443 1549 posset
1486 1503 1614 1550 plura.
1661 1502 1738 1538 Sed
1755 1517 1797 1538 20

422 1557 516 1605 quia
539 1557 611 1594 iste
639 1555 644 1608 1
674 1566 891 1606 conceptus
913 1557 1070 1594 videtur
1092 1558 1273 1607 pluribus
1296 1559 1415 1596 nimis
1445 1560 1567 1606 rudis,
1600 1559 1738 1596 dicunt
1757 1553 1834 1615 ⁵:⁰¹2

423 1615 653 1664 Philippum
692 1615 912 1664 intelligere
951 1617 1060 1665 quod
1098 1615 1282 1654 intuitiva
1316 1617 1387 1654 Dei
1427 1618 1551 1666 patris
1589 1610 1820 1655 noticia¹94

421 1674 523 1710 foret
557 1673 612 1710 eis
645 1673 845 1711 sufficiens
877 1675 928 1711 ad
960 1686 1122 1711 omnem
1154 1674 1343 1712 timorem
1377 1684 1414 1712 et
1444 1676 1738 1713 desolacionem

421 1744 534 1768 suam
580 1731 637 1779 (in
681 1745 758 1781 qua
804 1744 848 1768 ex
891 1732 1085 1781 capcione
1124 1741 1161 1769 et
1199 1742 1328 1770 morte
1366 1734 1528 1771 Domini
1566 1735 1738 1782 fuerant)

422 1790 725 1827 excludendam.
775 1791 852 1828 Sed
890 1790 1044 1838 primus
1086 1803 1223 1828 sensus
1255 1791 1412 1829 videtur
1450 1792 1572 1829 textui
1613 1802 1650 1829 et
1683 1805 1742 1830 re-
1759 1796 1798 1829 25

422 1847 628 1897 sponsioni
653 1848 801 1886 Christi
834 1849 923 1897 plus
956 1861 1201 1886 consonans:
1239 1850 1359 1887 Tanto
1392 1858 1576 1901 tempore,
1599 1850 1741 1899 inquit,

423 1907 615 1944 vobiscum
648 1919 732 1943 sum
766 1915 802 1944 et
833 1919 906 1944 non
939 1907 1174 1958 cognovistis
1205 1908 1295 1945 me?
1326 1908 1517 1959 Philippe,
1547 1909 1610 1958 qui
1641 1909 1743 1946 videt

422 1977 493 2013 nze,
527 1965 630 2002 videt
662 1972 698 2001 et
723 1973 892 2015 patrem.
934 1967 976 2002 In
1011 1965 1122 2003 cuius
1161 1965 1293 2015 prima
1333 1976 1446 2015 parte
1486 1967 1742 2016 redarguitur

422 2023 461 2059 in
484 2023 677 2072 ‘Philippo
707 2031 744 2060 et
773 2022 847 2060 sibi
877 2022 1077 2060 similibus
1107 2024 1260 2062 ruditas
1290 2024 1461 2062 infidelis
1492 2025 1585 2074 quia
1614 2037 1740 2074 usque

422 2081 515 2118 illuc
553 2081 751 2129 ignoravit
785 2081 987 2120 Christum
1029 2081 1218 2119 divinitus
1257 2085 1325 2121 sed
1363 2084 1468 2120 nude
1509 2083 1741 2121 humanitus
1757 2089 1799 2121 30

423 2148 708 2188 cognoverunt,
739 2152 785 2177 ae
814 2139 845 2177 si
874 2139 987 2176 illum
1012 2139 1079 2189 qui
1103 2149 1161 2177 est
1185 2140 1324 2178 habitu
1347 2141 1529 2179 inventus
1552 2150 1595 2179 ut
1618 2142 1740 2179 homo

422 2198 552 2235 solum
586 2197 626 2234 in
656 2198 832 2235 vestibus
865 2198 1157 2246 cognovissent.

480 2258 528 2292 Et
572 2264 682 2304 patet
727 2257 934 2305 quomodo
979 2257 1072 2294 huic
1116 2256 1248 2295 sensui
1294 2257 1523 2307 adiungitur
1566 2259 1742 2295 secunda

422 2327 514 2363 pars
554 2314 670 2351 huius
710 2314 819 2362 dicti,
856 2327 951 2352 nam
991 2315 1059 2365 qui
1089 2315 1197 2353 videt
1233 2315 1561 2365 personalitatem
1595 2316 1742 2353 Christi

423 2372 503 2409 sive
526 2385 596 2421 per
619 2372 738 2409 fidem
763 2372 843 2410 sive
866 2385 936 2422 per
959 2373 1234 2422 intuicionem,
1249 2373 1356 2412 videt
1379 2374 1743 2423 proporcionaliter
1756 2379 1797 2412 35

423 2438 579 2479 patrem
613 2443 743 2468 suurn.
779 2433 996 2478 Quomodo
1029 2444 1123 2481 ergo
1156 2432 1240 2470 sine
1272 2431 1520 2470 infidelitatis
1552 2432 1741 2482 grossicie

424 2487 632 2537 Philippus
677 2488 845 2526 diceret:
897 2489 1065 2527 Ostende
1114 2490 1221 2527 nobis
1258 2498 1428 2541 patrem,
1473 2490 1548 2527 nisi
1598 2492 1739 2528 rudem

423 2558 583 2583 sensum
628 2547 676 2584 de
720 2556 834 2596 patre
874 2547 1023 2586 Christi
1061 2549 1226 2586 haberet
1263 2548 1373 2598 prius
1418 2548 1641 2598 expositum
1678 2549 1740 2586 vel

422 2603 496 2640 sibi
530 2604 730 2641 similem?
762 2607 865 2642 Nam
899 2606 1163 2655 concipiendo
1198 2606 1399 2644 Christum
1436 2606 1623 2644 divinitus
1656 2619 1738 2644 cre-

493 2758 518 2781 2,
541 2749 565 2778 3.
586 2751 629 2778 A:
652 2756 679 2778 et
701 2760 770 2779 eum
793 2752 967 2780 dominum.
1068 2752 1096 2780 6.
1119 2753 1162 2780 A:
1186 2752 1214 2780 in
1237 2752 1332 2780 deest.
1435 2761 1460 2788 7.
1482 2753 1527 2780 A:
1549 2752 1644 2780 eciam
1668 2761 1737 2788 ρει-ς

423 2786 465 2813 lt:
489 2785 540 2812 scd
563 2793 625 2822 per.
718 2795 746 2822 ς).
770 2786 837 2814 DE:
860 2787 1012 2814 ducendo.
1101 2795 1141 2814 10.
1163 2788 1207 2814 A:
1231 2793 1402 2816 moverunt.
1490 2795 1527 2814 12.
1550 2787 1618 2815 Uli:
1641 2787 1736 2815 eciam

423 2820 515 2847 deest.
592 2824 631 2847 ιο.
655 2820 722 2847 mi:
745 2821 860 2849 Christi
882 2822 976 2848 deest.
1058 2830 1099 2857 ις).
1123 2822 1190 2849 mi:
1213 2821 1291 2849 lilius
1312 2823 1406 2850 deest.
1480 2822 1522 2849 25.
1546 2822 1613 2849 lili:
1635 2823 1736 2850 exclu-

421 2854 530 2882 denda.
604 2855 649 2882 28.
671 2855 739 2882 DE:
761 2856 954 2891 redarguitur
974 2865 1000 2883 a.
1074 2864 1121 2893 29·
1144 2856 1211 2884 DE:
1234 2865 1293 2892 qua
1315 2866 1421 2894 usquc.
1494 2856 1625 2884 3o.1›1s:
1649 2857 1734 2892 igno-

421 2893 499 2916 raret
518 2888 695 2923 Christum
716 2889 755 2918 ib.
771 2890 810 2918 E:
833 2890 885 2918 sed
907 2891 1046 2919 verbum.
1110 2891 1156 2925 34.
1178 2891 1219 2919 E:
1241 2899 1312 2926 pars
1334 2892 1435 2926 deest;
1456 2891 1496 2919 ib.
1513 2891 1537 2919 1)
1558 2891 1588 2920 in
1611 2899 1706 2928 marg.
1726 2902 1732 2920 :

420 2923 702 2953 Raeionabilitatem
725 2946 753 2952 ..
771 2946 777 2954 .
795 2947 801 2953 .
874 2924 921 2954 36.
942 2926 986 2954 A:
1008 2934 1080 2962 ergo
1101 2933 1179 2954 sum.
