1986 3380
182 291 316 322 sERMo
338 279 461 339 κως]
651 291 863 326 SECUNDA
892 289 1018 323 PARs.

241 403 367 438 Debet
406 410 539 437 autem
580 412 739 436 movere
778 408 1059 447 quemcunque
1099 394 1342 431 catholicum
1383 406 1492 441 spem

184 460 243 496 sui
283 459 473 496 adiutorii
517 458 555 494 in
595 460 722 494 Deum
763 456 1017 504 suspendere.
1064 455 1165 489 Nam
1206 465 1251 489 eo
1291 452 1377 499 ipso
1417 464 1495 499 quo

185 517 273 566 quis
306 530 328 554 a
361 517 543 565 proximo
576 516 695 552 habet
728 513 973 562 adiutorium
1006 510 1220 555 laudabile,
1256 510 1368 557 origo
1392 509 1497 545 illius

187 575 376 612 adiutorii
423 573 700 623 principaliter
747 582 803 609 est
850 572 890 608 in
929 573 1025 607 Deo.
1071 571 1119 605 Et
1164 568 1255 604 ideo
1299 567 1498 616 scriptura

151 635 379 681 5dampnat
426 646 492 669 eos
539 632 606 680 qui
652 630 879 667 inordinate
925 637 1078 678 ponunt
1126 639 1236 675 spem
1290 638 1404 662 suam
1458 625 1497 660 in

185 692 367 737 homine3
402 700 438 727 et
473 691 598 727 multo
624 688 851 726 evidencius
886 701 951 724 eos
976 686 1043 735 qui
1077 684 1304 721 inordinate
1336 692 1498 732 sperant

185 749 225 785 in
271 749 431 786 caducis
470 747 774 796 temporalibus.
822 746 1069 790 Alaledictzts,
1113 742 1242 792 inquit
1287 742 1497 790 propheta,

186 808 250 857 qui
274 807 383 857 ponit
410 819 514 856 spem
539 819 648 843 suam
672 806 708 840 in
732 804 883 840 homine
914 811 949 839 et
972 803 1081 851 ponit
1110 814 1266 838 carnem
1298 800 1498 837 brachium

184 878 294 902 suum
326 865 495 901 Jeremie
528 866 665 910 XVIIO,
703 864 737 899 5.
773 863 849 899 Sed
883 860 1128 898 adiutorium
1162 858 1428 907 propinquius
1460 857 1500 893 in

133 923 317 960 1oviante
369 932 426 959 est
478 924 629 959 donum
682 922 881 957 bonorum
931 917 1190 960 naturalium,
1243 926 1286 953 ut
1338 916 1500 965 quando

186 981 306 1018 amici
340 980 489 1017 infirmi
524 980 714 1017 assistunt
756 979 935 1014 dolentes
976 985 1012 1013 et
1046 976 1182 1013 iuvare
1215 974 1502 1011 insufficientes

186 1048 331 1076 natura
383 1052 453 1076 sua
507 1038 723 1075 intrinseca
769 1049 888 1085 quam
936 1037 1041 1071 Deus
1088 1035 1154 1070 dat
1207 1046 1300 1081 sepe
1346 1031 1502 1080 perficit

187 1097 413 1134 sanitatem.
461 1099 541 1133 Nec
579 1097 683 1134 valet
723 1094 923 1131 medicina
963 1092 1108 1129 medici
1152 1091 1369 1140 quicquam
1415 1102 1503 1138 per-

189 1156 319 1201 ficere,
352 1155 428 1192 nisi
460 1164 604 1192 natura
636 1153 899 1203 principalius
923 1164 993 1200 per
1025 1149 1267 1187 medicinam
1293 1147 1503 1198 perfecerit

134 1218 289 1263 150pus
321 1226 452 1259 suum,
492 1222 535 1249 ut
576 1221 686 1261 patet
723 1211 764 1248 in
798 1209 967 1248 mortuis
1006 1217 1042 1246 et
1081 1207 1314 1245 inanimatis
1346 1207 1385 1243 in
1418 1205 1504 1254 qui-

189 1273 261 1309 bus
296 1271 496 1308 medicina
528 1284 610 1308 non
643 1269 789 1308 sufficit
822 1269 951 1306 facere
985 1267 1213 1304 sanitatem.
1268 1267 1346 1302 Sed
1379 1263 1503 1301 tercio

190 1329 399 1367 deficiente
449 1338 595 1366 natura
638 1337 680 1365 ut
727 1335 888 1377 oportet
939 1326 980 1362 in
1025 1324 1166 1362 mortis
1210 1324 1380 1361 articulo
1423 1335 1507 1359 non

190 1396 313 1425 restat
344 1388 419 1424 nisi
452 1389 502 1425 ad
535 1387 607 1424 Dei
640 1385 885 1424 adiutorium
919 1383 1174 1433 singulariter
1202 1382 1504 1419 recurrendum.

193 1449 278 1495 Ipse
330 1445 435 1483 enim
485 1447 590 1482 hunc
634 1444 807 1494 protegit
853 1456 875 1480 a
919 1442 1073 1480 cunctis
1121 1440 1302 1478 hostibus
1347 1452 1504 1476 servum

135 1517 177 1540 20
193 1517 324 1550 suum,
358 1505 534 1540 secundo
574 1512 757 1552 acceptat
795 1502 927 1551 ipsum
960 1500 1000 1537 in
1033 1500 1243 1537 tremendo
1275 1497 1425 1535 iudicio
1459 1499 1506 1534 de

194 1575 316 1599 manu
361 1562 511 1598 diaboli
549 1571 586 1598 et
630 1561 755 1598 tercio
800 1559 972 1608 premiat
1017 1571 1107 1596 eum
1152 1566 1243 1606 post
1287 1556 1405 1593 finale
1449 1556 1507 1592 iu-

194 1620 342 1657 dicium
367 1621 552 1657 mercede
581 1619 786 1656 ineffabili.
819 1617 1036 1655 Benedicta
1069 1616 1204 1664 itaque
1227 1614 1277 1652 sit
1299 1613 1505 1664 proteccio

194 1678 266 1715 Dei
306 1678 392 1715 celi.
445 1680 523 1715 Ista
561 1677 697 1727 itaque
737 1675 1033 1724 contemplacio
1074 1673 1198 1711 movit
1235 1681 1431 1721 martyres
1470 1681 1508 1708 et

195 1745 373 1774 moveret
404 1749 530 1785 usque
563 1735 682 1773 hodie
716 1735 852 1772 fideles
886 1735 936 1771 ad
969 1733 1264 1770 defendendum
1298 1743 1423 1780 usque
1458 1731 1508 1767 ad

138 1796 177 1831 25
195 1803 367 1832 mortem
399 1794 566 1832 viriliter
599 1806 761 1831 causam
795 1792 880 1830 Dei.

252 1856 334 1890 Nec
366 1852 482 1890 video
515 1852 612 1902 quin
635 1864 870 1889 excecamur
893 1849 1103 1887 luciferina
1125 1846 1302 1885 stulticia
1323 1847 1509 1895 negando

195 1912 271 1948 hoc
304 1912 465 1958 bellum,
507 1924 596 1948 cum
638 1909 900 1959 agricultores
940 1916 1046 1945 certe
1084 1915 1247 1956 sperant
1283 1905 1509 1954 profectum

195 1969 348 2007 fructus
381 1983 450 2006 sue
484 1970 650 2015 culture,
701 1977 738 2006 et
770 1967 863 2005 hinc
900 1968 1087 2004 laborant
1125 1965 1347 2002 secundum
1381 1971 1508 2000 artem

196 2041 310 2065 suam
349 2027 520 2064 assidue.
566 2030 694 2064 Immo
733 2025 842 2064 avari
880 2033 1086 2074 sperantes
1125 2023 1298 2060 inaniter
1335 2022 1510 2058 fructum

141 2086 374 2123 3othesauri
412 2085 472 2123 sui
516 2085 660 2123 servati
705 2092 948 2133 congregant
991 2081 1196 2132 pecunias,
1241 2079 1427 2118 arconios
1475 2088 1512 2116 et

199 2144 278 2181 alia
300 2144 542 2193 temporalia
557 2156 767 2193 quousque
790 2140 1141 2192 putrefactibiliter
1163 2140 1242 2176 sint
1258 2146 1510 2187 consumpta.

199 2204 277 2239 Sed
301 2202 448 2240 relictis
470 2202 555 2239 istis
580 2202 725 2239 milites
741 2201 877 2238 fideles
894 2199 1042 2238 Christi
1057 2200 1129 2236 sub
1146 2211 1215 2247 spe
1230 2195 1512 2234 retribucionis

199 2261 363 2310 proprie
396 2263 665 2298 decertarunt.
700 2259 798 2306 Quis
822 2271 916 2308 ergo
950 2257 1078 2295 fidelis
1111 2258 1262 2294 habens
1295 2254 1512 2292 scintillam

201 2319 293 2356 fidei
325 2332 406 2356 non
439 2319 480 2356 in
511 2319 588 2356 isto
628 2317 847 2356 certamine
886 2318 1101 2361 laboraret,
1143 2327 1233 2351 cum
1274 2314 1391 2350 debet
1429 2325 1514 2349 esse

143 2380 183 2413 35
199 2389 361 2414 securus
401 2390 445 2414 ex
488 2378 565 2414 fide
604 2378 712 2426 quod
750 2375 950 2424 premium
990 2373 1222 2422 centuplum
1261 2370 1514 2408 securissime

199 2435 241 2471 in
274 2449 397 2473 manu
430 2436 579 2473 Christi
610 2435 850 2484 reponeret?
883 2436 965 2470 Nec
998 2431 1166 2468 dubium
1201 2435 1257 2476 (ut
1290 2442 1383 2478 sepe
1417 2428 1513 2465 dici-

200 2496 279 2541 tur)
313 2494 411 2543 quin
443 2502 671 2531 remaneret
703 2492 886 2530 fidelibus
926 2490 1097 2528 materia
1135 2487 1380 2535 decertandi,
1420 2486 1514 2536 quia

270 2616 295 2645 3.
317 2617 341 2645 E
361 2617 391 2645 in
413 2626 526 2653 marga
548 2616 677 2652 Triplex
697 2615 896 2644 adiutorium.
919 2622 938 2641 1.
959 2614 989 2642 A
1033 2612 1163 2640 roximo.
1277 2633 1283 2639 .
1303 2611 1329 2638 E
1347 2611 1378 2638 in
1399 2618 1514 2645 marg.:

202 2652 295 2691 Spem
317 2661 405 2680 suam
425 2653 455 2680 in
477 2652 602 2680 homine
622 2651 798 2679 inordinate
821 2653 970 2685 ponentes
1019 2652 1216 2710 ansipnantur.
1274 2654 1343 2682 pem
1371 2653 1458 2673 suam
1484 2645 1515 2672 iu

202 2687 327 2714 homme
348 2692 496 2723 ponentes
517 2686 682 2714 maledicti.
774 2694 802 2722 9.
824 2685 867 2712 D:
887 2683 1018 2712 Jeremie
1082 2683 1110 2717 13
1131 2682 1171 2710 E:
1193 2682 1288 2710 deest.
1379 2689 1421 2708 10.
1441 2679 1466 2707 E
1486 2679 1515 2706 iu

203 2731 269 2749 mar
293 2731 317 2749 .:
338 2730 370 2749 2:
391 2723 421 2750 A
440 2722 570 2750 naturali
591 2722 683 2749 dono.
784 2719 891 2748 13—16.
913 2718 981 2746 DE:
1002 2717 1067 2745 Nec
1087 2718 1167 2745 valet
1184 2733 1219 2737 —
1238 2716 1400 2744 sanitatem
1422 2714 1515 2742 deest.

202 2757 244 2784 16.
310 2757 340 2784 in
360 2765 474 2793 marg:
496 2756 527 2784 3:
547 2757 577 2785 A
597 2757 662 2784 solo
683 2756 757 2784 Deo.
820 2754 861 2783 18.
881 2754 921 2782 E:
945 2752 1166 2781 recurrendum
1188 2750 1384 2787 singulariter
1404 2749 1440 2776 ad
1462 2748 1516 2776 Dei

201 2791 400 2819 adiutorium.
491 2799 536 2819 20.
558 2792 603 2820 A:
625 2800 715 2819 suum
736 2791 830 2818 deest.
915 2796 954 2816 21.
975 2788 1015 2816 E:
1038 2792 1066 2815 et
1085 2787 1180 2815 deest.
1266 2785 1311 2821 23,
1331 2792 1378 2819 24.
1399 2783 1477 2822 DE:⁵
1490 2787 1519 2810 et

203 2830 315 2854 movet.
405 2834 450 2862 27.
471 2826 512 2854 E:
534 2826 706 2862 profectim.
803 2824 849 2853 30.
871 2824 910 2851 E:
932 2822 1078 2857 artomis3
1099 2822 1174 2850 AD:
1195 2826 1352 2852 artomos;
1373 2826 1518 2846 arconlus

203 2869 262 2888 sec.
283 2861 330 2888 Du
351 2860 504 2924 Canffiiurn
525 2861 620 2897 locus,
641 2861 693 2889 ubi
714 2861 818 2888 fenum
840 2858 1016 2897 congeritur
1036 2861 1064 2885 et
1083 2861 1271 2890 asservatur.
1342 2854 1390 2883 36.
1411 2853 1450 2881 E:
1473 2861 1518 2881 re-

203 2904 338 2959 &335³
359 2895 399 2923 ib.
464 2896 495 2924 in
515 2904 630 2932 marg.:
651 2896 695 2923 De
716 2894 844 2924 materia
864 2893 1016 2930 paciendi.
1124 2891 1172 2927 36,
1193 2890 1239 2927 37.
1259 2889 1329 2918 DE:
1351 2888 1425 2925 quin
1446 2896 1519 2924 sepe

1318 2972 1392 3005 23*

1702 279 1776 314 355

1566 401 1632 428 Our
1652 401 1731 435 hope

1543 436 1651 462 should
1676 436 1709 462 be
1730 435 1759 462 iu

1611 470 1690 497 (iod.

1525 1850 1585 1879 We
1600 1850 1710 1878 should
1727 1851 1742 1879 fi
1768 1851 1800 1879 ht

1536 1886 1586 1913 the
1605 1886 1685 1921 good
1707 1859 1790 1922 figffit.
