1986 3380
203 293 339 322 SERMO
361 281 486 338 xxm]
674 294 887 326 SECUNDA
915 294 1038 327 PARS.

205 403 352 439 Israhel
385 400 679 438 matrimoniari
719 413 809 436 cum
845 400 921 435 illis
955 397 1015 450 (ut
1049 408 1157 447 patet
1191 402 1201 434 1
1235 400 1359 434 Esdre
1391 398 1515 449 Xll'ss')‚

205 469 339 496 tamen
383 459 654 507 dispensatum
701 467 758 494 est
796 470 884 494 cum
931 457 997 493 illa
1043 466 1205 505 propter
1250 456 1515 493 eminenciarn

205 530 272 554 sue
306 517 461 554 virtutis
495 526 532 553 et
566 515 845 560 ministerium,
880 524 921 551 ut
955 515 1164 563 copuletur
1198 527 1287 550 cum
1327 513 1512 550 nobiliori

206 575 384 623 principe
429 573 704 614 Bethleemita,
752 583 788 609 et
838 573 893 609 sic
942 573 1146 609 verificata
1197 581 1253 608 est
1299 571 1515 619 prophecia

169 635 188 668 5
204 633 318 678 (lsaie
351 635 470 673 XVl‘),
503 636 553 678 1):
588 632 731 667 Emitte
753 644 898 681 agnum
923 631 1088 667 Domine
1111 631 1389 666 dominatorem
1414 638 1518 665 terre

207 692 252 727 de
285 699 399 740 petra
439 690 583 727 deserti
612 690 663 725 ad
696 697 859 725 montem
880 689 968 739 filie
1001 690 1132 739 Syom
1163 701 1254 724 nam
1290 700 1413 735 agnus
1447 687 1517 723 Dei

205 749 278 785 fuit
310 751 483 796 Messyas
518 748 660 784 missus
693 747 732 783 in
764 747 868 783 linea
899 746 1174 794 generacionis
1210 747 1256 782 de
1280 746 1383 781 Ruth
1408 747 1518 781 Moa-

207 806 330 843 bitide
363 819 438 855 que
470 815 635 843 vocatur
667 814 781 853 petra
812 813 978 853 propter
1010 803 1287 840 infidelitatem
1327 803 1516 851 priorem.

206 866 253 900 Et
286 865 396 901 locus
429 863 556 913 patrie
580 865 698 900 Moab
732 872 789 899 est
820 864 998 899 desertus
1031 871 1195 910 propter
1227 861 1517 910 petrositatem,

152 935 191 957 10
208 932 244 959 et
277 922 458 959 Christus
490 921 562 958 fuit
595 923 642 957 de
675 921 743 957 illa
777 921 919 956 missus
952 922 1001 957 ad
1033 921 1267 957 Jerusalem.

266 981 342 1016 Sed
377 980 581 1016 dubitatur
615 980 820 1027 quomodo
853 980 960 1031 Boozs
991 979 1125 1028 genuit
1164 978 1283 1014 Obetlz
1318 989 1368 1014 ex
1400 977 1518 1023 Ruth,

207 1051 297 1074 cum
337 1051 359 1074 a
398 1047 580 1085 tempore
619 1039 786 1074 ducatus
817 1039 948 1080 Josue,
983 1037 1144 1084 quando
1180 1037 1346 1072 Salmon
1385 1034 1519 1083 genuit

207 1097 312 1132 Booz
342 1097 389 1132 de
413 1097 522 1132 Raab
551 1108 676 1143 usque
712 1096 761 1131 ad
791 1104 948 1142 tempus
980 1108 1058 1143 quo
1088 1094 1176 1130 Heli
1207 1093 1311 1142 cepit
1342 1093 1520 1129 iudicare

207 1154 402 1202 populum
437 1154 476 1190 in
510 1166 589 1202 quo
623 1153 697 1190 ista
722 1154 825 1189 Ruth
857 1152 963 1189 venit
998 1153 1034 1188 in
1058 1154 1225 1188 Judeam
1261 1165 1350 1188 cum
1378 1150 1520 1187 Noemi

154 1213 403 1248 15fluxe1·unt
436 1212 602 1248 trecenti
634 1210 771 1259 viginti
817 1211 992 1259 quinque
1038 1210 1143 1257 anni,
1184 1219 1224 1246 ut
1264 1209 1409 1246 dicitur
1444 1239 1450 1245 .
1478 1238 1484 1244 .
1512 1238 1518 1244 .

208 1270 282 1306 Hic
315 1269 460 1307 dicitur
492 1271 600 1318 quod
633 1279 711 1305 tres
742 1278 853 1305 erant
877 1271 982 1305 Booz
1017 1268 1248 1305 immediate
1280 1267 1354 1304 sibi
1385 1279 1520 1303 succe-

208 1330 345 1364 dentes
395 1341 468 1376 pro
519 1327 673 1364 diverso
718 1336 918 1376 tempore:
965 1326 1118 1375 primus
1172 1326 1327 1374 genitus
1372 1334 1429 1362 est
1473 1326 1520 1361 de

208 1387 374 1423 Salmon
407 1398 450 1422 ex
483 1387 605 1431 Raab,
640 1395 676 1422 et
709 1385 855 1421 tercius
888 1384 1022 1433 genuit
1055 1386 1185 1421 Obeth
1218 1397 1261 1420 ex
1295 1384 1417 1427 Ruth3
1452 1384 1520 1419 sed

209 1444 302 1491 quia
348 1445 547 1480 Mattheus
597 1443 722 1480 voluit
779 1445 828 1480 ab
868 1444 1071 1479 Abraham
1131 1455 1256 1490 usque
1305 1443 1355 1478 ad
1395 1440 1521 1478 David

150 1512 193 1534 20
209 1503 451 1538 thessaressa
496 1503 543 1538 de
589 1503 742 1547 eadem,
788 1503 863 1538 hoc
908 1510 978 1546 est,
1024 1502 1313 1549 quaterdenam
1358 1511 1520 1548 ponere,

208 1560 298 1596 ideo
338 1559 433 1596 istos
471 1569 549 1596 tres
587 1559 770 1596 similiter
808 1558 1037 1596 nominatos
1074 1558 1199 1595 voluit
1236 1571 1316 1594 uno
1359 1557 1522 1593 nomine

210 1617 511 1665 comprehendi.
564 1619 821 1664 Quaterdena
866 1616 970 1653 enim
1012 1629 1055 1653 ex
1095 1626 1269 1665 quatuor
1309 1624 1345 1652 et
1385 1617 1522 1651 decem

209 1676 434 1724 composita
479 1676 623 1723 figurat
663 1676 898 1723 decalogum
946 1684 983 1711 et
1023 1684 1196 1723 quatuor
1235 1673 1451 1721 evangelia,
1486 1682 1523 1709 et

210 1746 279 1782 per
323 1746 569 1782 consequens
622 1742 748 1770 totam
799 1733 995 1781 integram
1041 1733 1168 1781 legem
1208 1732 1298 1777 Dei3
1350 1743 1423 1768 nec
1467 1740 1524 1767 est

153 1792 193 1824 25
210 1791 361 1829 falsitas
394 1792 434 1828 in
467 1793 542 1829 hoc
575 1792 695 1838 dicto,
721 1791 814 1840 quia
846 1790 1075 1840 quicunque
1108 1789 1225 1826 fuerit
1253 1798 1367 1838 pater
1399 1788 1524 1838 patris

211 1859 268 1886 est
301 1859 414 1898 pater
447 1850 517 1886 filii
551 1859 588 1887 et
621 1850 794 1887 mediate
825 1849 960 1898 genuit
992 1849 1067 1885 sibi
1099 1848 1244 1896 ipsum.

274 1908 393 1944 Obetlz
432 1915 557 1944 autem
594 1908 727 1958 genuit
757 1908 863 1944 Jesse
899 1915 934 1943 et
964 1907 1068 1944 Jesse
1101 1907 1243 1942 David.
1291 1908 1365 1941 Iste
1410 1914 1525 1953 pater

211 1965 337 2002 David
387 1965 460 2002 fuit
504 1965 733 2003 binominus
777 1974 955 2010 vocatus,
1001 1974 1083 2002 tam
1122 1966 1228 2001 Jesse
1274 1976 1394 2012 quam
1435 1962 1523 2007 lsai,

211 2025 279 2060 sed
319 2025 519 2060 Mattheus
565 2023 681 2071 elegit
721 2036 810 2060 eum
849 2036 993 2060 vocare
1024 2025 1129 2060 jesse
1176 2021 1436 2059 conformiter
1475 2022 1525 2056 ad

154 2083 196 2115 30
211 2081 472 2130 propheciam
509 2082 623 2129 (Isaie
655 2083 740 2128 XIO,
773 2080 825 2133 1):
865 2081 1108 2133 Egredietztr
1152 2081 1266 2131 virga
1311 2080 1357 2115 de
1395 2079 1526 2114 radice

219 2140 340 2187 Yesse,
364 2140 457 2188 quia
489 2139 553 2176 hic
586 2139 715 2187 agitur
744 2141 790 2176 de
824 2152 882 2185 eo,
912 2148 955 2175 ut
988 2140 1272 2187 prophetatum
1308 2146 1364 2174 est
1397 2138 1445 2173 ab
1479 2148 1525 2172 eo

211 2197 415 2234 Christum
450 2199 702 2234 descendere.
743 2200 791 2234 Et
828 2206 923 2234 nota
956 2199 1063 2246 quod
1097 2197 1171 2233 ista
1203 2196 1335 2245 prima
1367 2203 1526 2243 quater-

212 2256 313 2292 dena
352 2255 541 2292 dividitur
579 2256 619 2292 in
652 2265 730 2292 tres
769 2264 914 2304 partes,
954 2255 1104 2292 scilicet
1141 2254 1181 2290 in
1225 2262 1372 2302 patres,
1412 2261 1527 2289 natos

212 2322 303 2350 ante
334 2313 556 2361 ingressum
590 2313 722 2362 Egipti
761 2322 798 2350 et
829 2322 945 2350 natos
983 2322 1073 2361 post
1107 2313 1253 2349 exitum
1288 2312 1335 2347 de
1368 2310 1526 2359 Egipto,

157 2372 197 2405 35
214 2380 251 2408 et
295 2371 492 2420 significat
536 2371 667 2420 prima
718 2371 872 2408 mistice
922 2371 1227 2419 generacionem
1269 2368 1417 2406 Christi
1458 2380 1529 2416 per

213 2429 390 2477 graciam
414 2429 454 2466 in
476 2429 610 2466 anima
633 2429 849 2478 penitente,
876 2430 1050 2466 secunda
1073 2429 1112 2465 in
1135 2428 1270 2465 anima
1292 2426 1528 2476 proficiente

215 2496 252 2524 et
289 2487 413 2524 tercia
453 2487 493 2524 in
532 2487 666 2524 anima
706 2486 879 2524 finaliter
916 2488 1146 2524 adherente.
1192 2488 1241 2522 Et
1280 2485 1529 2522 concordant

117 2523 200 2602 {⁴0⁰}ss
214 2557 353 2582 omnes
378 2547 523 2593 gradus
543 2554 579 2582 et
599 2545 700 2582 inter
728 2540 734 2600 l
761 2545 1014 2594 pretaciones
1032 2544 1201 2581 istorum
1221 2542 1528 2593 quatuordecim

284 2679 312 2706 6.
332 2680 377 2706 A:
400 2679 436 2706 de
457 2683 537 2706 secta
557 2679 604 2706 ad.
670 2687 697 2714 7,
713 2679 739 2705 8.
762 2679 829 2706 DE:
851 2679 994 2707 Moabitas.
1065 2687 1097 2706 11.
1119 2679 1174 2706 AB
1195 2678 1224 2705 111
1247 2686 1360 2713 marg:
1382 2677 1528 2704 Dubium.

215 2712 252 2740 13.
269 2714 314 2740 A:
336 2713 471 2741 iudicare
490 2714 604 2749 ipsum,
663 2713 784 2742 15.1)ss:
809 2718 855 2746 ut:
878 2714 1016 2749 sequitur
1036 2714 1154 2741 lacuna.
1176 2714 1219 2740 A:
1242 2713 1370 2746 dicitur3
1393 2711 1530 2747 sequitur

214 2749 332 2775 lacuna.
441 2748 481 2775 16.
504 2749 532 2775 A
552 2748 582 2775 111
604 2757 716 2784 marg:
739 2748 819 2775 Boot
842 2753 902 2776 tres
922 2749 1055 2776 suerunt.
1168 2757 1206 2783 17.
1227 2748 1271 2775 A:
1293 2747 1352 2774 isto
1374 2751 1529 2781 tempore:

215 2783 257 2809 1):
281 2782 415 2810 secundo
435 2787 590 2818 temp0re3
618 2783 657 2810 ib.
678 2785 707 2810 A
727 2783 756 2810 111
779 2791 893 2818 marg:
915 2791 935 2810 1.
1011 2784 1050 2810 18.
1072 2783 1111 2810 E:
1134 2787 1162 2810 et
1183 2782 1346 2810 secundus.
1420 2789 1466 2808 20.
1489 2781 1528 2807 E:

215 2817 501 2855 quaterdenarium3
530 2817 570 2844 ib.
593 2818 616 2844 E
636 2818 665 2845 in
687 2826 802 2853 marg:
858 2818 1032 2845 uaterdena.
1167 2816 1209 2844 23.
1231 2817 1271 2844 E:
1294 2817 1410 2850 signat3
1441 2815 1480 2842 ib.
1503 2819 1531 2841 et

215 2852 417 2886 evangelium.
520 2859 567 2887 24,
589 2852 631 2880 25.
653 2852 693 2880 E:
715 2860 770 2880 nec
789 2868 822 2871 —
865 2852 924 2880 icto
946 2852 1041 2880 deest.
1141 2860 1185 2887 27.
1206 2853 1251 2879 A:
1274 2855 1302 2878 et
1321 2851 1414 2878 Yesse
1435 2849 1528 2876 deest.

215 2894 263 2920 29,
284 2885 329 2913 30.
350 2886 395 2924 A}
417 2886 468 2913 sed
489 2902 522 2905 -—
541 2886 618 2914 Isaie
639 2887 732 2914 deest.
807 2886 853 2914 30.
874 2887 917 2915 D:
939 2887 1035 2923 virgo.
1110 2885 1153 2914 32.
1173 2886 1230 2914 AD
1252 2885 1281 2913 in
1304 2893 1418 2921 marg:
1438 2883 1529 2911 Nota.

215 2919 258 2950 35.
278 2922 323 2949 A:
344 2928 497 2956 primum3
517 2921 560 2949 D:
583 2921 695 2956 primo.

1729 286 1801 331 169

1620 983 1720 1011 Three

1588 1021 1735 1047 successix
1745 1030 1759 1047 e

1574 1058 1768 1092 generations

1562 1094 1669 1121 named
1692 1093 1782 1120 ssoaz.
