1986 3380
150 943 185 962 Η)

145 1223 180 1253 13

139 1523 179 1544 20

137 1802 176 1833 25

133 2092 174 2124 30

133 2381 171 2414 35

101 2470 173 2501 Fol.

93 2515 173 2547 213¹·

207 300 342 328 SERMo
365 301 487 329 XXXV.
676 304 889 338 SECUNDA
919 306 1043 338 PARS.

207 411 364 451 Christi.
415 424 504 447 cum
550 424 630 448 non
675 412 840 448 dubium
889 413 983 461 quin
1030 426 1099 449 sua
1141 415 1344 451 evidencia
1386 426 1518 463 posset

205 481 304 516 eque
328 470 504 506 colorate
528 471 577 505 ad
606 471 838 518 oppositum
871 472 1106 518 retorqueri,
1137 485 1273 519 ymmo
1303 486 1390 509 cum
1418 487 1518 511 unus

204 528 304 562 ordo
338 523 446 579 (cum
482 539 620 563 omnes
653 528 885 564 immediate
918 529 1135 565 fundantur
1168 530 1206 565 in
1241 531 1405 567 domino
1427 534 1516 568 Jesu

205 583 381 635 Christo)
416 585 529 621 alteri
563 586 694 621 ordini
730 596 983 638 repugnaret,
1000 596 1043 622 ut
1075 587 1105 622 si
1140 588 1280 624 fratres
1315 602 1356 625 ex
1392 589 1517 637 ligura

204 642 376 678 hominis
423 643 588 678 fundant
641 656 682 680 ex
734 644 888 691 integro
939 658 1053 680 suum
1108 646 1302 687 habitum,
1349 656 1431 683 tam
1478 648 1517 684 in

203 700 396 747 qualitate
436 713 555 748 quam
599 701 638 737 in
677 702 900 749 quantitate
941 712 977 738 et
1018 703 1156 750 figura,
1192 706 1398 752 quomodo
1438 718 1517 742 non

204 758 305 793 foret
357 758 515 794 habitus
567 759 731 795 alterius
781 760 843 795 isti
899 761 1124 797 contrarius
1178 762 1422 799 infundatus.
1470 766 1516 799 Et

202 815 462 851 conformiter
503 816 682 863 arguitur
721 819 768 853 de
809 818 910 853 fictis
951 819 1165 855 evidenciis
1206 829 1242 856 et
1281 821 1516 857 incoloratis

201 873 514 920 sophismatibus
566 875 753 911 ordinum
806 875 992 912 aliorum.
1044 879 1103 912 Ad
1157 878 1514 915 confirmacionem

201 931 362 967 linalem
388 931 477 967 dico
502 938 562 977 (ut
585 931 737 984 sepius)
763 935 870 981 quod
896 934 1104 971 concessio
1129 935 1295 972 istorum
1327 936 1515 973 ordinum

200 988 239 1024 in
277 989 406 1025 verbis
445 991 506 1025 vel
545 1003 665 1038 opere
703 991 807 1039 sapit
847 992 1154 1040 blasphemiam.
1190 994 1370 1030 Christus
1410 995 1513 1031 enim

199 1046 400 1083 ordinavit
433 1050 540 1096 quod
574 1050 674 1085 ordo
708 1062 800 1085 suus
833 1050 893 1085 vel
927 1050 1066 1098 religio
1100 1051 1288 1088 fundetur
1310 1052 1514 1089 fontaliter

198 1104 237 1140 in
270 1105 482 1141 virtutibus
523 1116 559 1142 et
593 1119 713 1155 opere
754 1117 1035 1156 consequente.
1074 1109 1345 1146 Antichristus
1379 1120 1510 1147 autem

197 1163 336 1199 statuit
371 1165 477 1211 quod
512 1164 654 1207 forma,
690 1165 787 1201 ritus
821 1165 1018 1202 sensibilis
1052 1177 1088 1203 et
1120 1177 1253 1215 gestus
1289 1170 1513 1206 mundanus

199 1221 288 1268 plus
328 1223 575 1269 ponderetur
614 1223 653 1259 in
695 1236 766 1260 suo
806 1224 946 1260 ordine
981 1238 1099 1273 quam
1143 1226 1327 1263 mentalis
1361 1227 1513 1275 religio,

198 1279 292 1326 quia
352 1292 533 1316 summus
591 1281 774 1329 ypocrita
833 1283 1090 1330 appreciatur
1142 1284 1313 1321 maxime
1363 1285 1510 1321 famam

199 1336 352 1373 inundr

254 1396 484 1431 Secundum
520 1396 685 1432 dubium
722 1407 855 1434 utrum
889 1411 1029 1435 omnes
1059 1398 1211 1436 viantes
1245 1409 1431 1436 tenentur
1464 1402 1513 1437 ad

195 1452 351 1500 singula
385 1453 532 1489 Christi
573 1455 739 1491 consilia
780 1458 837 1500 (ut
882 1466 988 1493 secte
1033 1457 1185 1505 private
1230 1458 1434 1501 simulant)
1474 1471 1514 1495 se

195 1523 365 1555 servare,
407 1520 443 1546 et
482 1511 639 1548 videtur
678 1515 785 1561 quod
825 1527 917 1557 non,
958 1515 1051 1563 quia
1091 1524 1184 1551 tunc
1224 1516 1423 1564 obligacio
1464 1518 1512 1552 ad

195 1570 443 1617 sequendum
469 1570 673 1606 Christum
699 1573 918 1608 secundum
946 1585 1105 1609 crucem
1130 1574 1298 1610 istorum
1324 1574 1511 1610 ordinum

194 1636 275 1663 tam
317 1626 424 1674 ipsos
464 1627 641 1676 singulos
674 1642 794 1677 quam
836 1631 1034 1667 seculares
1075 1632 1270 1680 equaliter
1302 1632 1511 1680 obligaret.

251 1686 328 1721 Sed
374 1686 423 1721 ad
470 1685 575 1722 istud
621 1700 713 1735 sepe
753 1687 902 1724 dictum
950 1698 1006 1724 est
1045 1691 1152 1737 quod
1193 1690 1297 1726 idem
1345 1690 1511 1726 existens

192 1742 261 1778 uni
306 1743 517 1779 consilium
565 1754 622 1781 est
673 1745 787 1782 alteri
833 1746 1160 1787 dissuadendum,
1208 1760 1297 1784 cum
1345 1748 1511 1796 quilibet

192 1800 321 1837 viator
353 1803 572 1838 secundum
607 1803 919 1851 proporcionem
954 1806 1153 1841 donorum
1189 1818 1264 1854 que
1298 1808 1403 1842 Deus
1437 1806 1510 1842 sibi

193 1859 401 1895 donaverit
417 1861 533 1896 debet
550 1860 699 1909 dispari
719 1862 886 1899 consilio
903 1864 1089 1910 regulari.
1116 1866 1207 1900 Ideo
1224 1865 1511 1912 conglobantes

191 1926 272 1953 tam
304 1917 482 1965 dispares
512 1928 675 1956 naturas
704 1920 744 1956 in
775 1933 855 1957 uno
885 1921 1040 1968 privato
1070 1922 1211 1958 ordine
1239 1931 1320 1958 tam
1351 1923 1511 1959 ordina-

192 1974 296 2011 cioni
325 1984 467 2012 nature
498 1990 618 2024 quam
649 1978 900 2015 ordinacioni
932 1979 1003 2015 Dei
1034 1980 1328 2017 contradicunt.
1362 1982 1512 2017 Volunt

192 2033 295 2069 enim
336 2042 477 2070 contra
514 2036 762 2072 voluntatem
804 2037 951 2073 Christi
991 2040 1097 2086 quod
1138 2038 1271 2074 cuncti
1310 2052 1409 2087 quos
1454 2038 1511 2074 in-

190 2092 340 2127 ducunt
374 2091 413 2127 in
446 2105 561 2129 suum
596 2094 779 2130 ordinem
814 2095 891 2131 sint
925 2105 1065 2132 contra
1099 2097 1168 2132 Dei
1204 2096 1508 2133 ordinacionem

190 2148 443 2186 uniformiter
489 2151 668 2200 obligati,
710 2162 746 2188 et
787 2153 889 2189 sicut
934 2155 1119 2191 laborant
1159 2155 1198 2190 in
1246 2155 1413 2192 materia
1461 2157 1509 2191 de

190 2207 569 2255 ydemptificacione
623 2219 658 2246 et
705 2211 1046 2259 multiplicacione
1096 2213 1412 2259 infundabiliter‚
1453 2213 1508 2249 sic

189 2265 228 2300 in
268 2265 436 2302 materia
481 2269 527 2303 de
560 2268 706 2315 regulis
740 2282 903 2305 suarum
937 2279 1134 2307 sectarum
1171 2280 1208 2307 et
1240 2271 1394 2307 utinam
1428 2284 1509 2308 non

190 2323 375 2360 heretice.
422 2325 578 2361 Scimus
618 2326 780 2374 quidem
822 2329 929 2375 quod
968 2329 1225 2365 observantes
1263 2328 1508 2365 tradiciones

188 2381 284 2429 legis
326 2383 470 2418 veteris
514 2396 590 2432 que
641 2394 731 2421 sunt
777 2385 902 2432 magis
950 2386 1150 2423 autentice
1195 2399 1313 2435 quam
1367 2400 1507 2424 omnes

187 2439 431 2476 tradiciones
456 2454 553 2490 quas
578 2442 653 2490 ipsi
678 2442 807 2479 sciunt
833 2443 979 2491 fingere
1004 2445 1253 2492 contingeret
1282 2454 1505 2481 servantem

189 2509 271 2534 esse
323 2498 558 2538 hereticum,
612 2510 654 2536 ut
706 2510 815 2548 patet
861 2501 899 2537 in
957 2503 1124 2539 materia
1154 2499 1158 2555 Ι
1188 2504 1235 2538 de
1279 2503 1507 2539 cessacione

187 2555 388 2603 legalium.

255 2662 279 2681 2.
300 2654 343 2682 D:
363 2662 432 2682 cum
455 2655 484 2682 iu
507 2664 602 2691 marg.
626 2656 757 2684 without
778 2658 866 2685 mark
886 2657 920 2684 os
938 2657 1103 2685 reference.
1190 2658 1214 2686 3.
1236 2659 1278 2686 D:
1301 2664 1363 2687 tam
1385 2669 1504 2688 omnes.

189 2689 214 2719 5.
236 2689 263 2716 6.
285 2689 354 2716 DE:
377 2690 406 2716 in
429 2690 599 2725 quantitate
619 2692 774 2726 qualitate.
878 2691 906 2719 S.
929 2694 973 2719 A:
995 2692 1149 2720 incolatis.
1254 2703 1282 2729 9.
1304 2696 1349 2722 A:
1371 2696 1504 2723 aliorum

189 2724 289 2758 deest3
311 2724 351 2751 ib.
373 2724 398 2751 D
420 2724 449 2751 in
472 2733 586 2761 marg:
608 2725 657 2753 Ad
679 2727 963 2754 confirmacionem.
1048 2736 1089 2755 10.
1111 2728 1151 2755 E:
1173 2727 1326 2764 ipsorum.
1405 2739 1438 2758 11.
1460 2732 1504 2758 A:

186 2759 267 2785 enim
289 2758 382 2786 deest.
447 2767 482 2786 12.
505 2761 548 2787 A:
570 2761 751 2788 formaliter.
815 2771 855 2795 14.
878 2763 922 2789 A:
943 2766 1052 2797 gustus
1074 2763 1259 2791 mundanus.
1317 2765 1357 2792 18.
1374 2765 1458 2792 ADE
1474 2766 1503 2792 in

187 2801 300 2832 marg:
331 2793 466 2821 Dubium
495 2795 682 2830 secundnm;
712 2796 737 2823 D
759 2797 789 2823 in
811 2805 925 2836 marg:
957 2797 1067 2824 Utrum
1088 2806 1198 2825 omnes
1218 2799 1336 2826 viantes
1363 2805 1505 2827 tenentur

187 2828 222 2855 ad
246 2829 365 2863 Singula
387 2828 500 2856 Christi
524 2830 662 2857 consilia.
761 2839 799 2858 21.
821 2833 849 2859 A
870 2840 898 2859 in
922 2840 1050 2867 margi.
1148 2832 1191 2859 23.
1213 2834 1242 2860 A
1262 2834 1291 2860 in
1314 2843 1429 2869 marg:
1451 2835 1504 2862 Re-

187 2863 326 2897 sponsio.
389 2898 394 2902 .
448 2864 492 2891 28.
513 2864 582 2892 DE:
604 2865 740 2892 Domini.
868 2865 910 2893 32.
933 2866 1002 2893 DE:
1024 2867 1225 2906 ydemptitate
1247 2873 1274 2895 ct
1295 2869 1502 2896 multitudiue.

187 2896 232 2930 34.
254 2897 323 2924 DE:
346 2898 469 2925 Scnnus
490 2899 582 2926 enim.
714 2900 754 2928 33.
777 2901 846 2928 DE:
868 2909 945 2935 quas
966 2909 1091 2931 omnes:
1125 2903 1164 2928 ib.
1187 2904 1214 2929 A
1234 2903 1263 2929 iu
1286 2912 1398 2937 maren:
1421 2904 1502 2931 Nota

186 2937 293 2959 contra
313 2933 476 2969 religiones
496 2934 632 2969 privatas
654 2943 707 2970 per
727 2940 836 2963 totum.

1307 2985 1374 3030 17*

1541 1003 1711 1032 Antichrist
1736 1012 1795 1033 sels

1563 1038 1659 1066 sorim
1681 1042 1775 1067 abore

1613 1075 1640 1101 in
1648 1077 1728 1102 ward

1604 1110 1739 1143 religion,

1556 1400 1582 1426 Is
1604 1409 1693 1429 ποι-κ’
1714 1410 1784 1430 man

1531 1435 1633 1463 bound
1657 1434 1694 1463 bv
1713 1446 1802 1473 every

1580 1469 1704 1499 couns’el
1727 1476 1756 1499 ot

1608 1506 1730 1534 Christ:

1574 1749 1655 1777 liach
1678 1751 1702 1778 is
1724 1756 1754 1778 to

1580 1791 1683 1820 accept
1704 1786 1753 1813 the

1568 1822 1709 1847 counscls
1730 1821 1765 1847 of

1562 1855 1661 1882 which
1684 1856 1719 1882 he
1741 1856 1765 1882 is

1596 1891 1730 1925 capable.
