1986 3380
188 311 260 357 178

764 318 988 352 JOHANNIS
1007 318 1191 350 WYCLIF
1211 319 1464 351 SERMONUM
1495 305 1647 364 [SERMO
1668 315 1777 346 XXIV-

526 427 639 462 Unde
671 426 832 475 quidam
868 425 1138 473 imaginantur
1171 426 1371 462 Christum
1407 438 1490 463 esse
1522 426 1668 463 ostium
1709 439 1778 474 per

469 486 575 533 quod
621 486 801 521 membra
846 497 915 520 sua
961 484 1164 520 humiliter
1210 485 1337 520 celum
1383 484 1533 521 intrant
1576 490 1631 528 (ut
1671 494 1778 532 patet

178 543 657 580 Thescctsmakejohannis
701 540 793 595 X⁰);
834 542 1015 578 cardines
1059 551 1192 579 autem
1240 542 1277 579 in
1322 542 1466 591 quibus
1504 542 1670 579 vertitur
1703 543 1777 578 hoc

248 586 296 612 llic
318 593 383 611 waxv

187 621 316 654 through
339 616 442 647 christ
467 602 612 638 ostium
647 603 779 650 quoad
812 600 1034 648 profectum
1070 600 1234 637 ecclesie
1265 610 1357 637 sunt
1389 601 1447 637 lex
1471 600 1541 637 Dei
1569 610 1775 649 tamquam

247 656 382 682 dimit-ult.

467 660 663 696 luminare
707 658 888 707 superius
933 668 969 694 et
1014 658 1255 695 tradiciones
1309 658 1517 695 hominum
1569 662 1810 706 tamquamss

467 718 663 754 luminare
695 716 870 753 inferius.
918 718 958 752 ln
1003 716 1190 753 luminari
1234 729 1328 753 vero
1372 716 1563 756 inferiori,
1602 716 1696 765 quid
1736 728 1778 752 ex

465 775 582 812 sectis
614 775 768 812 noviter
801 775 1039 811 introductis
1073 783 1110 811 et
1143 774 1238 824 quid
1272 787 1315 811 ex
1338 774 1628 811 tradicionibus
1652 773 1778 810 homi-

464 847 559 870 num
594 833 835 881 (inconsulta
880 833 962 880 lege
1001 832 1072 869 Dei
1117 844 1193 882 que
1227 833 1343 869 debet
1376 844 1459 869 esse
1484 833 1633 881 regula)
1669 832 1779 868 adin—

464 891 602 937 ventis,
642 904 732 928 cum
774 899 928 928 tantum
970 890 1188 928 dislocatur
1227 892 1302 927 hoc
1339 890 1485 927 ostium
1526 903 1548 927 a
1581 890 1780 927 mentibus

463 949 662 986 viatorum
697 950 805 998 quod
837 961 918 985 non
951 948 1036 986 sine
1068 961 1206 986 eorum
1242 961 1386 997 magna
1423 948 1619 985 violencia
1657 949 1838 984 cardoxo

465 1007 577 1044 istius
609 1007 701 1044 ostii
740 1007 779 1044 in
817 1007 898 1044 suis
938 1007 1138 1043 mentibus
1180 1007 1417 1044 naturaliter
1462 1007 1687 1043 locaretur?
1732 1008 1780 1042 Et

465 1065 539 1102 ista
573 1065 789 1102 dislocacio
823 1073 881 1102 est
913 1077 1033 1102 causa
1066 1077 1190 1113 quare
1223 1065 1265 1101 fit
1297 1074 1378 1101 tam
1409 1065 1569 1101 strictus
1592 1064 1779 1100 introitus

465 1132 501 1160 et
540 1136 653 1160 rarus
691 1125 743 1160 ad
776 1136 955 1171 regnum.
997 1123 1182 1168 Quelibet
1215 1122 1320 1159 enim
1353 1132 1461 1159 secta
1482 1123 1637 1171 privata
1661 1123 1779 1158 habet

465 1190 573 1218 extra
606 1181 840 1229 religionem
866 1180 1013 1217 Christi
1045 1193 1116 1217 sua
1149 1180 1301 1226 limina,
1336 1180 1374 1216 in
1407 1180 1551 1229 quibus
1574 1179 1779 1216 contendit

465 1239 611 1275 ostium
645 1239 752 1275 istud
785 1238 968 1275 subtilius
1000 1238 1169 1283 versari;
1210 1247 1247 1275 et
1285 1238 1326 1275 in
1363 1238 1448 1275 istis
1486 1237 1602 1275 sectis
1636 1237 1835 1274 divari-15

465 1305 578 1333 catur
631 1296 848 1333 christiana
893 1296 1046 1344 religio.
1100 1298 1181 1333 Nec
1227 1295 1393 1333 dubium
1439 1296 1536 1346 quin
1579 1305 1779 1332 sectarum

465 1355 605 1391 talium
624 1354 913 1404 multiplicacio
930 1354 1110 1391 debilitat
1126 1353 1359 1403 religionem
1376 1354 1601 1403 simplicem
1625 1352 1780 1391 christi—

466 1425 599 1459 anam,
633 1413 817 1450 faciendo
852 1413 1000 1449 multos
1031 1414 1080 1449 ab
1114 1412 1181 1449 illa
1205 1412 1384 1449 excidere
1408 1421 1445 1449 et
1467 1412 1567 1449 alios
1589 1412 1780 1449 habentes

466 1470 676 1508 instinctus
719 1472 769 1508 ad
814 1471 923 1507 illam
970 1471 1097 1519 ipsam
1143 1480 1308 1519 propter
1361 1471 1560 1507 cultorum
1614 1482 1778 1507 suorum

466 1529 807 1577 prevaricanciam
841 1529 1072 1566 abhorrere.
1107 1530 1208 1566 Cum
1243 1528 1347 1566 enim
1387 1529 1475 1577 plus
1516 1530 1632 1565 debet
1670 1527 1779 1565 credi
1796 1541 1838 1564 20

466 1587 579 1624 factis
623 1600 744 1636 quam
790 1587 933 1633 verbis,
978 1587 1066 1636 quis
1110 1586 1266 1623 dubitat
1309 1586 1405 1636 quin
1437 1586 1660 1634 alienigena
1691 1587 1779 1634 plus

466 1645 592 1682 credit
634 1645 749 1682 factis
794 1645 942 1682 Christi
992 1654 1142 1682 sectam
1189 1644 1442 1682 abhorrentis
1486 1657 1606 1694 quarn
1650 1643 1779 1681 verbis

465 1712 822 1753 quantumcunque
855 1703 1038 1740 dulcibus
1071 1703 1348 1739 strenuitatem
1383 1703 1586 1751 religionis
1616 1702 1778 1739 Domini

465 1761 734 1810 predicantis?
787 1763 879 1798 Ideo
922 1774 969 1798 ve
1017 1761 1134 1798 sectis
1184 1761 1350 1797 novellis
1399 1773 1474 1810 que
1524 1774 1624 1798 onus
1675 1761 1779 1797 ultra

465 1820 698 1868 religionem
733 1819 880 1857 Christi
914 1819 1117 1868 accipiunt
1151 1828 1188 1856 et
1227 1832 1327 1855 onus
1371 1819 1469 1855 illud
1513 1827 1696 1856 sanctum
1741 1827 1778 1855 et
1796 1820 1835 1852 25

466 1877 504 1913 in
538 1878 622 1925 lege
644 1877 715 1914 Dei
750 1877 953 1914 fundabile
985 1877 1298 1926 pretermittunt.
1334 1879 1425 1914 Ideo
1448 1886 1633 1926 suspecta
1665 1877 1778 1914 valde

465 1936 566 1972 foret
599 1935 874 1972 recalcitracio
908 1948 986 1984 qua
1018 1944 1124 1972 secte
1155 1948 1257 1972 nove
1285 1936 1344 1972 vel
1368 1937 1589 1972 abnuerent
1612 1935 1778 1971 fundare

464 2003 613 2030 sectam
647 2007 760 2030 suam
794 1993 834 2030 in
877 1994 1074 2042 scriptura
1119 1994 1180 2030 vel
1224 1993 1396 2042 amplius
1443 1993 1642 2041 exigerent
1685 1994 1778 2029 obe-

464 2051 662 2088 dienciam
703 2052 975 2089 subiectorum
1011 2065 1131 2101 quam
1164 2060 1280 2088 sonat
1318 2051 1357 2088 in
1396 2051 1672 2088 obedienciam
1707 2052 1777 2087 do·

464 2109 574 2147 mino
605 2112 697 2146 Jesu
741 2110 914 2147 Christo.
960 2112 1008 2146 Et
1053 2109 1119 2159 qui
1164 2111 1354 2147 abhorret
1398 2109 1565 2146 fundare
1607 2108 1774 2157 petitam
1792 2111 1835 2144 30

463 2168 741 2205 obedienciam
775 2168 815 2205 in
859 2168 1057 2216 scriptura
1101 2169 1149 2204 de
1192 2167 1369 2205 novitate
1414 2167 1509 2215 legis
1542 2166 1776 2203 Antichristi

463 2226 627 2263 indubie
660 2235 717 2263 est
749 2235 970 2275 suspectus.
1005 2229 1086 2262 Nec
1110 2225 1270 2274 reliquit
1293 2225 1366 2262 sibi
1393 2227 1496 2262 Deus
1520 2234 1601 2262 tam
1626 2236 1776 2273 paucos

463 2293 500 2321 et
543 2285 686 2321 stultos
731 2284 949 2333 discipulos
992 2284 1088 2333 quin
1131 2283 1258 2320 sciant
1301 2283 1332 2320 si
1371 2283 1640 2320 Antichristus
1684 2295 1773 2319 cum

462 2342 662 2391 scriptura
693 2342 930 2391 sophisticat
962 2342 1023 2379 vel
1054 2342 1195 2378 fundat
1227 2341 1266 2377 in
1301 2354 1345 2378 ea
1378 2341 1594 2378 efficaciter
1615 2353 1775 2378 sensum

462 2413 579 2437 suum
618 2409 656 2438 et
696 2413 786 2437 cum
826 2413 907 2437 non
946 2409 1004 2436 est
1041 2399 1161 2436 simul
1199 2399 1239 2436 in
1276 2400 1361 2447 lege
1393 2398 1465 2436 Dei
1509 2407 1564 2436 est
1607 2407 1643 2436 et
1688 2402 1831 2445 non‚35

463 2467 574 2506 patet
617 2460 726 2508 quod
763 2458 804 2495 in
841 2458 1040 2507 scriptura
1084 2470 1165 2494 non
1203 2457 1376 2495 inveniet
1415 2457 1502 2506 quis
1540 2458 1661 2494 verba
1697 2455 1776 2493 vite

464 2516 611 2553 Christi
644 2516 860 2554 contraria.

534 2682 554 2702 Ι.
575 2673 600 2702 Ε
619 2673 648 2702 in
671 2682 784 2710 marg:
807 2674 950 2702 Christus
971 2674 1106 2702 hostium
1128 2678 1182 2701 est.
1290 2672 1316 2708 3,
1337 2682 1366 2707 4.
1388 2673 1432 2701 A:
1455 2672 1549 2701 currit
1570 2673 1628 2700 hoc
1648 2673 1773 2700 ostium.

461 2709 485 2737 5.
498 2709 565 2737 DE:
583 2709 725 2737 humane.
777 2710 804 2737 6.
818 2709 885 2737 DE:
901 2709 982 2737 enim
998 2709 1145 2737 inferiori.
1222 2731 1227 2736 .
1241 2708 1309 2736 DE:
1326 2708 1496 2736 adimentes
1511 2716 1580 2735 cum
1595 2707 1773 2735 diclocatur.

463 2752 503 2772 ιο.
520 2745 564 2772 A:
587 2752 647 2771 non
665 2752 732 2771 sum
751 2751 861 2779 magna
876 2744 1027 2779 ipsorum.
1094 2744 1216 2776 124312:
1239 2743 1269 2771 sit
1284 2743 1385 2775 deest:
1406 2742 1430 2770 Ε
1444 2743 1473 2770 in
1491 2751 1605 2778 marg:
1626 2742 1775 2770 Introitus

463 2779 499 2806 ad
522 2787 648 2818 regnum
671 2783 715 2806 cst
737 2787 834 2806 rarus.
961 2778 999 2806 13.
1015 2779 1089 2806 AD:
1111 2779 1147 2806 ad
1171 2778 1322 2814 regimem
1353 2777 1392 2805 ib.
1414 2778 1442 2805 A
1462 2777 1491 2805 in
1515 2786 1628 2812 marg:
1659 2777 1774 2805 Contra

463 2814 657 2841 dotacionem
679 2822 713 2841 ac
733 2818 839 2841 contra
859 2813 985 2841 ordines
1006 2814 1154 2841 novellos.
1264 2813 1302 2840 18.
1325 2813 1368 2840 A:
1391 2812 1532 2840 favendo.
1631 2819 1678 2839 20.
1700 2811 1724 2839 E
1744 2811 1772 2838 iu

464 2856 528 2875 mar
553 2858 575 2875 .:
598 2848 699 2875 Factis
721 2849 788 2883 plus
809 2848 943 2875 creditur
963 2856 1054 2883 qnam
1078 2848 1188 2875 verbis.
1355 2855 1397 2874 22.
1419 2848 1463 2875 A:
1485 2847 1599 2875 Christi
1622 2846 1772 2874 semitam.

462 2884 510 2922 26.Ι
529 2856 574 2910 2:
594 2882 744 2910 fundabili
766 2883 1004 2918 pretermittunt.
1068 2890 1112 2917 27.
1135 2882 1202 2910 DE:
1224 2882 1393 2910 abnuerent
1413 2882 1604 2917 simpliciter.
1661 2880 1706 2909 30.
1728 2881 1772 2908 A:

485 2926 511 2945 ui
534 2917 627 2945 deest.
713 2916 759 2951 34.
781 2918 825 2945 A:
848 2917 877 2944 in
899 2926 932 2944 ea
953 2917 1052 2950 dees&
1084 2918 1122 2944 ib.
1146 2919 1188 2944 A:
1211 2917 1239 2944 in
1262 2917 1432 2944 efficaciter.
1519 2915 1559 2944 35.
1581 2917 1626 2944 A:
1649 2924 1708 2942 non
1730 2920 1773 2942 est

483 2956 562 2986 eest;
584 2953 624 2979 ib.
646 2952 690 2979 A:
713 2961 773 2979 non
795 2952 834 2979 sit
854 2957 908 2979 est.
