1986 3380
145 308 216 341 ww
725 305 950 337 JOHANNIS
969 305 1152 337 wvcmr
1173 306 1428 339 SERMONUM
1459 292 1613 351 [SERMO
1635 304 1742 332 xxvi

426 410 622 459 sequitur:
659 412 804 447 Paulus
829 412 916 459 plus
940 412 1126 448 omnibus
1150 412 1359 453 laboravit,
1391 426 1484 460 ergo
1509 422 1564 449 est
1589 413 1740 462 simpli-

426 468 523 504 ester
553 468 724 516 anipfius
754 469 941 505 onnubus
970 469 1204 517 prennatu&
1235 472 1468 507 cunilabor
1498 481 1623 519 potem
1657 484 1741 508 esse

427 526 554 562 maior
595 526 870 574 multipliciter
903 528 962 563 vel
1005 528 1097 575 quia
1134 530 1266 576 quoad
1308 530 1500 564 mundum
1543 529 1741 566 extensior

424 585 483 619 vel
522 584 615 632 quui
655 586 789 632 quoad
836 597 980 633 corpus
1027 586 1233 633 angusffior
1271 587 1330 622 vel
1369 586 1461 635 quu1
1508 599 1550 622 ex
1597 587 1739 623 nussori

425 641 590 678 caritate
627 642 860 678 meritorior
893 645 1000 691 quod
1036 644 1179 679 Paulus
1219 656 1298 680 non
1332 644 1575 692 presumpsit
1609 645 1775 681 dicere5

424 701 472 735 de
497 712 537 736 se
561 700 662 747 ipso.
689 700 847 737 Decisio
871 713 965 748 ergo
983 701 1129 737 Christi
1157 701 1423 750 propinquior
1446 703 1513 738 sed
1537 703 1741 739 conclusio

424 758 472 793 ad
507 758 706 806 quesitum
747 760 1024 806 apostolorum
1066 759 1231 796 confusa
1270 769 1306 796 et
1339 760 1378 796 in
1417 760 1650 808 particulari
1685 761 1741 796 in-

133 821 400 859 Hmnilityisthe
424 815 583 862 cognita
623 824 700 852 stat
739 816 778 852 in
818 816 894 853 isto
934 818 1041 865 quod
1083 817 1310 866 quicunque
1352 818 1436 854 sine
1476 831 1739 866 personarum

174 864 318 917 ’Πξῖξζζζζζ
335 860 363 883 ⁰¹
424 873 664 922 accepcione
689 874 815 922 magis
838 887 878 911 se
903 875 1172 912 humiliaverit
1196 885 1253 912 est
1278 876 1406 912 maior
1430 875 1469 912 in
1494 876 1741 913 beatitudine

425 940 461 967 et
495 940 679 978 econtra;
713 941 822 981 patet
856 935 963 981 quod
998 933 1202 970 humilitas
1236 946 1312 983 que
1346 943 1402 970 est
1435 934 1739 971 fundamentum
1763 948 1799 968 ιο

422 989 609 1026 omnibus
649 989 737 1026 aliis
780 990 993 1027 virtutibus
1034 1000 1091 1027 est
1132 1004 1318 1028 mensura
1356 1004 1477 1040 penes
1523 1005 1642 1040 quam
1684 1002 1741 1029 at-

422 1047 531 1083 tendi
565 1049 682 1084 debet
713 1048 945 1085 virtuositas
986 1049 1273 1098 cuiuscunque,
1307 1052 1374 1086 sed
1408 1062 1529 1098 penes
1571 1052 1740 1098 gradum

422 1105 684 1142 virtuositatis
717 1107 834 1142 debet
867 1107 1017 1143 attendi
1053 1107 1260 1143 beatitudo
1294 1107 1480 1154 hominis,
1515 1121 1608 1155 ergo
1648 1121 1740 1145 con-

423 1163 561 1200 clusio.
593 1166 694 1200 Nam
714 1164 838 1200 virtus
862 1165 1026 1201 moralis
1050 1178 1129 1201 non
1153 1165 1253 1202 inest
1277 1166 1429 1202 homini
1453 1166 1527 1202 nisi
1550 1168 1741 1203 doceatur

422 1234 492 1269 per
525 1223 627 1258 hanc
660 1222 806 1258 sentire
840 1222 1044 1259 humiliter
1078 1225 1124 1259 de
1157 1236 1198 1260 se
1230 1223 1330 1272 ipso.
1371 1225 1476 1272 Ergo
1510 1225 1557 1261 de
1590 1234 1740 1273 quanto
1761 1227 1796 1258 15

422 1279 540 1316 fuerit
572 1280 660 1328 plus
692 1280 893 1316 virtuosus
927 1290 984 1317 est
1018 1281 1144 1329 magis
1179 1281 1340 1318 humilis
1374 1291 1411 1318 et
1445 1291 1628 1327 econtra;
1667 1295 1740 1319 nec

178 1342 356 1382 Οζήυςῐίυμτ
420 1338 553 1374 valent
586 1337 780 1374 instancie
803 1351 901 1387 quas
924 1338 1058 1387 ydiote
1081 1339 1280 1376 obiciunt:
1315 1340 1497 1377 Christus
1519 1340 1736 1389 (inquiunt)

142 1377 394 1447 i.,fl†sj¹}{i}t,}‡0sc
422 1404 479 1431 est
512 1395 712 1432 infinitum
754 1396 880 1445 magis
913 1396 1113 1434 virtuosus
1146 1411 1267 1446 quarn
1308 1397 1472 1447 aliquod
1513 1400 1738 1435 membrum

150 1446 381 1513 ὲζζξζῑοζῧῐῃῐζῗξζ
421 1466 558 1499 suum3
600 1463 637 1490 et
677 1462 813 1490 tamen
851 1467 932 1491 non
971 1464 1028 1492 est
1068 1455 1270 1492 infinitum
1309 1457 1397 1504 plus
1436 1456 1612 1503 humilis,
1646 1456 1739 1505 quia

141 1515 394 1551 infinitelymore
421 1524 551 1560 neque
595 1512 784 1549 divinitus
829 1525 957 1562 neque
1003 1513 1247 1560 humanitus,
1288 1514 1381 1563 quia
1426 1513 1613 1551 divinitas
1657 1527 1738 1551 non
1756 1526 1798 1548 20

202 1551 334 1578 humble.
422 1571 541 1606 habet
580 1570 643 1606 cui
682 1583 723 1607 se
762 1570 958 1617 humiliet,
997 1583 1069 1608 nec
1110 1571 1360 1617 humanitas;
1401 1584 1493 1620 ergo
1534 1572 1738 1609 conclusio

422 1627 540 1674 falsa;
565 1627 753 1665 divinitus
777 1641 871 1675 non,
897 1629 990 1678 quia
1015 1642 1105 1666 cum
1129 1629 1212 1666 eius
1237 1630 1442 1667 humilitas
1465 1630 1514 1666 sit
1538 1640 1736 1676 creatura,

421 1698 501 1722 non
540 1685 740 1723 infinitum
781 1687 933 1723 excedit
966 1687 1085 1724 aliam
1127 1687 1410 1734 humilitatem,
1443 1687 1544 1725 sicut
1576 1701 1648 1725 nec
1687 1690 1736 1725 ad

421 1743 621 1781 infinitum
658 1744 852 1781 maiorem
887 1745 1155 1782 humilitatem
1190 1746 1451 1783 humanitatis
1484 1746 1645 1783 Domini
1679 1746 1736 1782 in-

424 1801 600 1839 clinavit.
630 1798 635 1856 Ι

479 1862 591 1907 Item,
623 1873 714 1897 cum
739 1860 904 1897 virtutes
927 1861 966 1897 in
992 1861 1166 1898 Domino
1192 1863 1521 1911 correspondent,
1555 1862 1736 1911 sequitur

421 1930 492 1966 per
530 1918 636 1955 idem
670 1920 778 1968 quod
812 1931 1050 1968 quecunque
1088 1919 1241 1968 species
1272 1919 1430 1957 virtutis
1469 1920 1508 1956 in
1548 1920 1636 1969 ipso
1676 1933 1737 1957 ex-

421 1977 579 2012 cederet
629 1976 829 2013 infinitum
873 1977 1061 2014 virtutem
1114 1978 1234 2014 aliam
1280 1977 1414 2015 fratris
1467 1978 1539 2025 sui,
1586 1988 1623 2015 et
1665 1991 1737 2027 per

421 2046 682 2084 consequens,
708 2034 889 2072 Christus
926 2036 1027 2072 foret
1060 2036 1260 2072 infinitum
1295 2037 1422 2073 bonus
1455 2037 1578 2073 horno
1611 2045 1648 2073 et
1680 2037 1736 2073 sic

421 2101 502 2128 tam
537 2094 665 2130 bonus
698 2094 821 2129 homo
855 2106 974 2142 quam
1011 2095 1138 2130 bonus
1171 2096 1289 2131 Deus.
1752 2096 1794 2128 30

478 2152 712 2202 Item,Deus
745 2163 788 2187 ex
821 2151 1120 2200 omnipotencia
1154 2165 1225 2189 sua
1249 2161 1383 2201 posset
1415 2165 1573 2189 servare
1596 2165 1735 2201 quam-

420 2220 576 2257 cunque
609 2209 819 2246 caritatem
852 2209 892 2245 in
922 2210 1081 2247 Christo
1114 2210 1280 2247 remissa
1312 2223 1383 2247 sua
1416 2210 1643 2247 humilitate
1675 2211 1735 2247 vel

418 2266 584 2304 omnino
617 2267 802 2313 extincta,
827 2267 920 2316 quia
953 2280 1043 2304 curn
1078 2268 1142 2304 ille
1165 2268 1329 2305 virtutes
1362 2277 1453 2305 sunt
1476 2281 1538 2305 res
1570 2268 1735 2305 omnino

418 2323 604 2362 distincte
627 2325 836 2374 possibiles
859 2338 929 2374 per
951 2338 991 2362 se
1021 2338 1117 2372 esse,
1141 2339 1287 2375 negare
1310 2327 1386 2364 hoc
1418 2326 1520 2363 foret
1543 2328 1735 2375 derogare

419 2382 490 2419 Dei
523 2383 843 2432 omnipotencie3
879 2396 969 2420 cum
1004 2397 1098 2432 ergo
1139 2393 1269 2421 stante
1302 2384 1469 2421 caritate
1502 2384 1541 2421 in
1574 2384 1733 2421 Christo
1752 2385 1791 2419 35

418 2440 519 2477 foret
563 2453 664 2490 eque
711 2441 879 2478 dilectus
922 2454 945 2478 a
993 2443 1076 2478 Deo
1127 2451 1164 2478 et
1214 2455 1285 2491 per
1334 2454 1583 2491 consequens
1633 2454 1734 2491 eque

417 2498 571 2546 beatus,
604 2499 785 2548 sequitur
817 2500 926 2548 quod
959 2499 1166 2537 beatitudo
1200 2509 1237 2537 et
1270 2499 1476 2537 humilitas
1506 2512 1589 2537 non
1620 2512 1734 2548 regu—

418 2555 555 2593 lariter
588 2559 918 2606 correspondent.

1755 1785 1827 1815 Fol.

1752 1830 1832 1862 205c

487 2723 512 2757 3,
533 2733 562 2759 4.
586 2724 652 2752 DE:
684 2725 755 2760 quia
774 2741 807 2744 —
829 2726 872 2752 vel
895 2726 988 2752 deest.
1141 2725 1165 2753 3.
1186 2726 1215 2754 A
1235 2725 1264 2753 in
1287 2733 1400 2760 marg:
1432 2725 1590 2753 Maioritas
1617 2725 1732 2753 laboris

419 2759 594 2794 multiplex;
622 2759 646 2786 E
666 2759 695 2787 in
717 2768 832 2795 marg.:
854 2760 956 2788 Labor
977 2760 1063 2787 multi
1090 2760 1146 2787 lex.
1238 2760 1267 2787 6.
1289 2760 1333 2787 A:
1356 2759 1408 2787 sed
1430 2760 1543 2795 quoad.
1635 2768 1663 2795 9.
1685 2761 1728 2788 A:

419 2794 648 2822 beatitudinem.
763 2803 803 2822 ιο.
825 2795 854 2822 Α
874 2795 903 2822 iu
927 2803 1028 2829 marg:
1082 2794 1226 2822 umilitas.
1342 2794 1377 2822 15.
1399 2795 1442 2822 A:
1466 2803 1519 2830 per
1539 2794 1616 2823 hanc
1635 2795 1729 2822 deest.

419 2829 454 2856 15.
477 2828 528 2856 DE
548 2829 577 2856 in
600 2837 666 2856 mar
691 2838 714 2856 .:
738 2837 763 2863 1;
795 2829 819 2856 E
838 2830 866 2856 in
890 2837 1004 2864 marg.:
1031 2829 1184 2857 Instancie
1203 2829 1316 2865 ydiote.
1426 2828 1533 2865 13-19.
1556 2829 1590 2857 In
1612 2829 1680 2857 cod.
1702 2831 1731 2857 Α

418 2864 519 2890 locus:
553 2837 708 2891 beatitugo
728 2879 761 2883 —
782 2864 955 2901 membrum
978 2872 1067 2891 suum
1097 2864 1142 2891 bis
1173 2864 1309 2891 habetur.
1454 2871 1497 2891 22.
1519 2863 1588 2891 DE:
1618 2868 1728 2891 creata.

418 2905 463 2932 24.
486 2898 650 2960 blideeo.
723 2898 770 2925 26.
792 2898 876 2926 ΑΒΕ
897 2899 926 2925 in
948 2907 1061 2934 marg:
1084 2906 1109 2926 2.
1182 2897 1222 2926 31.
1237 2898 1322 2925 ΑΗΕ
1342 2899 1371 2926 in
1394 2907 1508 2934 marg:
1530 2897 1555 2926 3.
1628 2897 1672 2926 33.
1688 2898 1727 2926 E:

417 2933 543 2960 virtutes
585 2937 656 2960 eest.
