1986 3380
211 265 347 295 SERMO
367 257 455 312 xv]
685 267 896 299 saeuum
926 267 1050 298 PARS.
1741 271 1750 295 1
1768 272 1779 295 1
1797 270 1807 294 ι

212 385 365 420 tenere3
399 384 436 411 et
464 375 505 411 in
536 373 610 410 ista
644 385 831 409 mensura
864 380 997 409 errant
1020 372 1154 419 plures
1187 370 1333 407 novelli
1365 371 1526 407 ordines

212 432 465 481 culpabiliter
498 432 538 468 in
570 431 649 468 suis
678 430 969 467 tradicionibus
1001 428 1251 478 profundati;
1286 437 1323 465 et
1347 441 1436 464 cum
1470 428 1526 464 illi

211 491 371 528 ordines
409 499 490 527 tam
530 488 832 526 accidentaliter
870 501 913 525 ex
954 486 1290 533 institucionibus,
1325 486 1527 534 dispensa-

212 549 405 593 cionibus,
431 547 710 584 addicionibus
732 547 792 583 vel
815 545 1162 582 subtraccionibus
1184 545 1402 587 variantur,
1420 553 1527 592 patet

179 608 320 655 §quod
358 619 440 643 non
477 614 567 642 sunt
606 605 669 641 isti
701 605 861 640 ordines
894 606 962 640 sed
996 603 1149 652 antiqui
1184 602 1338 639 fundati
1372 602 1411 638 in
1444 603 1527 649 lege

213 664 373 700 Domini
407 676 507 712 quos
539 662 665 700 sancti
698 663 804 699 ultro
837 663 1116 698 observabant.

270 725 317 758 Et
341 731 449 770 patet
473 723 580 770 quod
604 721 643 757 in
667 722 740 757 hac
764 720 926 767 argucia
948 721 1122 756 secunda
1139 719 1280 755 falsum
1298 717 1526 763 assumitur,
1579 730 1707 756 hoctor<
1728 730 1785 756 and

212 790 248 817 et
288 789 483 829 quantum
530 781 580 816 ad
619 781 804 816 doctores
849 791 941 814 suos
987 787 1023 814 et
1064 779 1223 813 decreta
1266 785 1375 824 patet
1421 777 1526 824 quod
1552 765 1816 831 ,ᾗῗῇζιζξίζιξιίιζζκζῐ

211 838 334 875 nichil
366 838 469 875 valet
503 850 640 874 eorum
681 836 955 873 testimonium
994 835 1069 871 nisi
1103 836 1150 871 de
1184 842 1334 883 quanto
1375 846 1418 870 ex
1452 834 1528 869 fide
1583 831 1774 860 1¹¹c¹¹1⁵e¹w’s-

156 910 195 932 10
211 897 408 944 scripture
438 896 630 932 vallatum
670 894 787 931 fuerit
827 895 888 930 vel
927 893 1052 930 eciam
1094 892 1267 929 racione.
1321 892 1527 928 Proferam

212 968 305 1002 ergo
350 953 424 990 ista
472 953 511 989 in
551 953 727 989 medium
765 952 996 989 omittentes
1036 953 1107 987 hos
1146 960 1264 987 testes
1304 950 1528 998 superfluos

212 1022 247 1049 et
279 1021 505 1060 suspectos;
539 1024 630 1047 nam
664 1010 778 1047 multi
802 1012 987 1047 doctores
1012 1022 1150 1045 eorum
1181 1007 1340 1056 spissim
1365 1007 1527 1044 adducti

210 1084 282 1118 pro
308 1078 420 1118 parte
443 1082 513 1105 sua
547 1071 718 1105 reddunt
747 1081 859 1105 suam
894 1067 1138 1105 sentenciam
1163 1067 1252 1115 plus
1285 1075 1526 1113 suspectam,

211 1128 300 1165 ideo
326 1129 555 1164 roborando
579 1127 811 1175 opinionem
842 1139 955 1163 suam
986 1127 1091 1162 nude
1124 1138 1193 1173 per
1218 1124 1324 1172 ipsos
1348 1133 1529 1171 patenter

157 1191 192 1223 15
210 1186 407 1234 impetunt
424 1186 463 1221 in
478 1198 517 1221 se
540 1186 659 1233 ipsos.
684 1188 764 1221 Nec
780 1193 939 1233 oportet
956 1184 1113 1220 fidelem
1131 1182 1272 1219 timere
1293 1182 1526 1219 scandalum

211 1254 247 1281 et
286 1243 610 1280 diffamacionem
658 1243 825 1279 istorum
875 1242 1157 1287 hereticorum,
1196 1250 1237 1276 ut
1278 1253 1351 1288 pro
1390 1253 1528 1277 amore

211 1301 357 1339 Christi
391 1302 530 1338 timeat
564 1301 696 1338 dicere
728 1301 956 1344 veritatem:
998 1313 1088 1336 cum
1130 1299 1259 1335 maior
1297 1298 1527 1345 persecucio

211 1360 358 1397 Christi
399 1369 435 1396 et
468 1361 745 1408 apostolorum
781 1359 1011 1407 pertransiit
1044 1370 1164 1407 quam
1206 1366 1262 1393 est
1295 1356 1527 1404 persecucio

211 1419 375 1454 fundata
407 1430 526 1465 super
559 1418 840 1454 diffamacione
873 1426 910 1453 et
944 1416 1154 1453 mendacio
1189 1415 1526 1463 pseudofratrum.

153 1478 434 1513 20Teneamus
480 1488 573 1523 ergo
620 1477 854 1512 mandatum
898 1474 1060 1511 Domini
1105 1483 1141 1510 et
1182 1485 1254 1522 pro
1300 1472 1528 1509 defensione

210 1547 326 1571 cause
359 1546 428 1570 sue
459 1533 626 1571 viriliter
658 1534 902 1570 laboremus,

267 1594 344 1629 Sed
367 1592 492 1629 tercia
520 1591 630 1628 racio
654 1591 716 1628 cui
745 1600 850 1628 secte
882 1591 1037 1627 novelle
1060 1589 1285 1626 innituntur
1308 1588 1526 1637 plurimum
1559 1600 1677 1638 Appeqil
1699 1604 1728 1626 ιο
1748 1602 1798 1638 me

208 1660 286 1687 stat
318 1650 358 1686 in
392 1650 486 1687 isto:
523 1652 600 1687 Lex
633 1649 798 1686 ecclesie
834 1651 892 1696 (ut
924 1648 1126 1697 inquiunt)
1159 1648 1307 1684 nedum
1343 1635 1747 1696 licenciat³¹¹¹¹¹¹ffflssffflsscssf
1769 1636 1817 1661 ¹¹¹⁶

208 1709 406 1745 seculares
444 1717 486 1745 ut
527 1707 781 1756 egrediantur
820 1707 996 1756 privatos
1040 1705 1214 1752 ordines,
1253 1706 1321 1741 sed
1359 1704 1529 1740 transire

152 1769 256 1803 25de
301 1766 450 1803 laxiore
493 1766 648 1804 ordine,
679 1767 729 1802 ad
774 1765 1023 1802 stricciorem
1062 1763 1189 1801 eciam
1230 1763 1431 1799 novellum
1472 1771 1528 1798 est

209 1825 364 1861 licitum
405 1834 442 1861 et
480 1825 564 1861 sine
604 1823 909 1872 dispensacione
948 1824 997 1859 ab
1037 1821 1204 1859 ecclesia
1242 1822 1526 1871 approbatum.

210 1883 287 1929 Qui
316 1896 409 1931 ergo
441 1882 619 1931 infringit
642 1883 714 1919 hos
747 1882 908 1919 ordines
941 1880 1112 1929 imponit
1136 1892 1313 1916 errorem
1349 1878 1526 1923 ecclesie,

210 1954 300 1978 cum
340 1941 586 1990 approbacio
618 1941 679 1977 vel
710 1940 944 1977 licenciacio
983 1938 1117 1975 iniusti
1157 1937 1392 1974 omnimode
1425 1936 1528 1985 sapit

211 2000 386 2048 culpam.

153 2062 195 2094 30
269 2059 346 2095 Sed
379 2057 442 2094 hic
476 2056 621 2094 dicitur
654 2057 762 2105 quod
791 2056 1020 2105 quicunque
1051 2054 1192 2091 nititur
1224 2054 1377 2091 salvare
1410 2053 1526 2090 istam
1561 2063 1627 2091 The
1650 2065 1746 2091 rulers
1767 2068 1798 2091 ot

210 2117 420 2153 ecclesiam
452 2116 535 2152 sine
564 2128 662 2163 ruga
683 2115 744 2151 vel
767 2115 926 2151 macula
949 2127 1039 2151 cum
1064 2125 1156 2161 sepe
1180 2112 1280 2149 fallit
1304 2120 1340 2148 et
1363 2111 1526 2156 fallitur,
1584 2099 1777 2161 ἵΙᾸξ-ῐξηὴὲζῇι]

210 2174 316 2222 capit
346 2174 420 2211 sibi
443 2186 544 2222 opus
567 2172 825 2221 importabile
850 2185 872 2209 a
896 2175 979 2209 Deo
1004 2181 1040 2208 et
1064 2171 1228 2208 homine
1250 2171 1525 2219 reprobatum.

210 2232 308 2278 Quis
332 2232 436 2269 enim
462 2231 618 2268 dubitat
635 2231 732 2280 quin
754 2230 884 2267 vocati
908 2230 1134 2278 superiores
1158 2238 1195 2265 et
1220 2237 1339 2276 caput
1363 2227 1528 2264 ecclesie

210 2291 249 2327 in
299 2290 378 2327 suis
429 2289 801 2338 dispensacionibus
846 2301 919 2325 nec
963 2301 1045 2325 non
1090 2287 1129 2324 in
1180 2287 1312 2335 legum
1364 2299 1526 2322 suarum

154 2348 500 2386 &tradicionibus
533 2360 625 2396 sepe
649 2355 795 2384 errant.
825 2348 926 2383 Cum
961 2346 1065 2383 enim
1099 2345 1177 2382 sint
1210 2358 1270 2382 res
1304 2346 1351 2380 de
1384 2343 1528 2393 quibus

210 2408 314 2454 leges
337 2419 406 2444 sue
430 2415 521 2443 sunt
554 2405 726 2451 condite,
760 2405 967 2453 fragilitas,
1001 2400 1165 2450 utilitas,
1201 2402 1527 2451 cognoscibilitas

209 2478 330 2513 supra
358 2465 480 2514 ipsos,
510 2465 717 2513 quomodo
746 2462 1045 2512 inculpabiliter
1073 2461 1277 2499 stabilient
1299 2461 1398 2498 tales
1422 2461 1527 2508 leges

278 2632 308 2658 4.
329 2623 373 2650 A:
396 2621 635 2650 adieccionibus.
693 2622 719 2649 6.
741 2622 786 2649 A:
808 2620 927 2648 ultimo.
984 2628 1010 2649 ’·.
1032 2620 1057 2648 D
1079 2620 1108 2648 in
1131 2627 1244 2656 marg:
1266 2619 1315 2648 Ad
1338 2619 1525 2652 secundum:

210 2658 249 2686 ib.
271 2659 315 2686 A:
338 2657 517 2685 secundum.
606 2665 646 2684 10.
668 2657 713 2684 A:
736 2656 877 2684 racionis.
965 2635 1002 2684 ihs.
1024 2655 1093 2683 DE:
1115 2655 1306 2683 frustratam.
1392 2663 1434 2687 14.
1455 2655 1524 2682 DE:

212 2697 359 2728 potenter.
429 2701 467 2727 17.
485 2693 524 2719 ιδ.
541 2692 610 2720 DE:
632 2691 736 2718 timeat
751 2707 784 2710 —
799 2699 891 2726 quam
907 2695 952 2718 est
966 2692 1059 2718 deest.
1128 2698 1171 2718 22.
1187 2690 1212 2717 Ι)
1228 2690 1257 2717 in
1274 2697 1388 2725 marg:
1409 2690 1526 2717 Intrare

211 2728 388 2763 religionem
411 2727 617 2759 stricciorem3
638 2727 667 2754 A
686 2726 716 2753 in
739 2734 852 2760 marg:
872 2725 982 2753 Tereia
1003 2726 1157 2755 obieccio:
1185 2724 1208 2752 E
1228 2725 1257 2751 in
1279 2732 1394 2759 marg:
1416 2723 1525 2752 Tereia

211 2763 303 2790 racio.
371 2760 497 2789 23.D12‘:
517 2762 666 2789 nondum.
740 2761 783 2789 25.
804 2763 849 2788 A:
872 2769 887 2787 a
908 2760 1034 2790 laxiori:
1055 2760 1096 2788 ib.
1111 2762 1156 2788 A:
1179 2758 1368 2787 stricciorem
1390 2759 1523 2786 ecclesie.

209 2796 248 2824 31.
266 2797 308 2824 A:
332 2801 504 2831 presentem
525 2796 700 2827 ecclesiam:
722 2796 763 2823 ib.
779 2796 851 2822 Ain
867 2803 980 2831 marg:
1001 2795 1192 2831 Responsio:
1215 2795 1237 2822 Ε
1253 2794 1282 2821 ἰι]
1300 2802 1413 2829 marg:
1436 2794 1524 2821 Solu-

210 2832 274 2863 cio:
296 2831 324 2870 Ι).
342 2831 372 2858 in
393 2839 506 2866 marg:
526 2830 663 2858 Ecclesia
682 2830 843 2865 decipitur.
899 2829 946 2863 34.
962 2830 1004 2857 D:
1026 2829 1318 2861 distribucionibus:
1339 2828 1380 2856 E:
1401 2828 1525 2863 dispen-

211 2866 387 2893 sacionibus
402 2866 616 2893 ministrorum
631 2870 660 2893 et
675 2865 892 2892 beneficiorum
908 2865 1194 2893 distribucionibus.
1257 2862 1298 2890 35.
1315 2863 1388 2890 AD:
1411 2871 1524 2891 rerum.

211 2899 256 2928 36.
278 2902 321 2927 A:
344 2908 398 2927 sue
417 2900 518 2935 deest;
538 2900 579 2927 ib.
601 2901 646 2927 A:
668 2900 862 2927 universitas.
935 2898 981 2935 37.
1001 2900 1046 2928 A:
1067 2900 1165 2937 ipsos,
