1986 3380
226 284 361 313 SERMO
384 273 491 330 XLV-l
699 285 910 317 sECUNDA
939 285 1064 316 PARS.
1750 277 1824 312 325

228 393 565 430 Antichristorum
603 392 829 428 huiusmodi
863 391 1039 438 regirari.
1066 390 1303 438 quilsusdam
1331 390 1539 426 asserenti·
1612 398 1759 436 ⁴vau-tous

229 454 299 487 bus
323 454 430 499 quod
455 450 720 498 corptnaliter
750 451 893 486 debent
926 448 1054 485 occidi
1090 457 1125 484 et
1159 448 1397 496 quibusdam
1434 450 1538 495 quod
1564 438 1830 502 {le1¹s{’t¹{1¹}{g}4}sss

229 509 372 546 ablatis
407 511 454 546 ab
489 509 543 545 eis
576 508 867 556 temporalibus
902 509 1044 543 debent
1079 506 1152 542 vivi
1188 508 1236 542 ad
1271 505 1538 553 penitenciam
1566 502 1640 528 ΝΜ
1662 503 1820 529 *³⁶⁵01‘V0d·

231 567 442 604 reservari:
487 566 605 603 michi
645 575 779 602 autem
813 566 968 602 videtur
1003 566 1109 612 quod
1150 566 1294 600 debent
1333 564 1484 599 excludi
1521 577 1540 599 a

194 625 520 674 3tempoi·alibus
566 637 654 660 cum
697 623 840 672 quibus
885 623 939 660 sic
979 624 1136 659 fuerunt
1184 631 1340 658 tantum
1388 630 1541 669 pertur-

230 686 368 720 bantes
402 695 441 719 se
475 683 581 730 ipsos
615 691 734 730 atque
759 681 968 718 ecclesiam
1005 689 1041 717 et
1064 694 1142 716 non
1176 679 1305 716 occidi
1339 679 1542 716 invasione

231 741 394 778 crudeli.
441 740 517 777 Alii
553 749 685 776 autem
721 739 939 787 opinantur
977 738 1084 786 ipsos
1118 751 1200 774 esse
1233 738 1543 774 incarcerandos

229 799 303 835 nisi
336 799 457 835 velint
490 797 620 835 vivere
653 797 910 846 pauperrime
944 797 1068 833 instar
1102 796 1268 837 Christi:
1309 795 1374 832 alii
1408 805 1541 832 autem

230 857 446 906 opinantur
494 857 601 904 ipsos
646 865 736 904 post
780 864 916 892 notam
970 854 1234 891 obstinaciam
1282 855 1330 890 ab
1376 853 1543 890 ecclesia

175 926 212 947 [ο
230 915 409 951 omnium
447 914 621 950 lidelium
658 915 907 961 relegandos,
948 914 1013 949 sed
1055 912 1119 949 alii
1153 911 1387 948 Antichristi
1428 911 1543 947 disci—

230 973 311 1021 puli
359 973 577 1021 opinantur
623 974 729 1020 quod
775 984 848 1020 pro
894 970 1151 1007 restitucione
1186 971 1244 1006 sui
1287 969 1455 1005 dominii
1494 969 1543 1005 sit

228 1031 400 1067 severius
445 1030 695 1079 preliandum
744 1039 780 1066 et
820 1038 1035 1077 antequam
1083 1027 1371 1076 conquisierint
1415 1036 1541 1063 totam

230 1089 488 1126 habitabilem
523 1101 602 1124 non
635 1088 869 1125 sistendum.
904 1089 951 1123 Et
985 1086 1039 1123 sic
1070 1090 1125 1128 (ut
1160 1086 1254 1122 dicit
1279 1085 1542 1133 evangelium)

227 1156 314 1183 sunt
337 1147 530 1197 opiniones
554 1147 660 1183 varie
678 1146 910 1196 preliornm‚
934 1158 1105 1193 quorum
1137 1144 1318 1180 omnium
1344 1156 1463 1180 causa
1487 1153 1543 1180 est

177 1206 352 1242 &fastus
394 1214 430 1241 ct
470 1213 632 1253 questus
666 1204 901 1241 Antichristi
943 1203 1107 1240 viventis
1142 1212 1177 1238 et
1212 1202 1426 1238 asserentis
1460 1211 1541 1238 tarn

231 1263 469 1300 difformiter
493 1276 513 1299 a
538 1264 698 1311 sequela
715 1262 863 1298 Christi
889 1262 926 1298 in
952 1260 1131 1297 moribus
1156 1262 1263 1308 quod
1288 1260 1337 1296 sit
1362 1260 1543 1296 Christus

229 1335 365 1370 ymmo
399 1334 439 1358 se
473 1320 695 1357 extollentis
728 1320 766 1356 in
801 1320 980 1368 pluribus
1013 1332 1134 1367 supra
1167 1318 1383 1355 Christum.

288 1381 362 1416 Sed
400 1380 521 1415 videte
553 1379 592 1415 in
625 1388 709 1415 toto
749 1391 866 1415 cursu
907 1378 1022 1414 huius
1055 1376 1223 1426 periculi
1264 1390 1308 1412 ne
1340 1377 1546 1412 turbemini
1582 1381 1641 1408 We
1662 1386 1744 1408 must
1765 1385 1817 1408 not

231 1439 416 1474 cadentes
451 1451 471 1474 a
506 1436 738 1473 constancia
773 1436 861 1472 fidei
904 1445 971 1472 aut
1011 1437 1059 1472 ab
1100 1434 1442 1482 evangelizacione
1477 1443 1543 1470 aut
1575 1415 1824 1486 ἳὲςὲᾞζῖἶὲᾒςῗ

174 1507 213 1527 20
230 1495 436 1544 paciencia
488 1498 577 1531 lesu
638 1494 800 1539 Christi,
860 1496 926 1530 sed
983 1493 1200 1541 permittite
1252 1492 1543 1529 Antichristum

231 1554 422 1590 tribulare
463 1553 611 1595 fideles,
654 1562 868 1589 concutere
908 1552 1117 1588 ecclesiam
1153 1560 1189 1587 et
1222 1551 1420 1587 seminare
1453 1563 1543 1586 suas

231 1614 401 1657 hereses,
419 1625 508 1647 cum
528 1611 723 1647 modestia
740 1620 874 1647 tamen
893 1609 1365 1657 evangeliceresistendo.
1384 1610 1546 1657 Oportet

230 1670 327 1706 enim
361 1671 428 1705 lzec
450 1670 547 1719 fieri
585 1669 652 1705 sed
685 1670 851 1704 nondum
891 1668 1018 1704 statim
1042 1668 1138 1718 finis
1178 1665 1544 1703 consummacionis

230 1728 364 1771 seculi,
399 1740 491 1764 nam
521 1732 577 1770 (ut
600 1726 870 1764 verisimiliter
904 1726 1094 1769 creditur)
1127 1738 1208 1761 non
1243 1724 1545 1761 continuabitur

173 1788 212 1819 25
230 1788 300 1822 hec
334 1798 491 1822 summa
530 1785 745 1822 infidelitas
778 1797 904 1833 usque
937 1785 986 1821 ad
1021 1784 1125 1820 diem
1166 1783 1316 1828 iudicii,
1357 1795 1450 1819 nam
1487 1783 1545 1828 (ut

231 1844 381 1880 dictum
429 1852 486 1880 est
545 1844 739 1880 Sermone
789 1845 947 1890 XLIIIO)
1003 1850 1213 1892 consurget
1262 1854 1360 1891 gens
1411 1848 1545 1877 contra

135 1882 214 1959 {ogi
227 1910 381 1953 gentem
415 1910 450 1938 et
482 1914 646 1952 regmmz
676 1897 680 1955 Ι
709 1903 899 1938 adversus
931 1913 1095 1951 regnum
1130 1908 1165 1936 et
1187 1907 1299 1936 erunt
1325 1899 1547 1949 pestilencie

229 1968 264 1997 et
285 1961 420 2010 fames
452 1968 485 1996 et
519 1967 751 1996 terremotus
779 1972 854 2008 per
886 1960 990 1995 loca:
1022 1959 1089 1995 hec
1119 1966 1244 1994 autem
1280 1958 1405 1993 omnia
1435 1957 1545 1993 inicia

229 2027 316 2055 sunt
349 2019 542 2061 dolorum,
582 2017 675 2066 quia
710 2016 1017 2066 dampnacionis
1055 2025 1248 2064 perpetue
1281 2016 1543 2064 perfidorum.

175 2079 215 2110 30
230 2079 279 2112 Et
311 2076 342 2113 si
366 2076 405 2112 in
438 2076 513 2112 ista
546 2075 867 2112 contrariacione
907 2077 955 2112 ab
989 2073 1251 2111 ordinacione
1284 2073 1431 2110 Christi
1464 2086 1545 2109 non

232 2133 579 2171 consummabitur
601 2133 837 2170 Antichristi
862 2133 1034 2183 malicia,
1059 2145 1149 2169 cum
1173 2132 1370 2180 relinquet
1393 2140 1483 2180 post
1506 2144 1546 2167 se

231 2201 371 2238 sectas,
407 2193 511 2240 leges
545 2192 701 2241 iniquas
736 2201 772 2228 et
806 2204 961 2228 errores
995 2191 1035 2228 in
1067 2191 1219 2239 populo
1252 2189 1468 2235 radicatos,
1503 2202 1546 2226 ex

232 2251 375 2301 quibus
420 2252 492 2287 hec
536 2249 672 2286 omnia
717 2250 984 2298 pullulabunt⁷
1039 2256 1127 2284 tunc
1170 2256 1296 2284 autem
1341 2249 1547 2284 tradentur

230 2322 353 2360 genus
385 2309 565 2359 fidelium
606 2317 643 2345 et
680 2307 908 2356 specialiter
947 2316 1080 2355 patres
1119 2306 1347 2354 spirituales
1386 2319 1431 2342 ac
1476 2318 1546 2343 sua

176 2370 214 2401 35
232 2367 425 2415 cognacio
458 2370 514 2411 (ut
548 2366 759 2415 exponitur
791 2368 985 2403 Sermone
1016 2366 1191 2412 XLIIIO).

297 2426 492 2462 Tradetur
522 2433 648 2461 autem
681 2437 805 2475 genus
845 2423 1020 2460 fidelium
1055 2424 1090 2459 in
1128 2423 1380 2459 tribulacione
1413 2421 1546 2458 multi-

233 2483 327 2532 plici
366 2483 405 2519 in
443 2496 521 2531 qua
563 2482 794 2532 parcialiter
827 2482 1036 2526 occidetur,
1075 2489 1109 2517 et
1143 2488 1311 2530 propter
1337 2481 1545 2530 fervorem

234 2542 332 2592 Iegis
369 2541 518 2578 Christi
554 2542 603 2578 ab
643 2540 830 2577 omnibus
869 2539 1066 2588 gentibus,
1107 2540 1183 2576 hoc
1216 2547 1286 2585 est7
1325 2537 1547 2575 viventibus

303 2672 322 2691 1.
344 2664 384 2691 E:
405 2663 692 2692 Antichristiorum.
764 2673 793 2698 4.
815 2663 859 2690 A:
882 2662 964 2698 Quid
987 2666 1106 2696 autem:
1135 2661 1176 2689 ib.
1197 2661 1222 2689 Ε
1241 2661 1271 2689 in
1293 2669 1408 2696 marg:
1432 2660 1547 2696 Opinio

234 2699 380 2726 doctoris.
436 2699 460 2727 5.
474 2699 518 2727 A:
533 2699 645 2726 furent.
702 2705 740 2726 12.
756 2698 825 2726 DE:
842 2699 943 2725 sevius
959 2697 1170 2733 preliandum:
1190 2696 1231 2724 ib.
1247 2696 1287 2724 E:
1304 2696 1546 2758 conckuisierunt.

234 2741 277 2767 14.
297 2734 335 2761 A:
358 2741 506 2769 quarum:
527 2733 567 2760 ib.
590 2733 698 2761 codd.:
720 2741 812 2760 causa
833 2732 926 2760 deest.
990 2732 1027 2760 15.
1050 2731 1118 2759 DE:
1139 2731 1300 2759 venientis.
1364 2739 1373 2758 1
1398 2751 1404 2757 .
1425 2730 1494 2758 DE:
1516 2730 1546 2757 in

233 2772 327 2795 tanto.
404 2777 411 2795 1
439 2789 444 2794 .
466 2769 510 2796 A:
532 2768 668 2796 adentes.
737 2775 779 2795 22.
802 2767 871 2795 DE:
893 2766 1110 2794 resistendum.
1175 2765 1222 2794 26.
1244 2765 1314 2793 DE:
1336 2773 1438 2793 sermo
1459 2764 1546 2794 LV0:

234 2804 278 2830 A:
299 2802 390 2841 XLl⁴'.
413 2776 551 2843 gorrexi¹
571 2803 650 2830 Vide
671 2811 765 2842 supra
786 2810 854 2838 pao.
875 2801 965 2841 309·.
1008 2809 1052 2835 27.
1074 2802 1118 2837 A}
1140 2801 1169 2828 iu
1192 2808 1329 2837 regnum.
1386 2799 1428 2827 32.
1450 2801 1494 2839 A:
1516 2800 1546 2827 in

235 2846 388 2872 proximo,
445 2836 487 2865 33.
504 2838 547 2865 A:
569 2837 658 2865 Tunc
673 2846 764 2864 enim.
821 2822 864 2865 5²⁴5.
880 2837 924 2864 A:
945 2836 1044 2867 mu:
1067 2836 1134 2863 mi:
1159 2835 1234 2863 LV0.
1291 2834 1334 2870 37.
1350 2836 1394 2862 A:
1417 2835 1546 2862 obictur.

309 2920 358 2952 17.
387 2909 505 2941 Matth.
535 2910 658 2950 xxiv,
685 2909 715 2942 6.
815 2908 866 2940 26.
893 2908 940 2940 ib.
967 2919 999 2950 7,
1025 2908 1057 2939 s.
1157 2907 1207 2940 36.
1236 2908 1280 2939 ib.
1308 2918 1339 2951 9.
