1986 3380
172 311 189 335 tv

200 311 218 335 {Q

228 302 248 335 ,7,

190 997 281 1033 Many
303 998 416 1025 wolves

177 1033 204 1060 in
227 1033 275 1059 the
296 1032 429 1060 Church.

181 1523 423 1550 I'ossessioners.

249 1815 270 1842 Γ
276 1814 316 1841 ria
323 1823 362 1841 rs.

754 308 983 341 JOHANNlS
1002 308 1185 340 WYCLIF
1205 307 1459 341 SERMONUM
1493 294 1646 353 [SERMO
1668 305 1775 334 XXXI-

456 415 588 463 primo
634 416 798 452 induere
844 415 960 451 istam
1007 414 1139 451 iidem.
1193 415 1455 451 Examinandi
1503 415 1636 464 itaque
1682 425 1772 452 sunt

457 474 772 521 evangelizantes
810 473 839 508 si
883 473 997 508 istam
1040 472 1157 508 fidem
1198 473 1371 520 perfecte
1406 473 1629 518 habuerint,
1665 476 1771 522 quod

456 531 485 568 si
531 545 625 577 non,
666 531 881 580 repellendi
929 539 1019 566 sunt
1064 539 1270 579 tamquam
1323 531 1501 568 infideles
1546 533 1594 567 ab
1639 532 1772 568 officio

456 590 709 638 predicandi:
743 589 772 625 si
808 598 941 625 autem
976 588 1200 635 habuerint,
1236 601 1324 624 cum
1361 589 1614 626 manifestum
1649 589 1696 625 sit
1730 602 1772 626 ex

458 648 547 685 fidei
582 648 693 684 istius
733 646 970 683 execucione
1011 646 1048 681 in
1083 659 1204 693 opere
1238 647 1348 695 sequi
1392 647 1680 684 commercium
1717 648 1804 683 in-5

457 706 555 742 liniti
587 704 727 754 premii
765 704 1015 746 lucrativum,
1042 705 1136 752 quid
1161 706 1337 741 tardaret
1362 718 1428 741 eos
1451 718 1472 741 a
1498 705 1772 753 complecionc

457 764 572 800 huius
606 762 785 800 consilii?
818 765 865 798 Et
899 771 1007 810 patet
1041 775 1161 810 quam
1198 762 1310 798 multi
1347 763 1499 811 fingunt
1538 776 1578 800 se
1617 776 1772 800 servare

455 835 498 859 ex
543 822 696 869 integro
737 820 884 857 Christi
931 820 1098 857 consilia
1142 820 1243 856 sicut
1289 821 1392 857 istud
1438 830 1474 857 et
1514 821 1568 858 eis
1612 821 1771 866 similia,

455 889 491 917 et
515 889 650 917 tamen
674 892 762 915 cum
788 891 964 915 connexa
994 878 1072 914 sint
1095 878 1196 914 sicut
1226 891 1295 915 sua
1327 880 1528 924 mandata,
1560 879 1772 916 infideliter

456 947 492 975 et
525 937 749 974 vecorditer
782 936 822 972 in
855 935 1021 984 singulis
1055 938 1325 973 retrocedunt.
1792 950 1829 971 10

513 998 560 1032 Et
606 995 637 1032 si
683 995 840 1031 dicatur
879 996 986 1042 quod
1033 994 1129 1030 nulli
1175 1004 1265 1030 sunt
1310 994 1393 1043 lupi
1439 994 1558 1043 primi
1603 994 1770 1043 generis,

456 1062 563 1102 patet
614 1053 707 1089 viris
758 1052 933 1089 cordatis
983 1054 1091 1100 quod
1143 1065 1165 1088 a
1215 1065 1321 1101 papa
1373 1054 1652 1089 descendendo
1703 1066 1772 1101 per

455 1112 665 1161 episcopos
699 1120 735 1147 et
765 1111 870 1147 viros
903 1110 1222 1158 possessionatos
1255 1123 1300 1148 ac
1334 1111 1474 1147 fratres
1507 1110 1664 1159 spurios
1694 1111 1773 1148 fere

456 1182 594 1207 omnes
626 1170 686 1205 vel
718 1168 881 1217 plurimi
915 1168 1075 1216 sapiunt
1107 1168 1320 1205 infideliter
1352 1169 1469 1205 istam
1510 1169 1771 1217 rapacitatem

456 1227 656 1276 lupinam3
696 1239 836 1264 omnes
871 1226 974 1263 enim
1008 1225 1072 1263 isti
1106 1226 1308 1263 declinant
1342 1239 1363 1263 a
1396 1226 1704 1264 conservacione
1736 1230 1828 1263 et15

457 1285 715 1323 observancia
757 1285 853 1333 legis
887 1284 1048 1330 Christi,
1083 1293 1119 1320 et
1158 1284 1225 1320 ubi
1267 1286 1407 1321 darent
1440 1293 1565 1322 totam
1606 1297 1771 1333 operam

458 1343 597 1380 humili
645 1356 690 1380 ac
730 1342 898 1392 pauperi
938 1342 1287 1390 evangelizacioni,
1330 1342 1540 1379 intendunt
1578 1355 1773 1391 pompose

458 1411 494 1438 et
528 1401 774 1438 dominative
807 1400 1032 1449 rapacitati.
1073 1401 1150 1437 Sed
1183 1400 1271 1449 quis
1305 1409 1361 1437 est
1394 1400 1460 1449 qui
1502 1402 1622 1437 audet
1655 1401 1771 1438 istam

459 1459 723 1508 rapacitatem
746 1458 981 1495 Antichristi
1006 1467 1236 1495 constanter
1270 1460 1452 1506 detegere
1486 1467 1522 1495 et
1555 1467 1690 1495 tamen
1724 1460 1772 1495 ab

458 1517 532 1554 ista
565 1526 770 1566 oporteret
804 1516 1006 1565 incipere?
1047 1516 1336 1554 Possessionati
1370 1529 1543 1565 namque
1575 1517 1636 1553 vel
1668 1516 1772 1553 illius
1788 1531 1831 1553 20

458 1576 549 1612 fidei
589 1584 679 1612 sunt
718 1575 845 1624 ignari
884 1575 943 1612 vel
988 1583 1154 1623 propter
1192 1574 1580 1623 preponderanciarn
1622 1575 1771 1611 amoris

457 1633 742 1682 temporalium
782 1645 901 1682 super
933 1632 1220 1681 purgacionem
1262 1645 1307 1669 ac
1348 1632 1676 1669 melioracionem
1711 1645 1772 1669 ec-

458 1692 575 1729 clesie
607 1701 698 1728 sunt
731 1690 945 1728 infideliter
973 1690 1105 1727 timidi
1138 1700 1175 1727 et
1209 1690 1484 1739 multipliciter
1516 1690 1771 1728 consentanei

458 1750 520 1786 isti
572 1749 738 1798 perfidie
781 1761 990 1786 venenose.
1038 1751 1195 1786 Fratres
1248 1758 1380 1785 autem
1429 1749 1489 1785 vel
1538 1749 1600 1785 isti
1646 1748 1771 1786 errori

458 1807 731 1854 consenciunt,
767 1820 927 1844 causam
964 1807 1123 1854 dyaboli
1158 1806 1432 1855 multipliciter
1465 1807 1688 1854 palliantes,
1712 1807 1827 1844 vel25

457 1866 626 1903 scientes
664 1866 871 1902 veritatem
912 1864 1058 1902 erroris
1097 1866 1156 1901 vel
1194 1874 1360 1913 propter
1399 1865 1584 1902 timorem
1632 1864 1772 1901 mortis

456 1925 516 1961 vel
569 1933 734 1972 propter
779 1924 954 1960 favorem
1008 1922 1130 1959 seculi
1176 1924 1235 1959 vel
1281 1931 1445 1971 propter
1497 1922 1770 1959 inordinatum

457 1994 636 2018 amorem
667 1983 715 2018 ad
747 1981 1103 2029 conglobacionem
1135 1981 1193 2017 sui
1224 1981 1375 2017 ordinis
1406 1980 1619 2018 infideliter
1647 1989 1771 2017 retro-

457 2042 614 2076 cedunt.
668 2039 871 2088 Numquid
925 2038 1125 2076 credimus
1170 2038 1352 2075 Christus
1402 2048 1438 2075 et
1489 2038 1546 2076 sui
1599 2039 1770 2087 apostoli

457 2107 658 2135 cesserunt
682 2098 959 2134 sacerdotibus
984 2107 1019 2134 et
1042 2097 1237 2146 phariseis
1261 2105 1426 2145 propter
1449 2109 1611 2134 causam
1637 2096 1770 2134 huius·
1787 2099 1829 2132 30

459 2157 591 2193 modi?
614 2157 681 2193 sed
699 2157 853 2192 cautela
870 2155 1029 2204 dyaboli
1046 2155 1314 2191 Antichristus
1330 2155 1547 2192 introduxit
1571 2154 1771 2203 paulative

458 2215 537 2251 fere
570 2227 640 2263 per
672 2223 800 2250 totum
836 2214 1080 2250 contrarium
1117 2222 1222 2250 secte
1255 2212 1415 2250 Christi.
1450 2213 1560 2250 Sicut
1592 2213 1697 2250 enim
1732 2213 1771 2249 in

458 2281 639 2321 tempore
690 2272 835 2309 Christi
895 2273 1123 2308 sacerdotes
1180 2279 1217 2308 et
1268 2270 1441 2319 religiosi
1500 2280 1541 2307 ut
1594 2270 1770 2308 Pharisei

456 2330 742 2379 possessionati
768 2339 804 2366 et
827 2329 996 2366 Saducei
1022 2328 1327 2377 exproprietarii
1358 2337 1470 2366 erant
1494 2329 1575 2377 lupi
1601 2328 1771 2366 maxime

456 2388 655 2434 venenosi,
696 2387 751 2424 sic
789 2387 974 2424 videntur
1019 2400 1102 2424 esse
1147 2386 1266 2423 hodie
1311 2399 1355 2423 ex
1399 2386 1827 2435 superhabundanti35

456 2446 808 2494 superintroducta
831 2446 987 2482 cautela
1010 2444 1182 2493 dyaboli.
1219 2444 1356 2481 Sciens
1380 2444 1485 2481 enim
1502 2444 1770 2482 Antichristus

527 2566 546 2585 1.
567 2558 610 2585 A:
632 2557 673 2584 ita
694 2561 780 2591 sunt:
802 2556 826 2584 E
847 2556 875 2584 in
898 2564 1012 2591 marg:
1035 2555 1246 2584 Predicatores
1268 2560 1338 2583 sunt
1359 2555 1566 2583 examinandi.
1652 2563 1678 2583 2.
1700 2554 1768 2583 DE:

457 2593 637 2620 habuerunt.
701 2601 730 2626 4.
753 2591 821 2619 DE:
843 2591 1040 2619 manifestum
1061 2595 1115 2618 est.
1180 2591 1204 2619 5.
1225 2592 1270 2619 A:
1293 2590 1381 2618 istius
1403 2590 1592 2618 excussione.
1657 2590 1684 2618 8.
1700 2589 1769 2618 DE:

457 2636 493 2654 ex
513 2627 631 2662 integro
652 2627 752 2661 deest;
782 2627 822 2654 ib.
843 2627 886 2654 A:
909 2625 974 2653 eius
995 2625 1117 2653 similia.
1219 2633 1248 2661 9.
1269 2626 1312 2653 A:
1335 2629 1405 2652 sunt
1426 2625 1513 2653 sicut.
1611 2633 1644 2652 ιι.
1666 2624 1719 2652 DE
1738 2624 1768 2652 in

458 2670 570 2697 marg:
593 2662 746 2697 Quartum
769 2662 892 2696 iugum:
914 2661 936 2688 Ε
957 2661 986 2688 in
1009 2668 1123 2696 marg:
1143 2660 1243 2693 Nota:
1264 2660 1304 2687 ib.
1321 2660 1365 2688 A:
1389 2660 1480 2687 nulla.
1556 2666 1593 2687 12.
1609 2661 1654 2688 A:
1676 2667 1767 2695 qnam

457 2705 473 2724 a
495 2704 583 2732 papa.
659 2695 695 2724 13.
718 2697 762 2724 A:
785 2695 908 2731 spurios
929 2695 1031 2727 deest:
1061 2695 1100 2722 ib.
1123 2695 1192 2723 DE:
1214 2694 1274 2722 fere
1295 2694 1410 2733 deest..
1470 2703 1511 2728 14·
1534 2693 1602 2722 DE:
1624 2699 1655 2721 ut
1675 2694 1769 2733 pluri-

458 2739 560 2764 mum:
592 2731 630 2758 ib.
652 2731 694 2758 D:
716 2730 878 2758 infideliter
898 2734 977 2763 tam:
1008 2730 1032 2758 Ε
1052 2729 1200 2757 correxit:
1222 2729 1384 2757 infideliter
1404 2733 1505 2756 istam.
1632 2728 1670 2757 15.
1692 2728 1716 2756 D
1738 2736 1767 2756 in

458 2774 571 2801 marg.:
593 2765 698 2800 Aliqui
722 2769 791 2792 sunt
812 2764 908 2800 spurii
930 2765 1039 2792 fratres
1060 2765 1137 2792 sicut
1157 2769 1231 2792 ta..
1249 2785 1255 2791 .
1342 2764 1381 2791 1⁸.
1403 2763 1472 2792 DE:
1494 2763 1553 2792 Sed
1575 2763 1644 2799 qui·
1665 2763 1704 2790 ib.
1722 2764 1766 2791 A:

457 2801 552 2828 audit.
610 2808 650 2839 ¹9·
672 2800 745 2827 Ah:
767 2799 978 2838 inpunitatem:
1001 2799 1040 2827 ib.
1058 2799 1127 2827 DE:
1149 2802 1324 2827 constanter
1345 2798 1438 2837 deest.
1502 2806 1548 2833 20,
1569 2805 1610 2837 ²¹.-
1631 2785 1699 2825 1'313:
1721 2798 1766 2825 vel

458 2835 546 2862 istius
567 2835 635 2862 {idei
657 2834 753 2869 ignari
775 2835 838 2868 vel;
868 2834 908 2861 ib.
931 2834 953 2861 Ιί
973 2834 1002 2861 in
1025 2842 1138 2869 marg:
1162 2833 1397 2861 l‘ossessionati.
1489 2841 1536 2867 24.
1558 2833 1580 2860 Ε
1601 2840 1630 2860 ιη
1653 2840 1766 2867 marg:

457 2870 589 2897 Fratres.
732 2868 775 2897 25.
795 2869 840 2896 A:
869 2868 1078 2904 multipliciter
1097 2869 1192 2896 deest.
1335 2875 1382 2903 29.
1405 2867 1583 2904 Numquid3
1614 2867 1656 2894 D:
1684 2875 1719 2894 ne
1722 2872 1756 2885 ¹¹¹¹¹
1761 2888 1766 2893 .

456 2903 495 2932 31.
518 2904 590 2966 Ehin
614 2912 726 2943 marg:
751 2903 875 2931 Maximi
898 2903 1043 2931 venenosi
1066 2903 1140 2938 lupi.
1197 2901 1241 2930 32.
1257 2903 1301 2929 A:
1323 2902 1351 2929 in
1374 2902 1468 2930 deest.
1524 2901 1565 2930 35.
1580 2903 1625 2930 A:
1647 2901 1768 2929 videtur

456 2947 522 2966 esse
563 2947 677 2966 omine.
