<?xml version="1.0" encoding="UTF-8"?>
<!DOCTYPE html PUBLIC "-//W3C//DTD XHTML 1.0 Transitional//EN"
    "http://www.w3.org/TR/xhtml1/DTD/xhtml1-transitional.dtd">
<html xmlns="http://www.w3.org/1999/xhtml" xml:lang="en" lang="en">
 <head>
  <title>
</title>
<meta http-equiv="Content-Type" content="text/html;charset=utf-8" />
  <meta name='ocr-system' content='tesseract 3.04.00' />
  <meta name='ocr-capabilities' content='ocr_page ocr_carea ocr_par ocr_line ocrx_word'/>
</head>
<body>
  <div class='ocr_page' id='page_1' title='image "./iohanniswyclifse0702wycl_0131.png"; bbox 0 0 1986 3380; ppageno 0'>
   <div class='ocr_carea' id='block_1_1' title="bbox 185 282 1780 335">
    <p class='ocr_par' dir='ltr' id='par_1_1' title="bbox 185 282 1780 335">
     <span class='ocr_line' id='line_1_1' title="bbox 185 282 1780 335; baseline -0.004 -14"><span class='ocrx_word' id='word_1_1' title='bbox 185 291 321 321; x_wconf 83' lang='lat' dir='ltr'>SERMO</span> <span class='ocrx_word' id='word_1_2' title='bbox 341 282 438 335; x_wconf 72' lang='lat' dir='ltr'>xiv]</span> <span class='ocrx_word' id='word_1_3' title='bbox 653 290 865 322; x_wconf 80' lang='lat' dir='ltr'><strong>SECUNDA</strong></span> <span class='ocrx_word' id='word_1_4' title='bbox 893 289 1021 321; x_wconf 77' lang='lat' dir='ltr'>PARS.</span> <span class='ocrx_word' id='word_1_5' title='bbox 1714 291 1780 315; x_wconf 76' lang='lat'>101</span> 
     </span>
    </p>
   </div>
   <div class='ocr_carea' id='block_1_2' title="bbox 92 393 1787 2441">
    <p class='ocr_par' dir='ltr' id='par_1_2' title="bbox 130 393 1787 1550">
     <span class='ocr_line' id='line_1_2' title="bbox 187 393 1498 449; baseline -0.005 -12"><span class='ocrx_word' id='word_1_6' title='bbox 187 413 307 449; x_wconf 89' lang='lat' dir='ltr'>quam</span> <span class='ocrx_word' id='word_1_7' title='bbox 355 397 527 446; x_wconf 75' lang='lat' dir='ltr'>religiosi</span> <span class='ocrx_word' id='word_1_8' title='bbox 574 396 821 446; x_wconf 86' lang='lat' dir='ltr'>privatorum</span> <span class='ocrx_word' id='word_1_9' title='bbox 868 394 1055 431; x_wconf 82' lang='lat' dir='ltr'>ordinum</span> <span class='ocrx_word' id='word_1_10' title='bbox 1102 407 1205 430; x_wconf 88' lang='lat' dir='ltr'>nunc</span> <span class='ocrx_word' id='word_1_11' title='bbox 1251 393 1498 441; x_wconf 80' lang='lat' dir='ltr'>extinguunt.</span> 
     </span>
     <span class='ocr_line' id='line_1_3' title="bbox 186 452 1500 499; baseline -0.005 -4"><span class='ocrx_word' id='word_1_12' title='bbox 186 460 247 495; x_wconf 83' lang='lat' dir='ltr'>Ad</span> <span class='ocrx_word' id='word_1_13' title='bbox 281 459 356 495; x_wconf 90' lang='lat' dir='ltr'>hoc</span> <span class='ocrx_word' id='word_1_14' title='bbox 389 457 494 493; x_wconf 88' lang='lat' dir='ltr'>enim</span> <span class='ocrx_word' id='word_1_15' title='bbox 528 455 714 493; x_wconf 88' lang='lat' dir='ltr'>videntur</span> <span class='ocrx_word' id='word_1_16' title='bbox 746 454 903 490; x_wconf 81' lang='lat' dir='ltr'>efficere</span> <span class='ocrx_word' id='word_1_17' title='bbox 937 462 979 489; x_wconf 91' lang='lat' dir='ltr'>ut</span> <span class='ocrx_word' id='word_1_18' title='bbox 1007 452 1197 489; x_wconf 86' lang='lat' dir='ltr'>intricent</span> <span class='ocrx_word' id='word_1_19' title='bbox 1220 452 1500 499; x_wconf 83' lang='lat' dir='ltr'>religiosorum</span> 
     </span>
     <span class='ocr_line' id='line_1_4' title="bbox 188 510 1500 562; baseline -0.006 -9"><span class='ocrx_word' id='word_1_20' title='bbox 188 515 458 553; x_wconf 88' lang='lat' dir='ltr'>consciencias</span> <span class='ocrx_word' id='word_1_21' title='bbox 502 522 539 551; x_wconf 92' lang='lat' dir='ltr'>et</span> <span class='ocrx_word' id='word_1_22' title='bbox 583 514 691 562; x_wconf 89' lang='lat' dir='ltr'>quod</span> <span class='ocrx_word' id='word_1_23' title='bbox 737 525 857 560; x_wconf 86' lang='lat' dir='ltr'>supra</span> <span class='ocrx_word' id='word_1_24' title='bbox 897 510 1101 549; x_wconf 80' lang='lat' dir='ltr'>Christum</span> <span class='ocrx_word' id='word_1_25' title='bbox 1146 518 1355 559; x_wconf 80' lang='lat' dir='ltr'>tamquam</span> <span class='ocrx_word' id='word_1_26' title='bbox 1388 510 1500 546; x_wconf 90' lang='lat' dir='ltr'>Anti-</span> 
     </span>
     <span class='ocr_line' id='line_1_5' title="bbox 188 569 1176 611; baseline -0.007 0"><span class='ocrx_word' id='word_1_27' title='bbox 188 574 358 611; x_wconf 83' lang='lat' dir='ltr'>christus</span> <span class='ocrx_word' id='word_1_28' title='bbox 392 573 432 609; x_wconf 89' lang='lat' dir='ltr'>in</span> <span class='ocrx_word' id='word_1_29' title='bbox 464 571 543 609; x_wconf 90' lang='lat' dir='ltr'>suis</span> <span class='ocrx_word' id='word_1_30' title='bbox 576 570 866 608; x_wconf 84' lang='lat' dir='ltr'>tradicionibus</span> <span class='ocrx_word' id='word_1_31' title='bbox 899 582 939 606; x_wconf 92' lang='lat' dir='ltr'>se</span> <span class='ocrx_word' id='word_1_32' title='bbox 973 569 1176 605; x_wconf 81' lang='lat' dir='ltr'>extollant.</span> 
     </span>
     <span class='ocr_line' id='line_1_6' title="bbox 155 625 1500 678; baseline -0.006 -9"><span class='ocrx_word' id='word_1_33' title='bbox 155 634 170 665; x_wconf 79' lang='grc'>5</span> <span class='ocrx_word' id='word_1_34' title='bbox 247 635 356 675; x_wconf 88' lang='lat' dir='ltr'>Item,</span> <span class='ocrx_word' id='word_1_35' title='bbox 402 639 445 667; x_wconf 90' lang='lat' dir='ltr'>ut</span> <span class='ocrx_word' id='word_1_36' title='bbox 488 638 598 678; x_wconf 90' lang='lat' dir='ltr'>patet</span> <span class='ocrx_word' id='word_1_37' title='bbox 642 641 686 665; x_wconf 88' lang='lat' dir='ltr'>ex</span> <span class='ocrx_word' id='word_1_38' title='bbox 731 627 879 676; x_wconf 85' lang='lat' dir='ltr'>duplici</span> <span class='ocrx_word' id='word_1_39' title='bbox 925 626 1182 664; x_wconf 84' lang='lat' dir='ltr'>conclusione</span> <span class='ocrx_word' id='word_1_40' title='bbox 1227 625 1366 674; x_wconf 78' lang='lat' dir='ltr'>priori,</span> <span class='ocrx_word' id='word_1_41' title='bbox 1411 625 1500 662; x_wconf 87' lang='lat' dir='ltr'>talis</span> 
     </span>
     <span class='ocr_line' id='line_1_7' title="bbox 188 684 1501 737; baseline -0.005 -11"><span class='ocrx_word' id='word_1_42' title='bbox 188 690 326 737; x_wconf 88' lang='lat' dir='ltr'>religio</span> <span class='ocrx_word' id='word_1_43' title='bbox 349 689 409 726; x_wconf 91' lang='lat' dir='ltr'>vel</span> <span class='ocrx_word' id='word_1_44' title='bbox 432 688 530 724; x_wconf 93' lang='lat' dir='ltr'>ritus</span> <span class='ocrx_word' id='word_1_45' title='bbox 558 686 755 724; x_wconf 87' lang='lat' dir='ltr'>sensibilis</span> <span class='ocrx_word' id='word_1_46' title='bbox 787 699 868 722; x_wconf 91' lang='lat' dir='ltr'>non</span> <span class='ocrx_word' id='word_1_47' title='bbox 900 686 1003 722; x_wconf 90' lang='lat' dir='ltr'>valet</span> <span class='ocrx_word' id='word_1_48' title='bbox 1035 684 1111 721; x_wconf 87' lang='lat' dir='ltr'>nisi</span> <span class='ocrx_word' id='word_1_49' title='bbox 1145 685 1192 720; x_wconf 91' lang='lat' dir='ltr'>de</span> <span class='ocrx_word' id='word_1_50' title='bbox 1225 692 1377 732; x_wconf 87' lang='lat' dir='ltr'>quanto</span> <span class='ocrx_word' id='word_1_51' title='bbox 1409 696 1501 731; x_wconf 91' lang='lat' dir='ltr'>pro-</span> 
     </span>
     <span class='ocr_line' id='line_1_8' title="bbox 189 741 1787 786; baseline -0.006 -2"><span class='ocrx_word' id='word_1_52' title='bbox 189 756 320 784; x_wconf 85' lang='lat' dir='ltr'>movet</span> <span class='ocrx_word' id='word_1_53' title='bbox 364 748 413 783; x_wconf 87' lang='lat' dir='ltr'>ad</span> <span class='ocrx_word' id='word_1_54' title='bbox 459 754 606 783; x_wconf 89' lang='lat' dir='ltr'>statum</span> <span class='ocrx_word' id='word_1_55' title='bbox 651 743 922 781; x_wconf 79' lang='lat' dir='ltr'>insensibilem</span> <span class='ocrx_word' id='word_1_56' title='bbox 962 743 1199 779; x_wconf 88' lang='lat' dir='ltr'>virtuosum.</span> <span class='ocrx_word' id='word_1_57' title='bbox 1246 742 1326 777; x_wconf 87' lang='lat' dir='ltr'>Sed</span> <span class='ocrx_word' id='word_1_58' title='bbox 1370 741 1501 777; x_wconf 86' lang='lat' dir='ltr'>omnis</span> <span class='ocrx_word' id='word_1_59' title='bbox 1517 747 1613 786; x_wconf 60' lang='lat' dir='ltr'>Idycry</span> <span class='ocrx_word' id='word_1_60' title='bbox 1636 756 1701 774; x_wconf 78' lang='lat' dir='ltr'>new</span> <span class='ocrx_word' id='word_1_61' title='bbox 1723 749 1787 775; x_wconf 60' lang='lat' dir='ltr'>fule</span> 
     </span>
     <span class='ocr_line' id='line_1_9' title="bbox 187 783 1763 850; baseline -0.006 -8"><span class='ocrx_word' id='word_1_62' title='bbox 187 806 344 842; x_wconf 91' lang='lat' dir='ltr'>novella</span> <span class='ocrx_word' id='word_1_63' title='bbox 377 803 573 841; x_wconf 89' lang='lat' dir='ltr'>sensibilis</span> <span class='ocrx_word' id='word_1_64' title='bbox 606 802 745 850; x_wconf 88' lang='lat' dir='ltr'>religio</span> <span class='ocrx_word' id='word_1_65' title='bbox 779 810 836 838; x_wconf 90' lang='lat' dir='ltr'>est</span> <span class='ocrx_word' id='word_1_66' title='bbox 859 802 919 837; x_wconf 89' lang='lat' dir='ltr'>vel</span> <span class='ocrx_word' id='word_1_67' title='bbox 944 800 1207 849; x_wconf 83' lang='lat' dir='ltr'>impertinens</span> <span class='ocrx_word' id='word_1_68' title='bbox 1231 799 1412 847; x_wconf 80' lang='lat' dir='ltr'>religioni</span> <span class='ocrx_word' id='word_1_69' title='bbox 1437 799 1499 835; x_wconf 92' lang='lat' dir='ltr'>isti</span> <span class='ocrx_word' id='word_1_70' title='bbox 1544 783 1763 845; x_wconf 46' lang='grc' dir='ltr'>ἷῖῗῑζξζξὲᾗξῑζζῑ</span> 
     </span>
     <span class='ocr_line' id='line_1_10' title="bbox 187 856 1500 911; baseline -0.005 -11"><span class='ocrx_word' id='word_1_71' title='bbox 187 864 247 900; x_wconf 89' lang='lat' dir='ltr'>vel</span> <span class='ocrx_word' id='word_1_72' title='bbox 263 863 390 911; x_wconf 84' lang='lat' dir='ltr'>ipsam</span> <span class='ocrx_word' id='word_1_73' title='bbox 408 863 636 905; x_wconf 84' lang='lat' dir='ltr'>retardans3</span> <span class='ocrx_word' id='word_1_74' title='bbox 661 861 868 909; x_wconf 88' lang='lat' dir='ltr'>quomodo</span> <span class='ocrx_word' id='word_1_75' title='bbox 885 871 978 907; x_wconf 87' lang='lat' dir='ltr'>ergo</span> <span class='ocrx_word' id='word_1_76' title='bbox 997 858 1134 895; x_wconf 88' lang='lat' dir='ltr'>liceret</span> <span class='ocrx_word' id='word_1_77' title='bbox 1154 859 1336 894; x_wconf 87' lang='lat' dir='ltr'>membro</span> <span class='ocrx_word' id='word_1_78' title='bbox 1353 856 1500 894; x_wconf 85' lang='lat' dir='ltr'>Christi</span> 
     </span>
     <span class='ocr_line' id='line_1_11' title="bbox 134 914 1501 963; baseline -0.006 -5"><span class='ocrx_word' id='word_1_79' title='bbox 134 921 304 958; x_wconf 78' lang='lat' dir='ltr'>mistam</span> <span class='ocrx_word' id='word_1_80' title='bbox 338 919 646 957; x_wconf 86' lang='lat' dir='ltr'>commissuram</span> <span class='ocrx_word' id='word_1_81' title='bbox 678 927 852 955; x_wconf 88' lang='lat' dir='ltr'>veterem</span> <span class='ocrx_word' id='word_1_82' title='bbox 886 917 926 954; x_wconf 90' lang='lat' dir='ltr'>in</span> <span class='ocrx_word' id='word_1_83' title='bbox 957 926 1040 953; x_wconf 89' lang='lat' dir='ltr'>tam</span> <span class='ocrx_word' id='word_1_84' title='bbox 1075 915 1276 953; x_wconf 89' lang='lat' dir='ltr'>autentica</span> <span class='ocrx_word' id='word_1_85' title='bbox 1308 914 1501 963; x_wconf 85' lang='lat' dir='ltr'>religione</span> 
     </span>
     <span class='ocr_line' id='line_1_12' title="bbox 187 973 1501 1025; baseline -0.005 -9"><span class='ocrx_word' id='word_1_86' title='bbox 187 979 404 1016; x_wconf 82' lang='lat' dir='ltr'>consuere?</span> <span class='ocrx_word' id='word_1_87' title='bbox 446 991 542 1014; x_wconf 88' lang='lat' dir='ltr'>nam</span> <span class='ocrx_word' id='word_1_88' title='bbox 575 980 634 1025; x_wconf 88' lang='lat' dir='ltr'>(ut</span> <span class='ocrx_word' id='word_1_89' title='bbox 667 985 723 1013; x_wconf 89' lang='lat' dir='ltr'>est</span> <span class='ocrx_word' id='word_1_90' title='bbox 756 988 827 1024; x_wconf 88' lang='lat' dir='ltr'>per</span> <span class='ocrx_word' id='word_1_91' title='bbox 858 988 898 1012; x_wconf 92' lang='lat' dir='ltr'>se</span> <span class='ocrx_word' id='word_1_92' title='bbox 930 983 1072 1011; x_wconf 89' lang='lat' dir='ltr'>notum</span> <span class='ocrx_word' id='word_1_93' title='bbox 1111 973 1378 1022; x_wconf 85' lang='lat' dir='ltr'>philosophis)</span> <span class='ocrx_word' id='word_1_94' title='bbox 1419 986 1501 1010; x_wconf 90' lang='lat' dir='ltr'>non</span> 
     </span>
     <span class='ocr_line' id='line_1_13' title="bbox 188 1030 1499 1084; baseline -0.006 -10"><span class='ocrx_word' id='word_1_95' title='bbox 188 1046 245 1074; x_wconf 89' lang='lat' dir='ltr'>est</span> <span class='ocrx_word' id='word_1_96' title='bbox 278 1036 473 1074; x_wconf 87' lang='lat' dir='ltr'>habitudo</span> <span class='ocrx_word' id='word_1_97' title='bbox 507 1034 797 1084; x_wconf 87' lang='lat' dir='ltr'>consequencie</span> <span class='ocrx_word' id='word_1_98' title='bbox 829 1033 932 1070; x_wconf 89' lang='lat' dir='ltr'>inter</span> <span class='ocrx_word' id='word_1_99' title='bbox 953 1041 1100 1069; x_wconf 83' lang='lat' dir='ltr'>statum</span> <span class='ocrx_word' id='word_1_100' title='bbox 1124 1032 1245 1068; x_wconf 87' lang='lat' dir='ltr'>istum</span> <span class='ocrx_word' id='word_1_101' title='bbox 1270 1030 1499 1071; x_wconf 85' lang='lat' dir='ltr'>sensibilem</span> 
     </span>
     <span class='ocr_line' id='line_1_14' title="bbox 187 1089 1500 1137; baseline -0.006 -5"><span class='ocrx_word' id='word_1_102' title='bbox 187 1105 224 1132; x_wconf 90' lang='lat' dir='ltr'>et</span> <span class='ocrx_word' id='word_1_103' title='bbox 255 1095 377 1132; x_wconf 90' lang='lat' dir='ltr'>vitam</span> <span class='ocrx_word' id='word_1_104' title='bbox 411 1093 613 1131; x_wconf 86' lang='lat' dir='ltr'>interioris</span> <span class='ocrx_word' id='word_1_105' title='bbox 646 1092 820 1129; x_wconf 89' lang='lat' dir='ltr'>hominis</span> <span class='ocrx_word' id='word_1_106' title='bbox 841 1091 1076 1128; x_wconf 82' lang='lat' dir='ltr'>virtuosam.</span> <span class='ocrx_word' id='word_1_107' title='bbox 1111 1092 1197 1136; x_wconf 90' lang='lat' dir='ltr'>Que</span> <span class='ocrx_word' id='word_1_108' title='bbox 1221 1102 1313 1137; x_wconf 90' lang='lat' dir='ltr'>ergo</span> <span class='ocrx_word' id='word_1_109' title='bbox 1337 1089 1500 1137; x_wconf 88' lang='lat' dir='ltr'>argucia</span> 
     </span>
     <span class='ocr_line' id='line_1_15' title="bbox 186 1148 1501 1190; baseline -0.006 0"><span class='ocrx_word' id='word_1_110' title='bbox 186 1153 354 1190; x_wconf 88' lang='lat' dir='ltr'>simialis</span> <span class='ocrx_word' id='word_1_111' title='bbox 387 1151 587 1189; x_wconf 88' lang='lat' dir='ltr'>diabolica</span> <span class='ocrx_word' id='word_1_112' title='bbox 610 1151 770 1188; x_wconf 90' lang='lat' dir='ltr'>fidelem</span> <span class='ocrx_word' id='word_1_113' title='bbox 794 1149 1048 1187; x_wconf 88' lang='lat' dir='ltr'>convinceret</span> <span class='ocrx_word' id='word_1_114' title='bbox 1071 1157 1114 1185; x_wconf 85' lang='lat' dir='ltr'>ut</span> <span class='ocrx_word' id='word_1_115' title='bbox 1136 1156 1293 1184; x_wconf 87' lang='lat' dir='ltr'>tantum</span> <span class='ocrx_word' id='word_1_116' title='bbox 1318 1148 1501 1184; x_wconf 88' lang='lat' dir='ltr'>observet</span> 
     </span>
     <span class='ocr_line' id='line_1_16' title="bbox 135 1204 1501 1259; baseline -0.005 -11"><span class='ocrx_word' id='word_1_117' title='bbox 135 1212 305 1248; x_wconf 83' lang='lat' dir='ltr'>15istam</span> <span class='ocrx_word' id='word_1_118' title='bbox 338 1210 576 1259; x_wconf 81' lang='lat' dir='ltr'>religionem</span> <span class='ocrx_word' id='word_1_119' title='bbox 610 1208 838 1246; x_wconf 86' lang='lat' dir='ltr'>sensibilem</span> <span class='ocrx_word' id='word_1_120' title='bbox 871 1216 1038 1256; x_wconf 86' lang='lat' dir='ltr'>propter</span> <span class='ocrx_word' id='word_1_121' title='bbox 1061 1208 1138 1244; x_wconf 93' lang='lat' dir='ltr'>hoc</span> <span class='ocrx_word' id='word_1_122' title='bbox 1171 1207 1280 1255; x_wconf 89' lang='lat' dir='ltr'>quod</span> <span class='ocrx_word' id='word_1_123' title='bbox 1304 1204 1501 1253; x_wconf 89' lang='lat' dir='ltr'>contingit</span> 
     </span>
     <span class='ocr_line' id='line_1_17' title="bbox 186 1265 1499 1319; baseline -0.005 -13"><span class='ocrx_word' id='word_1_124' title='bbox 186 1270 428 1319; x_wconf 86' lang='lat' dir='ltr'>quandoque</span> <span class='ocrx_word' id='word_1_125' title='bbox 461 1281 531 1317; x_wconf 89' lang='lat' dir='ltr'>per</span> <span class='ocrx_word' id='word_1_126' title='bbox 563 1266 749 1304; x_wconf 89' lang='lat' dir='ltr'>accidens</span> <span class='ocrx_word' id='word_1_127' title='bbox 779 1268 1058 1303; x_wconf 85' lang='lat' dir='ltr'>observantem</span> <span class='ocrx_word' id='word_1_128' title='bbox 1097 1265 1207 1301; x_wconf 86' lang='lat' dir='ltr'>illam</span> <span class='ocrx_word' id='word_1_129' title='bbox 1252 1265 1302 1301; x_wconf 93' lang='lat' dir='ltr'>ad</span> <span class='ocrx_word' id='word_1_130' title='bbox 1340 1272 1499 1311; x_wconf 92' lang='lat' dir='ltr'>tempus</span> 
     </span>
     <span class='ocr_line' id='line_1_18' title="bbox 188 1321 1499 1372; baseline -0.005 -8"><span class='ocrx_word' id='word_1_131' title='bbox 188 1327 392 1364; x_wconf 88' lang='lat' dir='ltr'>modicum</span> <span class='ocrx_word' id='word_1_132' title='bbox 427 1339 510 1363; x_wconf 89' lang='lat' dir='ltr'>esse</span> <span class='ocrx_word' id='word_1_133' title='bbox 548 1326 768 1362; x_wconf 90' lang='lat' dir='ltr'>secundum</span> <span class='ocrx_word' id='word_1_134' title='bbox 807 1324 1040 1372; x_wconf 79' lang='lat' dir='ltr'>religionem</span> <span class='ocrx_word' id='word_1_135' title='bbox 1087 1323 1207 1360; x_wconf 87' lang='lat' dir='ltr'>aliam</span> <span class='ocrx_word' id='word_1_136' title='bbox 1251 1321 1499 1358; x_wconf 85' lang='lat' dir='ltr'>virtuosum?</span> 
     </span>
     <span class='ocr_line' id='line_1_19' title="bbox 187 1379 1500 1432; baseline -0.005 -10"><span class='ocrx_word' id='word_1_137' title='bbox 187 1387 302 1423; x_wconf 86' lang='lat' dir='ltr'>Unde</span> <span class='ocrx_word' id='word_1_138' title='bbox 346 1385 463 1421; x_wconf 84' lang='lat' dir='ltr'>istam</span> <span class='ocrx_word' id='word_1_139' title='bbox 508 1383 858 1432; x_wconf 88' lang='lat' dir='ltr'>impertinenciam</span> <span class='ocrx_word' id='word_1_140' title='bbox 904 1381 1111 1430; x_wconf 76' lang='lat' dir='ltr'>cognoscit</span> <span class='ocrx_word' id='word_1_141' title='bbox 1155 1380 1265 1416; x_wconf 89' lang='lat' dir='ltr'>rudis</span> <span class='ocrx_word' id='word_1_142' title='bbox 1310 1379 1500 1416; x_wconf 89' lang='lat' dir='ltr'>metricus</span> 
     </span>
     <span class='ocr_line' id='line_1_20' title="bbox 186 1443 431 1480; baseline -0.008 0"><span class='ocrx_word' id='word_1_143' title='bbox 186 1443 242 1480; x_wconf 90' lang='lat' dir='ltr'>sic</span> <span class='ocrx_word' id='word_1_144' title='bbox 276 1443 431 1479; x_wconf 87' lang='lat' dir='ltr'>dicens:</span> 
     </span>
     <span class='ocr_line' id='line_1_21' title="bbox 130 1497 1355 1550; baseline -0.003 -15"><span class='ocrx_word' id='word_1_145' title='bbox 130 1513 172 1535; x_wconf 87' lang='lat'>20</span> <span class='ocrx_word' id='word_1_146' title='bbox 245 1501 385 1550; x_wconf 80' lang='lat' dir='ltr'>Ampla</span> <span class='ocrx_word' id='word_1_147' title='bbox 417 1500 567 1537; x_wconf 82' lang='lat' dir='ltr'>cuculla</span> <span class='ocrx_word' id='word_1_148' title='bbox 601 1499 726 1545; x_wconf 78' lang='lat' dir='ltr'>nimis,</span> <span class='ocrx_word' id='word_1_149' title='bbox 759 1499 874 1549; x_wconf 69' lang='lat' dir='ltr'>nigra</span> <span class='ocrx_word' id='word_1_150' title='bbox 910 1498 1036 1541; x_wconf 75' lang='lat' dir='ltr'>vestis,</span> <span class='ocrx_word' id='word_1_151' title='bbox 1069 1498 1154 1532; x_wconf 73' lang='lat' dir='ltr'>bota</span> <span class='ocrx_word' id='word_1_152' title='bbox 1190 1497 1355 1532; x_wconf 74' lang='lat' dir='ltr'>rotunda</span> 
     </span>
    </p>

    <p class='ocr_par' dir='ltr' id='par_1_3' title="bbox 246 1554 1457 1608">
     <span class='ocr_line' id='line_1_22' title="bbox 246 1554 1457 1608; baseline -0.005 -13"><span class='ocrx_word' id='word_1_153' title='bbox 246 1560 331 1595; x_wconf 82' lang='lat' dir='ltr'>Non</span> <span class='ocrx_word' id='word_1_154' title='bbox 354 1558 512 1608; x_wconf 84' lang='lat' dir='ltr'>faciunt</span> <span class='ocrx_word' id='word_1_155' title='bbox 544 1557 788 1602; x_wconf 78' lang='lat' dir='ltr'>monaclzzmz‚</span> <span class='ocrx_word' id='word_1_156' title='bbox 820 1557 888 1592; x_wconf 76' lang='lat' dir='ltr'>sed</span> <span class='ocrx_word' id='word_1_157' title='bbox 921 1568 1026 1591; x_wconf 69' lang='lat' dir='ltr'>mens</span> <span class='ocrx_word' id='word_1_158' title='bbox 1057 1568 1078 1590; x_wconf 77' lang='lat' dir='ltr'>a</span> <span class='ocrx_word' id='word_1_159' title='bbox 1112 1554 1271 1590; x_wconf 78' lang='lat' dir='ltr'>crimine</span> <span class='ocrx_word' id='word_1_160' title='bbox 1303 1554 1457 1589; x_wconf 77' lang='lat' dir='ltr'>munda.</span> 
     </span>
    </p>

    <p class='ocr_par' dir='ltr' id='par_1_4' title="bbox 187 1612 1501 1781">
     <span class='ocr_line' id='line_1_23' title="bbox 243 1612 1499 1664; baseline -0.005 -11"><span class='ocrx_word' id='word_1_161' title='bbox 243 1620 291 1653; x_wconf 89' lang='lat' dir='ltr'>Et</span> <span class='ocrx_word' id='word_1_162' title='bbox 313 1616 467 1653; x_wconf 89' lang='lat' dir='ltr'>utinam</span> <span class='ocrx_word' id='word_1_163' title='bbox 492 1615 665 1664; x_wconf 90' lang='lat' dir='ltr'>religiosi</span> <span class='ocrx_word' id='word_1_164' title='bbox 688 1614 833 1663; x_wconf 87' lang='lat' dir='ltr'>privati</span> <span class='ocrx_word' id='word_1_165' title='bbox 854 1613 981 1650; x_wconf 87' lang='lat' dir='ltr'>nostri</span> <span class='ocrx_word' id='word_1_166' title='bbox 997 1612 1269 1650; x_wconf 88' lang='lat' dir='ltr'>consentirent</span> <span class='ocrx_word' id='word_1_167' title='bbox 1289 1612 1499 1648; x_wconf 87' lang='lat' dir='ltr'>nobiscum</span> 
     </span>
     <span class='ocr_line' id='line_1_24' title="bbox 187 1670 1499 1723; baseline -0.005 -11"><span class='ocrx_word' id='word_1_168' title='bbox 187 1676 226 1712; x_wconf 88' lang='lat' dir='ltr'>in</span> <span class='ocrx_word' id='word_1_169' title='bbox 260 1675 450 1723; x_wconf 84' lang='lat' dir='ltr'>religione</span> <span class='ocrx_word' id='word_1_170' title='bbox 483 1673 701 1711; x_wconf 86' lang='lat' dir='ltr'>christiana</span> <span class='ocrx_word' id='word_1_171' title='bbox 740 1671 946 1710; x_wconf 88' lang='lat' dir='ltr'>communi</span> <span class='ocrx_word' id='word_1_172' title='bbox 987 1680 1024 1708; x_wconf 92' lang='lat' dir='ltr'>et</span> <span class='ocrx_word' id='word_1_173' title='bbox 1068 1671 1244 1707; x_wconf 86' lang='lat' dir='ltr'>viverent</span> <span class='ocrx_word' id='word_1_174' title='bbox 1288 1670 1499 1706; x_wconf 89' lang='lat' dir='ltr'>nobiscum</span> 
     </span>
     <span class='ocr_line' id='line_1_25' title="bbox 187 1727 1501 1781; baseline -0.005 -11"><span class='ocrx_word' id='word_1_175' title='bbox 187 1744 228 1770; x_wconf 89' lang='lat' dir='ltr'>ut</span> <span class='ocrx_word' id='word_1_176' title='bbox 257 1746 358 1770; x_wconf 86' lang='lat' dir='ltr'>unus</span> <span class='ocrx_word' id='word_1_177' title='bbox 386 1733 572 1781; x_wconf 74' lang='lat' dir='ltr'>populus,</span> <span class='ocrx_word' id='word_1_178' title='bbox 607 1743 816 1781; x_wconf 89' lang='lat' dir='ltr'>quousque</span> <span class='ocrx_word' id='word_1_179' title='bbox 849 1729 1108 1779; x_wconf 83' lang='lat' dir='ltr'>probaverint</span> <span class='ocrx_word' id='word_1_180' title='bbox 1141 1727 1357 1765; x_wconf 84' lang='lat' dir='ltr'>efficaciter</span> <span class='ocrx_word' id='word_1_181' title='bbox 1390 1727 1501 1764; x_wconf 84' lang='lat' dir='ltr'>habi-</span> 
     </span>
    </p>

    <p class='ocr_par' dir='ltr' id='par_1_5' title="bbox 130 1787 1232 1838">
     <span class='ocr_line' id='line_1_26' title="bbox 130 1787 1232 1838; baseline -0.006 -9"><span class='ocrx_word' id='word_1_182' title='bbox 130 1793 169 1825; x_wconf 83' lang='lat'>25</span> <span class='ocrx_word' id='word_1_183' title='bbox 187 1792 367 1829; x_wconf 86' lang='lat' dir='ltr'>tudinem</span> <span class='ocrx_word' id='word_1_184' title='bbox 401 1803 471 1828; x_wconf 89' lang='lat' dir='ltr'>sue</span> <span class='ocrx_word' id='word_1_185' title='bbox 503 1789 706 1838; x_wconf 85' lang='lat' dir='ltr'>religionis</span> <span class='ocrx_word' id='word_1_186' title='bbox 739 1788 937 1826; x_wconf 88' lang='lat' dir='ltr'>sensibilis</span> <span class='ocrx_word' id='word_1_187' title='bbox 971 1789 1021 1824; x_wconf 90' lang='lat' dir='ltr'>ad</span> <span class='ocrx_word' id='word_1_188' title='bbox 1054 1787 1232 1824; x_wconf 87' lang='lat' dir='ltr'>virtutes.</span> 
     </span>
    </p>

    <p class='ocr_par' dir='ltr' id='par_1_6' title="bbox 186 1844 1780 2073">
     <span class='ocr_line' id='line_1_27' title="bbox 246 1844 1780 1898; baseline -0.007 -12"><span class='ocrx_word' id='word_1_189' title='bbox 246 1853 356 1891; x_wconf 77' lang='lat' dir='ltr'>Item,</span> <span class='ocrx_word' id='word_1_190' title='bbox 401 1849 433 1885; x_wconf 87' lang='lat' dir='ltr'>si</span> <span class='ocrx_word' id='word_1_191' title='bbox 465 1848 609 1898; x_wconf 88' lang='lat' dir='ltr'>aliquis</span> <span class='ocrx_word' id='word_1_192' title='bbox 654 1847 752 1884; x_wconf 89' lang='lat' dir='ltr'>ritus</span> <span class='ocrx_word' id='word_1_193' title='bbox 796 1845 990 1883; x_wconf 87' lang='lat' dir='ltr'>sensibilis</span> <span class='ocrx_word' id='word_1_194' title='bbox 1022 1845 1159 1882; x_wconf 88' lang='lat' dir='ltr'>virtuti</span> <span class='ocrx_word' id='word_1_195' title='bbox 1204 1844 1253 1881; x_wconf 88' lang='lat' dir='ltr'>sit</span> <span class='ocrx_word' id='word_1_196' title='bbox 1298 1844 1500 1892; x_wconf 85' lang='lat' dir='ltr'>pertinens</span> <span class='ocrx_word' id='word_1_197' title='bbox 1530 1848 1656 1887; x_wconf 23' lang='lat' dir='ltr'>{tjtlinere</span> <span class='ocrx_word' id='word_1_198' title='bbox 1676 1848 1701 1875; x_wconf 70' lang='lat' dir='ltr'>is</span> <span class='ocrx_word' id='word_1_199' title='bbox 1723 1857 1780 1887; x_wconf 62' lang='lat' dir='ltr'>any</span> 
     </span>
     <span class='ocr_line' id='line_1_28' title="bbox 187 1883 1780 1958; baseline -0.005 -14"><span class='ocrx_word' id='word_1_200' title='bbox 187 1907 394 1958; x_wconf 87' lang='lat' dir='ltr'>potissime</span> <span class='ocrx_word' id='word_1_201' title='bbox 434 1907 534 1944; x_wconf 91' lang='lat' dir='ltr'>foret</span> <span class='ocrx_word' id='word_1_202' title='bbox 573 1906 773 1954; x_wconf 84' lang='lat' dir='ltr'>obligacio</span> <span class='ocrx_word' id='word_1_203' title='bbox 812 1907 862 1942; x_wconf 89' lang='lat' dir='ltr'>ad</span> <span class='ocrx_word' id='word_1_204' title='bbox 896 1903 1124 1941; x_wconf 79' lang='lat' dir='ltr'>doctrinam</span> <span class='ocrx_word' id='word_1_205' title='bbox 1160 1902 1428 1950; x_wconf 88' lang='lat' dir='ltr'>theologicam</span> <span class='ocrx_word' id='word_1_206' title='bbox 1464 1911 1500 1938; x_wconf 91' lang='lat' dir='ltr'>et</span> <span class='ocrx_word' id='word_1_207' title='bbox 1526 1883 1780 1945; x_wconf 49' lang='lat' dir='ltr'>b¹¹¹1f3¹ffiflts¹2ff¹t</span> 
     </span>
     <span class='ocr_line' id='line_1_29' title="bbox 188 1956 1724 2003; baseline -0.006 0"><span class='ocrx_word' id='word_1_208' title='bbox 188 1965 403 2003; x_wconf 77' lang='lat' dir='ltr'>mundialis</span> <span class='ocrx_word' id='word_1_209' title='bbox 427 1965 588 2002; x_wconf 86' lang='lat' dir='ltr'>reliccio</span> <span class='ocrx_word' id='word_1_210' title='bbox 613 1964 803 2001; x_wconf 88' lang='lat' dir='ltr'>secularis</span> <span class='ocrx_word' id='word_1_211' title='bbox 833 1962 1015 2003; x_wconf 81' lang='lat' dir='ltr'>dominii,</span> <span class='ocrx_word' id='word_1_212' title='bbox 1051 1961 1152 1998; x_wconf 88' lang='lat' dir='ltr'>sicut</span> <span class='ocrx_word' id='word_1_213' title='bbox 1175 1961 1357 1998; x_wconf 88' lang='lat' dir='ltr'>Christus</span> <span class='ocrx_word' id='word_1_214' title='bbox 1382 1969 1418 1996; x_wconf 92' lang='lat' dir='ltr'>et</span> <span class='ocrx_word' id='word_1_215' title='bbox 1441 1959 1501 1996; x_wconf 88' lang='lat' dir='ltr'>sui</span> <span class='ocrx_word' id='word_1_216' title='bbox 1588 1956 1724 1989; x_wconf 61' lang='lat' dir='ltr'>poverty.</span> 
     </span>
     <span class='ocr_line' id='line_1_30' title="bbox 186 2017 1501 2073; baseline -0.006 -12"><span class='ocrx_word' id='word_1_217' title='bbox 186 2023 358 2073; x_wconf 86' lang='lat' dir='ltr'>apostoli</span> <span class='ocrx_word' id='word_1_218' title='bbox 383 2024 642 2072; x_wconf 88' lang='lat' dir='ltr'>reliquerunt.</span> <span class='ocrx_word' id='word_1_219' title='bbox 677 2024 753 2059; x_wconf 86' lang='lat' dir='ltr'>Sed</span> <span class='ocrx_word' id='word_1_220' title='bbox 787 2022 874 2070; x_wconf 83' lang='lat' dir='ltr'>quis</span> <span class='ocrx_word' id='word_1_221' title='bbox 908 2021 946 2057; x_wconf 91' lang='lat' dir='ltr'>in</span> <span class='ocrx_word' id='word_1_222' title='bbox 979 2019 1239 2057; x_wconf 81' lang='lat' dir='ltr'>observancia</span> <span class='ocrx_word' id='word_1_223' title='bbox 1271 2019 1347 2055; x_wconf 83' lang='lat' dir='ltr'>ista</span> <span class='ocrx_word' id='word_1_224' title='bbox 1379 2017 1501 2054; x_wconf 89' lang='lat' dir='ltr'>sensi-</span> 
     </span>
    </p>

    <p class='ocr_par' dir='ltr' id='par_1_7' title="bbox 92 2076 1502 2441">
     <span class='ocr_line' id='line_1_31' title="bbox 127 2076 1500 2130; baseline -0.006 -11"><span class='ocrx_word' id='word_1_225' title='bbox 127 2081 171 2114; x_wconf 86' lang='lat'>30</span> <span class='ocrx_word' id='word_1_226' title='bbox 188 2083 255 2119; x_wconf 90' lang='lat' dir='ltr'>bili</span> <span class='ocrx_word' id='word_1_227' title='bbox 290 2081 484 2130; x_wconf 87' lang='lat' dir='ltr'>religiosis</span> <span class='ocrx_word' id='word_1_228' title='bbox 518 2080 841 2118; x_wconf 87' lang='lat' dir='ltr'>habundantibus</span> <span class='ocrx_word' id='word_1_229' title='bbox 879 2079 919 2115; x_wconf 92' lang='lat' dir='ltr'>in</span> <span class='ocrx_word' id='word_1_230' title='bbox 959 2078 1209 2127; x_wconf 82' lang='lat' dir='ltr'>possessione</span> <span class='ocrx_word' id='word_1_231' title='bbox 1248 2076 1369 2113; x_wconf 88' lang='lat' dir='ltr'>seculi</span> <span class='ocrx_word' id='word_1_232' title='bbox 1409 2089 1500 2112; x_wconf 87' lang='lat' dir='ltr'>cum</span> 
     </span>
     <span class='ocr_line' id='line_1_32' title="bbox 186 2134 1501 2188; baseline -0.005 -11"><span class='ocrx_word' id='word_1_233' title='bbox 186 2141 273 2178; x_wconf 84' lang='lat' dir='ltr'>aliis</span> <span class='ocrx_word' id='word_1_234' title='bbox 307 2139 628 2176; x_wconf 90' lang='lat' dir='ltr'>mendicantibus</span> <span class='ocrx_word' id='word_1_235' title='bbox 659 2139 748 2188; x_wconf 88' lang='lat' dir='ltr'>plus</span> <span class='ocrx_word' id='word_1_236' title='bbox 778 2137 997 2187; x_wconf 77' lang='lat' dir='ltr'>delinquit?</span> <span class='ocrx_word' id='word_1_237' title='bbox 1030 2140 1132 2173; x_wconf 87' lang='lat' dir='ltr'>Nam</span> <span class='ocrx_word' id='word_1_238' title='bbox 1162 2134 1282 2184; x_wconf 88' lang='lat' dir='ltr'>primi</span> <span class='ocrx_word' id='word_1_239' title='bbox 1311 2135 1501 2171; x_wconf 88' lang='lat' dir='ltr'>anhelant</span> 
     </span>
     <span class='ocr_line' id='line_1_33' title="bbox 186 2192 1499 2247; baseline -0.005 -12"><span class='ocrx_word' id='word_1_240' title='bbox 186 2201 236 2236; x_wconf 89' lang='lat' dir='ltr'>ad</span> <span class='ocrx_word' id='word_1_241' title='bbox 270 2200 417 2247; x_wconf 90' lang='lat' dir='ltr'>dogma</span> <span class='ocrx_word' id='word_1_242' title='bbox 450 2198 563 2234; x_wconf 87' lang='lat' dir='ltr'>civile</span> <span class='ocrx_word' id='word_1_243' title='bbox 602 2206 638 2234; x_wconf 90' lang='lat' dir='ltr'>et</span> <span class='ocrx_word' id='word_1_244' title='bbox 678 2196 1017 2246; x_wconf 81' lang='lat' dir='ltr'>philosophicum,</span> <span class='ocrx_word' id='word_1_245' title='bbox 1057 2207 1213 2231; x_wconf 87' lang='lat' dir='ltr'>sacram</span> <span class='ocrx_word' id='word_1_246' title='bbox 1254 2192 1499 2241; x_wconf 88' lang='lat' dir='ltr'>theologiam</span> 
     </span>
     <span class='ocr_line' id='line_1_34' title="bbox 187 2250 1500 2305; baseline -0.005 -12"><span class='ocrx_word' id='word_1_247' title='bbox 187 2266 223 2294; x_wconf 89' lang='lat' dir='ltr'>et</span> <span class='ocrx_word' id='word_1_248' title='bbox 247 2256 439 2293; x_wconf 88' lang='lat' dir='ltr'>sciencias</span> <span class='ocrx_word' id='word_1_249' title='bbox 462 2256 561 2293; x_wconf 88' lang='lat' dir='ltr'>alias</span> <span class='ocrx_word' id='word_1_250' title='bbox 585 2268 661 2305; x_wconf 92' lang='lat' dir='ltr'>que</span> <span class='ocrx_word' id='word_1_251' title='bbox 685 2255 880 2292; x_wconf 89' lang='lat' dir='ltr'>direccius</span> <span class='ocrx_word' id='word_1_252' title='bbox 896 2253 972 2290; x_wconf 90' lang='lat' dir='ltr'>sibi</span> <span class='ocrx_word' id='word_1_253' title='bbox 988 2252 1240 2289; x_wconf 86' lang='lat' dir='ltr'>subserviunt</span> <span class='ocrx_word' id='word_1_254' title='bbox 1255 2250 1500 2295; x_wconf 84' lang='lat' dir='ltr'>omittentes,</span> 
     </span>
     <span class='ocr_line' id='line_1_35' title="bbox 94 2309 1502 2381; baseline -0.006 -29"><span class='ocrx_word' id='word_1_255' title='bbox 94 2350 118 2381; x_wconf 74' lang='lat' dir='ltr'>F</span> <span class='ocrx_word' id='word_1_256' title='bbox 149 2349 157 2380; x_wconf 71' lang='grc'>1</span> <span class='ocrx_word' id='word_1_257' title='bbox 186 2324 224 2352; x_wconf 88' lang='lat' dir='ltr'>et</span> <span class='ocrx_word' id='word_1_258' title='bbox 256 2314 494 2363; x_wconf 83' lang='lat' dir='ltr'>generaliter</span> <span class='ocrx_word' id='word_1_259' title='bbox 525 2326 665 2351; x_wconf 88' lang='lat' dir='ltr'>omnes</span> <span class='ocrx_word' id='word_1_260' title='bbox 698 2312 910 2361; x_wconf 86' lang='lat' dir='ltr'>religiones</span> <span class='ocrx_word' id='word_1_261' title='bbox 942 2311 1096 2360; x_wconf 86' lang='lat' dir='ltr'>private</span> <span class='ocrx_word' id='word_1_262' title='bbox 1129 2309 1287 2358; x_wconf 87' lang='lat' dir='ltr'>palacia</span> <span class='ocrx_word' id='word_1_263' title='bbox 1310 2322 1387 2358; x_wconf 89' lang='lat' dir='ltr'>que</span> <span class='ocrx_word' id='word_1_264' title='bbox 1410 2317 1502 2345; x_wconf 89' lang='lat' dir='ltr'>sunt</span> 
     </span>
     <span class='ocr_line' id='line_1_36' title="bbox 92 2360 1502 2441; baseline -0.006 -30"><span class='ocrx_word' id='word_1_265' title='bbox 92 2360 170 2441; x_wconf 57' lang='lat' dir='ltr'>¹905AE</span> <span class='ocrx_word' id='word_1_266' title='bbox 185 2373 299 2421; x_wconf 85' lang='lat' dir='ltr'>signa</span> <span class='ocrx_word' id='word_1_267' title='bbox 331 2385 400 2409; x_wconf 87' lang='lat' dir='ltr'>sue</span> <span class='ocrx_word' id='word_1_268' title='bbox 432 2381 624 2421; x_wconf 84' lang='lat' dir='ltr'>perpetue</span> <span class='ocrx_word' id='word_1_269' title='bbox 648 2370 867 2408; x_wconf 88' lang='lat' dir='ltr'>mansionis</span> <span class='ocrx_word' id='word_1_270' title='bbox 890 2370 930 2406; x_wconf 91' lang='lat' dir='ltr'>in</span> <span class='ocrx_word' id='word_1_271' title='bbox 951 2369 1067 2406; x_wconf 89' lang='lat' dir='ltr'>terris</span> <span class='ocrx_word' id='word_1_272' title='bbox 1096 2366 1099 2420; x_wconf 86' lang='grc' dir='ltr'>Ι</span> <span class='ocrx_word' id='word_1_273' title='bbox 1130 2376 1368 2405; x_wconf 86' lang='lat' dir='ltr'>construunt</span> <span class='ocrx_word' id='word_1_274' title='bbox 1399 2366 1502 2403; x_wconf 87' lang='lat' dir='ltr'>sicut</span> 
     </span>
    </p>
   </div>
   <div class='ocr_carea' id='block_1_3' title="bbox 185 2424 1501 2480">
    <p class='ocr_par' dir='ltr' id='par_1_8' title="bbox 185 2424 1501 2480">
     <span class='ocr_line' id='line_1_37' title="bbox 185 2424 1501 2480; baseline -0.005 -12"><span class='ocrx_word' id='word_1_275' title='bbox 185 2443 308 2480; x_wconf 83' lang='lat' dir='ltr'>regeS.</span> <span class='ocrx_word' id='word_1_276' title='bbox 359 2430 567 2480; x_wconf 91' lang='lat' dir='ltr'>Numquid</span> <span class='ocrx_word' id='word_1_277' title='bbox 599 2429 792 2475; x_wconf 86' lang='lat' dir='ltr'>Christus,</span> <span class='ocrx_word' id='word_1_278' title='bbox 827 2427 1007 2477; x_wconf 88' lang='lat' dir='ltr'>Baptista</span> <span class='ocrx_word' id='word_1_279' title='bbox 1042 2427 1105 2464; x_wconf 89' lang='lat' dir='ltr'>vel</span> <span class='ocrx_word' id='word_1_280' title='bbox 1143 2439 1282 2464; x_wconf 89' lang='lat' dir='ltr'>eorum</span> <span class='ocrx_word' id='word_1_281' title='bbox 1316 2424 1501 2474; x_wconf 89' lang='lat' dir='ltr'>discipuli</span> 
     </span>
    </p>
   </div>
   <div class='ocr_carea' id='block_1_4' title="bbox 186 2547 1503 2622">
    <p class='ocr_par' dir='ltr' id='par_1_9' title="bbox 186 2547 1503 2622">
     <span class='ocr_line' id='line_1_38' title="bbox 255 2547 1499 2586; baseline -0.006 -5"><span class='ocrx_word' id='word_1_282' title='bbox 255 2561 280 2581; x_wconf 80' lang='lat'>2.</span> <span class='ocrx_word' id='word_1_283' title='bbox 302 2554 347 2581; x_wconf 88' lang='lat' dir='ltr'>A:</span> <span class='ocrx_word' id='word_1_284' title='bbox 368 2552 450 2580; x_wconf 88' lang='lat' dir='ltr'>enim</span> <span class='ocrx_word' id='word_1_285' title='bbox 471 2552 572 2586; x_wconf 83' lang='lat' dir='ltr'>deest;</span> <span class='ocrx_word' id='word_1_286' title='bbox 593 2552 633 2580; x_wconf 88' lang='lat' dir='ltr'>ib.</span> <span class='ocrx_word' id='word_1_287' title='bbox 648 2552 693 2579; x_wconf 89' lang='lat' dir='ltr'>A:</span> <span class='ocrx_word' id='word_1_288' title='bbox 716 2551 854 2583; x_wconf 79' lang='lat' dir='ltr'>officere:</span> <span class='ocrx_word' id='word_1_289' title='bbox 875 2550 916 2578; x_wconf 88' lang='lat' dir='ltr'>ib.</span> <span class='ocrx_word' id='word_1_290' title='bbox 932 2550 1000 2578; x_wconf 88' lang='lat' dir='ltr'>DE:</span> <span class='ocrx_word' id='word_1_291' title='bbox 1022 2549 1104 2586; x_wconf 82' lang='lat' dir='ltr'>quod</span> <span class='ocrx_word' id='word_1_292' title='bbox 1126 2553 1173 2581; x_wconf 69' lang='lat' dir='ltr'>ut:</span> <span class='ocrx_word' id='word_1_293' title='bbox 1195 2549 1235 2576; x_wconf 87' lang='lat' dir='ltr'>ib.</span> <span class='ocrx_word' id='word_1_294' title='bbox 1251 2547 1319 2575; x_wconf 88' lang='lat' dir='ltr'>DE:</span> <span class='ocrx_word' id='word_1_295' title='bbox 1341 2547 1499 2575; x_wconf 84' lang='lat' dir='ltr'>interrent.</span> 
     </span>
     <span class='ocr_line' id='line_1_39' title="bbox 186 2582 1503 2622; baseline -0.005 -6"><span class='ocrx_word' id='word_1_296' title='bbox 186 2589 210 2616; x_wconf 88' lang='lat'>5.</span> <span class='ocrx_word' id='word_1_297' title='bbox 231 2588 287 2616; x_wconf 84' lang='lat' dir='ltr'>AE</span> <span class='ocrx_word' id='word_1_298' title='bbox 306 2588 336 2616; x_wconf 91' lang='lat' dir='ltr'>in</span> <span class='ocrx_word' id='word_1_299' title='bbox 357 2596 424 2615; x_wconf 85' lang='lat' dir='ltr'>mar</span> <span class='ocrx_word' id='word_1_300' title='bbox 448 2597 471 2615; x_wconf 87' lang='lat'>.:</span> <span class='ocrx_word' id='word_1_301' title='bbox 493 2587 524 2621; x_wconf 82' lang='lat'>53</span> <span class='ocrx_word' id='word_1_302' title='bbox 544 2587 585 2614; x_wconf 92' lang='lat' dir='ltr'>ib.</span> <span class='ocrx_word' id='word_1_303' title='bbox 601 2587 645 2614; x_wconf 89' lang='lat' dir='ltr'>A:</span> <span class='ocrx_word' id='word_1_304' title='bbox 667 2585 798 2622; x_wconf 88' lang='lat' dir='ltr'>triplici;</span> <span class='ocrx_word' id='word_1_305' title='bbox 822 2585 861 2613; x_wconf 89' lang='lat' dir='ltr'>ib.</span> <span class='ocrx_word' id='word_1_306' title='bbox 883 2584 952 2613; x_wconf 85' lang='lat' dir='ltr'>talis</span> <span class='ocrx_word' id='word_1_307' title='bbox 973 2585 1037 2612; x_wconf 90' lang='lat' dir='ltr'>scil.</span> <span class='ocrx_word' id='word_1_308' title='bbox 1060 2584 1194 2611; x_wconf 83' lang='lat' dir='ltr'>habitus.</span> <span class='ocrx_word' id='word_1_309' title='bbox 1251 2583 1280 2617; x_wconf 84' lang='lat'>6,</span> <span class='ocrx_word' id='word_1_310' title='bbox 1296 2591 1322 2618; x_wconf 87' lang='lat'>7.</span> <span class='ocrx_word' id='word_1_311' title='bbox 1338 2582 1408 2610; x_wconf 86' lang='lat' dir='ltr'>DE:</span> <span class='ocrx_word' id='word_1_312' title='bbox 1430 2590 1503 2617; x_wconf 87' lang='lat' dir='ltr'>pro-</span> 
     </span>
    </p>
   </div>
   <div class='ocr_carea' id='block_1_5' title="bbox 184 2617 1502 2758">
    <p class='ocr_par' dir='ltr' id='par_1_10' title="bbox 184 2617 1502 2758">
     <span class='ocr_line' id='line_1_40' title="bbox 185 2617 1502 2657; baseline -0.005 -7"><span class='ocrx_word' id='word_1_313' title='bbox 185 2627 325 2655; x_wconf 73' lang='lat' dir='ltr'>movent:</span> <span class='ocrx_word' id='word_1_314' title='bbox 355 2622 395 2650; x_wconf 88' lang='lat' dir='ltr'>ib.</span> <span class='ocrx_word' id='word_1_315' title='bbox 465 2622 495 2650; x_wconf 88' lang='lat' dir='ltr'>in</span> <span class='ocrx_word' id='word_1_316' title='bbox 515 2629 632 2657; x_wconf 61' lang='lat' dir='ltr'>marg:</span> <span class='ocrx_word' id='word_1_317' title='bbox 663 2620 745 2649; x_wconf 88' lang='lat' dir='ltr'>Nota</span> <span class='ocrx_word' id='word_1_318' title='bbox 765 2620 905 2648; x_wconf 83' lang='lat' dir='ltr'>raciones</span> <span class='ocrx_word' id='word_1_319' title='bbox 925 2624 1032 2647; x_wconf 85' lang='lat' dir='ltr'>contra</span> <span class='ocrx_word' id='word_1_320' title='bbox 1052 2627 1161 2646; x_wconf 86' lang='lat' dir='ltr'>omnes</span> <span class='ocrx_word' id='word_1_321' title='bbox 1181 2617 1344 2653; x_wconf 79' lang='lat' dir='ltr'>religiones</span> <span class='ocrx_word' id='word_1_322' title='bbox 1366 2617 1502 2652; x_wconf 85' lang='lat' dir='ltr'>privatas</span> 
     </span>
     <span class='ocr_line' id='line_1_41' title="bbox 185 2650 1499 2693; baseline -0.005 -8"><span class='ocrx_word' id='word_1_323' title='bbox 185 2658 214 2685; x_wconf 89' lang='lat' dir='ltr'>in</span> <span class='ocrx_word' id='word_1_324' title='bbox 236 2657 380 2693; x_wconf 80' lang='lat' dir='ltr'>generali.</span> <span class='ocrx_word' id='word_1_325' title='bbox 456 2657 484 2684; x_wconf 82' lang='lat'>8.</span> <span class='ocrx_word' id='word_1_326' title='bbox 505 2656 575 2684; x_wconf 87' lang='lat' dir='ltr'>DE:</span> <span class='ocrx_word' id='word_1_327' title='bbox 596 2656 642 2683; x_wconf 89' lang='lat' dir='ltr'>vel</span> <span class='ocrx_word' id='word_1_328' title='bbox 663 2655 757 2683; x_wconf 86' lang='lat' dir='ltr'>deest.</span> <span class='ocrx_word' id='word_1_329' title='bbox 832 2662 870 2682; x_wconf 82' lang='lat'>12.</span> <span class='ocrx_word' id='word_1_330' title='bbox 890 2655 934 2682; x_wconf 90' lang='lat' dir='ltr'>A:</span> <span class='ocrx_word' id='word_1_331' title='bbox 958 2653 1181 2690; x_wconf 85' lang='lat' dir='ltr'>consequencie</span> <span class='ocrx_word' id='word_1_332' title='bbox 1201 2653 1296 2680; x_wconf 86' lang='lat' dir='ltr'>deest.</span> <span class='ocrx_word' id='word_1_333' title='bbox 1372 2650 1409 2678; x_wconf 81' lang='lat'>13.</span> <span class='ocrx_word' id='word_1_334' title='bbox 1429 2651 1499 2678; x_wconf 89' lang='lat' dir='ltr'>DE:</span> 
     </span>
     <span class='ocr_line' id='line_1_42' title="bbox 185 2686 1498 2726; baseline -0.006 -6"><span class='ocrx_word' id='word_1_335' title='bbox 185 2693 374 2720; x_wconf 75' lang='lat' dir='ltr'>interiorem.</span> <span class='ocrx_word' id='word_1_336' title='bbox 453 2691 491 2719; x_wconf 84' lang='lat'>15.</span> <span class='ocrx_word' id='word_1_337' title='bbox 506 2692 551 2719; x_wconf 87' lang='lat' dir='ltr'>A:</span> <span class='ocrx_word' id='word_1_338' title='bbox 573 2699 627 2726; x_wconf 85' lang='lat' dir='ltr'>per</span> <span class='ocrx_word' id='word_1_339' title='bbox 646 2690 714 2718; x_wconf 86' lang='lat' dir='ltr'>hoc.</span> <span class='ocrx_word' id='word_1_340' title='bbox 788 2698 830 2726; x_wconf 88' lang='lat'>19.</span> <span class='ocrx_word' id='word_1_341' title='bbox 846 2691 890 2717; x_wconf 94' lang='lat' dir='ltr'>A:</span> <span class='ocrx_word' id='word_1_342' title='bbox 913 2689 986 2716; x_wconf 86' lang='lat' dir='ltr'>dum</span> <span class='ocrx_word' id='word_1_343' title='bbox 1008 2688 1051 2716; x_wconf 92' lang='lat' dir='ltr'>sic</span> <span class='ocrx_word' id='word_1_344' title='bbox 1072 2688 1162 2722; x_wconf 89' lang='lat' dir='ltr'>dicit;</span> <span class='ocrx_word' id='word_1_345' title='bbox 1182 2687 1224 2715; x_wconf 88' lang='lat' dir='ltr'>ib.</span> <span class='ocrx_word' id='word_1_346' title='bbox 1239 2687 1323 2715; x_wconf 89' lang='lat' dir='ltr'>ADE</span> <span class='ocrx_word' id='word_1_347' title='bbox 1337 2686 1367 2714; x_wconf 89' lang='lat' dir='ltr'>in</span> <span class='ocrx_word' id='word_1_348' title='bbox 1384 2694 1498 2721; x_wconf 68' lang='lat' dir='ltr'>marg:</span> 
     </span>
     <span class='ocr_line' id='line_1_43' title="bbox 184 2722 1500 2758; baseline -0.005 -4"><span class='ocrx_word' id='word_1_349' title='bbox 184 2727 313 2754; x_wconf 84' lang='lat' dir='ltr'>Versus.</span> <span class='ocrx_word' id='word_1_350' title='bbox 417 2734 463 2754; x_wconf 83' lang='lat'>20.</span> <span class='ocrx_word' id='word_1_351' title='bbox 485 2726 554 2753; x_wconf 83' lang='lat' dir='ltr'>DE:</span> <span class='ocrx_word' id='word_1_352' title='bbox 576 2734 626 2753; x_wconf 87' lang='lat' dir='ltr'>ma</span> <span class='ocrx_word' id='word_1_353' title='bbox 649 2733 687 2752; x_wconf 88' lang='lat' dir='ltr'>na</span> <span class='ocrx_word' id='word_1_354' title='bbox 706 2724 811 2752; x_wconf 87' lang='lat' dir='ltr'>vestis.</span> <span class='ocrx_word' id='word_1_355' title='bbox 912 2731 956 2751; x_wconf 81' lang='lat'>22.</span> <span class='ocrx_word' id='word_1_356' title='bbox 976 2724 1021 2751; x_wconf 90' lang='lat' dir='ltr'>A:</span> <span class='ocrx_word' id='word_1_357' title='bbox 1043 2722 1179 2758; x_wconf 84' lang='lat' dir='ltr'>religiosi</span> <span class='ocrx_word' id='word_1_358' title='bbox 1200 2722 1296 2750; x_wconf 82' lang='lat' dir='ltr'>deest.</span> <span class='ocrx_word' id='word_1_359' title='bbox 1404 2730 1434 2755; x_wconf 82' lang='lat'>4.</span> <span class='ocrx_word' id='word_1_360' title='bbox 1455 2722 1500 2748; x_wconf 91' lang='lat' dir='ltr'>A·</span> 
     </span>
    </p>
   </div>
   <div class='ocr_carea' id='block_1_6' title="bbox 185 2729 1501 2824">
    <p class='ocr_par' dir='ltr' id='par_1_11' title="bbox 185 2729 1501 2824">
     <span class='ocr_line' id='line_1_44' title="bbox 185 2729 1501 2824; baseline -0.005 -34"><span class='ocrx_word' id='word_1_361' title='bbox 185 2761 436 2824; x_wconf 46' lang='grc' dir='ltr'>ξῇῑὲιτὲὶῐξιν-Έξίηί.</span> <span class='ocrx_word' id='word_1_362' title='bbox 525 2760 574 2788; x_wconf 82' lang='grc'>26.</span> <span class='ocrx_word' id='word_1_363' title='bbox 588 2761 616 2789; x_wconf 88' lang='grc' dir='ltr'>Α</span> <span class='ocrx_word' id='word_1_364' title='bbox 663 2760 693 2787; x_wconf 91' lang='lat' dir='ltr'>in</span> <span class='ocrx_word' id='word_1_365' title='bbox 715 2768 828 2795; x_wconf 48' lang='lat' dir='ltr'>marga</span> <span class='ocrx_word' id='word_1_366' title='bbox 851 2767 880 2795; x_wconf 88' lang='lat'>9.</span> <span class='ocrx_word' id='word_1_367' title='bbox 970 2758 1015 2786; x_wconf 85' lang='lat'>32.</span> <span class='ocrx_word' id='word_1_368' title='bbox 1035 2759 1080 2786; x_wconf 89' lang='lat' dir='ltr'>A:</span> <span class='ocrx_word' id='word_1_369' title='bbox 1102 2757 1277 2794; x_wconf 90' lang='lat' dir='ltr'>physicum.</span> <span class='ocrx_word' id='word_1_370' title='bbox 1362 2729 1409 2783; x_wconf 68' lang='lat'>362.</span> <span class='ocrx_word' id='word_1_371' title='bbox 1430 2755 1501 2784; x_wconf 89' lang='lat' dir='ltr'>DE·</span> 
     </span>
     <span class='ocr_line' id='line_1_45' title="bbox 188 2805 424 2824; baseline -0.004 0"><span class='ocrx_word' id='word_1_372' title='bbox 188 2809 196 2824; x_wconf 72' lang='lat' dir='ltr'>l</span> <span class='ocrx_word' id='word_1_373' title='bbox 321 2805 361 2823; x_wconf 81' lang='lat' dir='ltr'>ris</span> <span class='ocrx_word' id='word_1_374' title='bbox 377 2805 424 2824; x_wconf 86' lang='lat' dir='ltr'>us.</span> 
     </span>
    </p>
   </div>
   <div class='ocr_carea' id='block_1_7' title="bbox 187 2859 1502 2956">
    <p class='ocr_par' dir='ltr' id='par_1_12' title="bbox 187 2859 1502 2956">
     <span class='ocr_line' id='line_1_46' title="bbox 258 2859 1502 2909; baseline -0.006 -10"><span class='ocrx_word' id='word_1_375' title='bbox 258 2878 310 2900; x_wconf 63' lang='grc' dir='ltr'>πο.</span> <span class='ocrx_word' id='word_1_376' title='bbox 345 2866 397 2899; x_wconf 86' lang='lat' dir='ltr'>Cf.</span> <span class='ocrx_word' id='word_1_377' title='bbox 428 2865 600 2899; x_wconf 83' lang='lat' dir='ltr'>Johannis</span> <span class='ocrx_word' id='word_1_378' title='bbox 628 2865 771 2909; x_wconf 81' lang='lat' dir='ltr'>Wyclif,</span> <span class='ocrx_word' id='word_1_379' title='bbox 804 2866 854 2898; x_wconf 87' lang='lat' dir='ltr'>De</span> <span class='ocrx_word' id='word_1_380' title='bbox 889 2864 1049 2904; x_wconf 81' lang='lat' dir='ltr'>Quatuor</span> <span class='ocrx_word' id='word_1_381' title='bbox 1081 2863 1192 2896; x_wconf 77' lang='lat' dir='ltr'>Sectis</span> <span class='ocrx_word' id='word_1_382' title='bbox 1229 2862 1391 2901; x_wconf 83' lang='lat' dir='ltr'>novellis,</span> <span class='ocrx_word' id='word_1_383' title='bbox 1423 2859 1502 2896; x_wconf 84' lang='lat' dir='ltr'>Pol.</span> 
     </span>
     <span class='ocr_line' id='line_1_47' title="bbox 187 2912 543 2956; baseline -0.003 -10"><span class='ocrx_word' id='word_1_384' title='bbox 187 2914 332 2953; x_wconf 84' lang='lat' dir='ltr'>Works,</span> <span class='ocrx_word' id='word_1_385' title='bbox 358 2923 436 2956; x_wconf 86' lang='lat' dir='ltr'>pag.</span> <span class='ocrx_word' id='word_1_386' title='bbox 465 2912 543 2954; x_wconf 88' lang='lat'>254.</span> 
     </span>
    </p>
   </div>
  </div>
 </body>
</html>
