1986 3380
217 272 351 301 SERMO
374 260 496 318 tvm]
686 272 900 306 SECUNDA
930 272 1053 304 PARS.
1731 263 1808 307 435

274 382 333 417 Ad
367 380 542 429 primum
577 379 722 416 dicitur
762 380 869 427 quod
910 376 1142 426 oppositum
1183 376 1331 413 directe
1366 377 1525 412 conclu-
1596 385 1760 424 Ansuscrs:

218 439 336 485 ditur,
371 451 461 475 cum
507 450 577 487 per
622 438 697 473 hoc
749 437 846 472 fides
899 444 935 472 et
987 434 1194 472 ordinacio
1247 433 1394 471 Christi
1447 434 1524 470 iam
1547 419 1813 481 dex-ggioiirffveouid

220 507 378 533 mortua
410 496 670 533 suscitaretur
710 503 746 531 et
779 495 895 531 fallax
928 492 1162 530 Antichristi
1203 491 1367 528 devocio
1407 492 1527 528 mori-
1568 489 1685 523 “5³¹³oe
1706 488 1790 515 ¹³¹¹&-

218 564 337 592 retur.
382 555 459 590 Sed
500 553 590 590 felix
635 552 830 598 mutaci03
874 551 929 588 sic
967 551 1071 588 enim
1111 559 1283 598 arguunt
1314 551 1527 586 adorantes

186 614 346 661 §talpas
371 621 407 649 et
429 611 730 660 vespertiliones
748 611 855 659 quod
881 609 1174 658 extingueretur
1198 620 1335 645 eorum
1363 607 1527 644 devocio

219 671 335 707 istam
370 669 611 718 ydolatriam
647 668 881 705 amittendo.

275 730 335 765 Ad
385 729 605 764 secundum
652 726 798 763 dicitur
843 727 951 774 quod
996 717 1278 773 argumentum
1324 724 1472 760 factum
1507 731 1571 762 ab)
1589 731 1816 769 set-whattlie

218 786 338 822 simili
373 794 429 822 est
463 787 510 822 de
540 797 709 821 numero
754 784 1029 832 predictarum
1076 782 1372 820 evidenciarum
1418 781 1528 818 falla-
1589 767 1771 792 ¹¹'¹²¹¹‘⁵⁸‘'‘t‘

219 844 323 881 cium
357 843 604 880 Antichristi.
639 843 703 879 Sic
737 842 841 878 enim
876 850 1036 890 possent
1070 841 1153 878 eius
1185 840 1255 877 filii
1288 839 1528 888 scripturam

165 915 203 936 10
219 914 373 939 sacram
415 903 464 938 ad
502 910 638 938 votum
685 901 895 937 extendere
928 909 964 936 et
1010 899 1048 936 in
1092 898 1295 936 sentencia
1333 906 1526 946 quantum

219 959 379 996 libuerit
411 959 587 1004 variare3
629 958 809 995 Christus
843 958 948 995 enim
987 957 1173 994 limitavit
1217 968 1363 1006 sponse
1401 964 1528 992 sectas

219 1027 255 1055 et
289 1018 445 1065 regulas
494 1029 569 1066 que
613 1016 687 1053 sibi
732 1016 974 1062 sufficerent,
1020 1016 1075 1052 sic
1120 1017 1228 1065 quod
1273 1027 1354 1051 non
1391 1014 1529 1050 liceret

219 1076 406 1124 cuiquam
441 1088 529 1112 eam
564 1088 652 1111 cum
689 1074 885 1111 extraneis
929 1086 1109 1111 onerare.
1157 1075 1205 1110 Et
1238 1081 1432 1122 quantum
1480 1073 1529 1108 ad

220 1133 474 1171 mendacium
511 1133 648 1170 fictum
683 1132 768 1169 fieri
803 1134 851 1169 de
891 1132 1092 1177 fratribus,
1133 1131 1359 1168 consideret
1393 1127 1529 1183 (rogo)

167 1194 201 1226 15
220 1191 347 1228 fidelis
382 1191 550 1229 ecclesie
584 1192 803 1240 quomodo,
839 1190 869 1227 si
894 1199 1024 1227 essent
1046 1189 1185 1238 viginti
1209 1189 1335 1226 millia
1360 1189 1529 1225 fratrum

219 1263 289 1299 per
334 1263 482 1287 annum
529 1249 569 1286 in
612 1248 755 1297 Anglia
801 1258 837 1285 et
882 1248 1049 1297 quilibet
1093 1261 1232 1285 eorum
1266 1246 1529 1296 appropriate

221 1309 460 1356 expenderet
499 1309 546 1344 de
586 1320 707 1356 regno
742 1316 902 1344 centurn
942 1306 1105 1352 solidos⁷
1147 1307 1354 1354 quomodo
1388 1317 1526 1342 eorum

221 1366 407 1415 expensio
441 1367 491 1403 ad
536 1374 695 1402 centum
736 1364 862 1401 millia
906 1364 1099 1401 librarum
1144 1376 1184 1401 se
1228 1364 1455 1400 extenderet
1489 1362 1529 1398 in

221 1437 326 1461 anno
359 1425 407 1461 de
439 1423 554 1461 bonis
586 1423 740 1472 Anglie.
776 1423 1011 1461 Consideret
1043 1423 1220 1459 secundo
1253 1421 1284 1458 si
1317 1422 1458 1458 fratres
1491 1420 1531 1456 in

165 1496 205 1517 20
221 1483 296 1519 isto
329 1481 583 1519 antecedenti
627 1482 688 1518 vel
733 1481 807 1518 sibi
842 1481 1082 1530 equivalenti
1128 1479 1332 1517 deficiunt.
1373 1480 1531 1516 Clamat

221 1549 403 1589 expertus
437 1541 545 1589 quod
580 1540 694 1576 multi
728 1552 866 1576 eorum
907 1547 1149 1576 consumunt
1187 1538 1227 1575 in
1260 1550 1365 1575 anno
1405 1537 1530 1573 eciam

221 1598 327 1635 circa
358 1597 562 1635 vescibilia
595 1607 631 1634 et
664 1597 824 1634 habitus
858 1599 994 1635 decem
1029 1597 1164 1633 libras.
1199 1599 1281 1632 Nec
1314 1595 1446 1632 minus
1471 1607 1531 1631 ex-

220 1657 399 1705 pendunt
433 1657 480 1692 de
515 1668 636 1704 regno
670 1657 778 1704 quod
813 1657 1012 1704 prandent
1044 1664 1254 1703 tamquam
1279 1652 1457 1702 episcopi
1481 1654 1531 1689 ad

220 1715 377 1752 tabulas
423 1714 695 1751 dominorum.
742 1717 862 1751 Notet
907 1727 1001 1762 ergo
1055 1722 1250 1761 quantum
1304 1712 1446 1748 fratres
1492 1711 1531 1747 in

165 1776 202 1808 25
219 1772 363 1821 Anglia
408 1772 598 1809 deficiunt
643 1774 691 1809 ab
737 1772 813 1808 isto
858 1784 1028 1808 numero
1077 1780 1113 1808 et
1146 1779 1270 1819 ponat
1303 1771 1393 1806 loco
1427 1769 1532 1805 illius

220 1831 397 1868 defectus
430 1831 744 1867 excrescenciam
779 1843 1044 1879 personarum
1080 1841 1342 1878 expensarum
1377 1836 1414 1864 et
1446 1839 1534 1875 spe-

221 1888 373 1926 cialiter
405 1889 445 1925 in
475 1889 587 1925 vanis
620 1888 787 1926 edificiis
821 1897 858 1925 et
890 1888 978 1925 aliis
1002 1887 1181 1936 expensis
1206 1884 1532 1923 extraordinariis

131 1974 192 2005 FO]
221 1955 258 1983 et
290 1946 457 1994 attinget
489 1948 539 1983 ad
573 1955 734 1984 centum
758 1946 882 1983 millia
904 1947 1097 1983 librarum
1124 1946 1231 1994 quod
1254 1957 1328 1993 pro
1350 1945 1534 1991 redemp-

124 1998 336 2052 2315cione
365 2001 369 2057 l
398 2004 501 2052 regis
547 2004 737 2053 captivati
782 2004 994 2042 sufficeret.
1042 2006 1090 2040 Et
1136 2016 1226 2040 curn
1272 2016 1354 2039 non
1386 2002 1534 2038 habent

165 2067 207 2100 30
222 2064 298 2099 hoc
332 2075 374 2099 ex
409 2071 493 2099 arte
527 2063 741 2100 alchimica
773 2063 834 2100 vel
867 2062 1058 2099 missione
1091 2061 1240 2107 celesti,
1276 2060 1532 2097 manifestum

222 2129 278 2157 est
312 2133 354 2157 ex
388 2120 504 2157 dictis
537 2120 632 2157 alibi
665 2121 774 2169 quod
797 2120 881 2158 sine
905 2119 1179 2170 equivalencia
1203 2118 1364 2167 rapiunt
1387 2119 1462 2154 hoc
1487 2119 1534 2154 de

221 2191 343 2227 regno
362 2180 470 2227 quod
493 2191 558 2215 rex
582 2188 618 2215 et
642 2187 848 2227 magnates
872 2179 983 2227 regni
1007 2187 1193 2215 tenentur
1216 2178 1292 2214 hoc
1316 2178 1534 2213 destruere.

277 2233 337 2273 Ad
383 2237 551 2274 tercium
598 2245 709 2285 patet
749 2250 792 2274 ex
840 2236 955 2273 dictis
1002 2237 1110 2285 quod
1155 2235 1336 2284 sequitur
1384 2234 1534 2270 directe
1563 2241 1590 2273 c)
1609 2239 1822 2277 Heirswpuid

221 2295 466 2344 oppositum,
483 2296 588 2331 unde
617 2308 727 2332 error
751 2296 879 2332 factus
903 2303 1043 2331 contra
1065 2293 1371 2331 ordinacionem
1388 2291 1535 2328 Christi
1560 2274 1824 2336 ancheesth-tshssgoe

164 2357 203 2390 35
221 2353 476 2390 continuatus
510 2353 551 2389 in
583 2353 675 2389 filiis
708 2361 846 2401 gravat
879 2365 1023 2401 penam
1059 2361 1095 2388 et
1128 2351 1297 2400 impedit
1336 2349 1536 2387 sufficien-
1586 2343 1799 2406 bygffiifggssisflg

220 2411 323 2448 ciam
364 2411 667 2458 defunctorum
713 2411 803 2448 ideo
838 2412 946 2460 quod
980 2411 1145 2447 heredes
1185 2410 1306 2446 istum
1347 2408 1532 2445 ordinem
1602 2413 1779 2441 ordinance.

218 2482 299 2506 non
332 2469 538 2518 corrigunt
582 2469 677 2506 facit
721 2469 937 2506 infidelitas
976 2467 1225 2513 Antichristi‚
1267 2476 1305 2504 et
1337 2466 1443 2503 istud
1476 2474 1535 2502 est

219 2528 338 2576 plane
371 2527 588 2564 dicendum
621 2527 848 2574 heredibus,
882 2539 932 2564 ne
965 2527 1014 2563 ab
1047 2525 1276 2563 infidelibus
1299 2525 1533 2562 illudantur.

289 2658 309 2677 1.
330 2649 354 2677 E
373 2650 404 2677 in
425 2658 540 2685 marg.:
561 2649 744 2685 Responsio.
767 2658 786 2677 1.
878 2648 904 2684 3,
925 2658 953 2681 4.
975 2650 1019 2676 A:
1041 2653 1222 2676 moreretur.
1307 2648 1329 2676 5.
1352 2647 1420 2675 DE:
1441 2647 1537 2674 extin-

219 2689 336 2719 guetur.
434 2685 462 2713 ὁ.
477 2685 522 2712 A:
543 2684 777 2712 committendo.
875 2692 902 2723 7.
923 2684 948 2711 E
967 2684 997 2712 in
1019 2692 1134 2719 marg:
1155 2691 1180 2710 2.
1279 2691 1319 2710 ιο.
1341 2683 1410 2710 DE:
1433 2690 1536 2721 quam.

220 2727 254 2747 11.
275 2720 319 2746 A:
341 2727 456 2754 sponse
475 2719 574 2758 txyice.
701 2728 739 2747 12.
760 2720 806 2747 A:
828 2719 1023 2747 satlsfierent.
1146 2726 1189 2746 22.
1210 2717 1279 2745 DE:
1301 2717 1409 2753 viginti
1431 2717 1536 2744 libras.

218 2761 266 2789 29.
286 2755 331 2781 A:
352 2754 517 2789 captivam.
617 2753 656 2782 31.
677 2754 747 2782 DE:
768 2754 904 2789 capiunt.
994 2752 1038 2782 32.
1058 2754 1104 2781 A:
1126 2753 1184 2781 hoc
1204 2753 1298 2780 deest.
1394 2750 1439 2780 33.
1461 2751 1485 2778 E
1505 2751 1512 2778 i

219 2796 287 2828 rn‘ar
311 2798 334 2815 .:
355 2787 381 2816 3.
465 2787 513 2823 34.
528 2788 597 2816 DE:
620 2797 690 2817 curn
711 2797 807 2816 error.
889 2787 931 2817 35.
946 2789 992 2816 A:
1014 2793 1128 2824 gravet.
1207 2787 1253 2815 36.
1269 2787 1338 2815 DE:
1360 2786 1421 2814 iarn
1442 2785 1536 2822 quod.

220 2822 265 2855 30,
305 2832 331 2859 7.
352 2824 398 2851 A:
419 2831 555 2851 errorem
577 2832 638 2851 non
660 2824 803 2859 congruit
822 2823 903 2851 facit.

299 2895 336 2928 16
365 2904 397 2928 et
423 2905 521 2939 seqq.
551 2896 603 2928 Cf.
631 2906 734 2939 supra
763 2906 828 2939 pag
866 2906 921 2939 49.

1337 2950 1407 2984 28*
