1986 3380
141 292 187 329 72
725 289 948 321 JOHANNIS
970 289 1150 320 WYCLIF
1170 289 1426 322 SERMONUM
1529 276 1682 335 [SERMO
1705 288 1738 316 X-

428 397 560 431 nanda
595 395 768 432 stulticia
804 404 859 431 est
894 395 932 430 in
967 407 1086 431 causa
1121 408 1243 443 quare
1277 405 1357 432 tam
1385 396 1640 433 mediocriter
1673 399 1740 432 ob—

427 453 612 501 ligantur.
646 453 813 490 Videtur
848 453 951 489 enim
989 452 1121 488 multis
1155 455 1261 501 quod
1297 464 1507 501 aggregata
1545 455 1742 502 obligacio

427 511 603 547 hominis
628 521 683 548 est
709 511 897 548 continue
923 523 1022 558 eque
1050 523 1206 558 magna,
1226 521 1261 547 et
1278 512 1332 548 sic
1359 514 1520 560 quando
1545 513 1742 560 obligacio

426 571 475 606 ad
510 582 654 617 penam
688 583 769 606 non
796 568 1050 617 dispergitur,
1085 569 1286 617 obligacio
1312 570 1475 606 racione
1499 571 1741 618 ampliorum

164 635 384 673 ‹turm-clauc>
427 627 686 664 carismatum
735 627 968 664 maioratur.
1016 629 1062 662 Et
1107 626 1162 663 sic
1208 637 1367 675 oportet
1413 629 1472 665 vel
1512 629 1776 677 blasphemefi

163 673 386 738 iisssinfsiigffli
427 698 616 723 accusare
662 685 878 722 Dominum
934 686 1041 732 quod
1093 685 1220 721 nostri
1272 686 1413 733 prelati
1456 699 1538 723 non
1588 696 1743 723 tanturn

135 739 402 808 sisssrssffiffiffcflffl
426 743 654 792 obligantur
699 743 860 780 racione
906 742 1156 790 accepcionis
1202 743 1459 781 carismatum
1506 754 1547 780 ut
1592 745 1744 793 priores

208 808 345 843 bisliops.
425 803 486 838 vel
530 802 644 838 aliter
689 802 820 838 dicere
867 802 972 849 quod
1026 813 1096 837 sua
1149 801 1349 849 obligacio
1403 802 1645 851 dispergitur
1695 804 1742 839 ad

426 859 761 907 dampnacionem
807 872 908 907 pene
957 867 1167 907 perpetuet,
1221 872 1313 896 narn
1359 861 1419 897 vel
1467 870 1523 897 est
1568 861 1744 897 defectus

426 917 633 966 parvitatis
668 916 932 965 obligacionis
967 917 1196 954 huiusmodi
1233 930 1275 954 ex
1306 918 1543 955 necessitate
1584 928 1802 955 eventus1o

425 988 542 1024 quem
589 978 694 1012 Deus
740 975 949 1023 disposuit,
996 984 1031 1011 et
1076 975 1131 1011 sic
1185 975 1351 1024 quilibet
1405 978 1452 1012 de
1505 990 1744 1026 quocunque

426 1033 592 1070 crimine
638 1042 860 1077 excusatur,
906 1034 965 1070 vel
1007 1045 1049 1069 ex
1090 1034 1165 1069 hoc
1207 1035 1314 1082 quod
1360 1035 1537 1082 prelatus
1582 1048 1663 1071 non
1705 1048 1744 1072 se

428 1091 625 1140 disposuit
663 1093 787 1139 (quod
811 1101 946 1128 tamen
971 1104 1014 1128 ex
1036 1090 1220 1128 libertate
1243 1092 1452 1139 potestatis
1475 1093 1570 1129 satis
1594 1093 1741 1141 potuit)

426 1151 475 1186 ad
511 1149 786 1197 recipiendum
821 1149 1023 1198 copiosius
1058 1151 1163 1186 dona
1186 1149 1277 1196 Dei;
1312 1152 1419 1198 quod
1452 1150 1483 1186 si
1517 1152 1631 1187 detur
1655 1164 1743 1187 cum

427 1207 569 1256 prelati
603 1216 858 1255 perseverant
881 1207 1000 1244 nimis
1024 1207 1283 1255 pertinaciter
1307 1207 1347 1244 in
1377 1208 1606 1245 defensione
1631 1208 1746 1245 huius
1768 1210 1802 1241 15

426 1265 752 1313 indisposicionis
806 1265 1089 1313 dampnabilis,
1144 1265 1300 1302 videtur
1352 1267 1460 1314 quod
1505 1279 1644 1303 omnes
1690 1266 1745 1302 illi

165 1328 251 1364 They
273 1337 323 1367 {irc
345 1333 375 1355 1‹›
426 1333 515 1359 sunt
548 1323 587 1359 in
620 1323 798 1371 capitulo
823 1325 1190 1371 dampnandorum.
1226 1323 1301 1371 Ipsi
1334 1336 1427 1372 ergo
1450 1334 1541 1361 sunt
1564 1324 1603 1361 in
1627 1337 1746 1361 causa

147 1363 400 1425 digaiilssffkiisslix
427 1394 550 1429 quare
583 1394 664 1417 non
704 1390 861 1417 tanturn
908 1390 950 1417 ut
996 1381 1090 1418 olim
1138 1391 1306 1430 prosunt
1351 1382 1529 1428 ecclesie,
1577 1382 1670 1431 quia
1714 1383 1745 1418 si

194 1438 350 1496 Ullff'sghffl
383 1430 389 1434 -
426 1441 684 1476 observarent
717 1452 761 1475 ex
794 1439 950 1487 integro
972 1448 1120 1476 statum
1147 1452 1264 1488 quem
1292 1439 1473 1476 Christus
1498 1441 1552 1477 eis
1575 1440 1745 1477 instituit

426 1506 463 1534 et
508 1498 650 1534 darent
695 1510 861 1545 operam
908 1499 958 1534 ad
1003 1498 1270 1534 laborandum
1318 1498 1545 1546 evangelice
1588 1507 1630 1534 ut
1678 1511 1745 1535 eos
1764 1509 1804 1530 20

426 1555 575 1601 docuit,
607 1568 689 1592 non
722 1555 888 1591 dubium
925 1555 1021 1604 quin
1055 1555 1180 1603 magis
1220 1555 1461 1604 proficerent
1501 1565 1538 1593 et
1578 1556 1745 1593 ecclesia

424 1613 526 1650 foret
561 1612 703 1650 melior
737 1626 858 1661 quam
893 1622 950 1650 est
984 1615 1120 1650 modo.

482 1672 559 1708 Sed
606 1671 693 1720 quis
736 1672 865 1719 (rogo)
913 1680 970 1708 est
1015 1680 1096 1708 tam
1147 1671 1356 1720 culpabilis
1403 1671 1518 1708 huius
1564 1672 1743 1709 criminis

425 1738 462 1766 et
506 1728 786 1766 inexcusabilis
827 1742 947 1778 quam
982 1729 1038 1766 illi
1079 1729 1146 1778 qui
1181 1743 1202 1766 a
1235 1731 1319 1766 Deo
1359 1730 1563 1778 accipiunt
1603 1739 1743 1778 poten-

425 1787 528 1824 ciam
569 1787 796 1824 naturalem
840 1796 922 1823 tam
964 1787 1003 1824 in
1044 1800 1214 1836 corpore
1260 1801 1379 1836 quam
1427 1788 1465 1824 in
1511 1788 1659 1832 anima,
1706 1798 1742 1826 et
1763 1790 1802 1822 25

425 1854 560 1882 tamen
613 1858 694 1881 non
753 1846 848 1881 dant
905 1858 1069 1893 operam
1126 1854 1168 1882 ut
1225 1845 1352 1894 ipsam
1411 1846 1624 1883 exercitent
1674 1849 1742 1884 sed

424 1904 676 1940 abscondunt
709 1903 906 1940 talentum
940 1903 1137 1940 creditum
1172 1916 1243 1952 per
1275 1904 1407 1940 ocium
1443 1914 1479 1941 et
1512 1917 1582 1953 per
1615 1904 1742 1942 diver-

423 1961 578 1998 sionem
612 1962 662 1998 ad
697 1962 898 2007 seculum3
934 1961 1044 1998 cuius
1079 1975 1223 2010 magna
1247 1974 1368 1999 causa
1401 1971 1458 1998 est
1493 1962 1609 2011 copia
1643 1972 1741 1999 tem-

423 2019 637 2068 poralium,
673 2019 762 2056 ideo
794 2032 876 2056 non
899 2019 1064 2056 stulcius
1087 2029 1221 2068 posset
1260 2020 1348 2068 quis
1388 2032 1574 2057 excusare
1613 2033 1742 2057 sacer-

424 2079 536 2113 dotes
569 2076 696 2113 nostri
729 2077 923 2125 temporis
957 2079 1063 2126 quod
1090 2091 1172 2114 non
1206 2091 1227 2114 a
1251 2079 1335 2114 Deo
1358 2078 1587 2126 obligantur
1621 2091 1740 2127 quam
1761 2080 1801 2111 '50

424 2135 595 2171 dicendo
619 2136 727 2183 quod
752 2148 834 2172 non
858 2136 1005 2172 habent
1039 2149 1060 2172 a
1084 2138 1168 2172 Deo
1198 2132 1201 2188 Ι
1231 2145 1384 2172 tantam
1418 2136 1615 2184 graciann
1650 2149 1738 2173 cum
1763 2126 1840 2188 ¹⁵0¹}

164 2205 217 2233 sin
240 2206 280 2245 1¹¹}
294 2206 379 2244 *edes
425 2192 528 2229 enim
563 2206 585 2229 a
618 2193 820 2241 probabili
852 2194 983 2230 nullus
1014 2194 1113 2230 citra
1144 2193 1347 2231 Christum
1373 2202 1409 2230 et
1434 2203 1603 2231 matrem
1628 2207 1740 2231 suam
1765 2181 1824 2216 ¹9²

181 2240 357 2310 ¹¹¹53¹ffi¹cssfff
425 2250 563 2287 habuit
598 2251 786 2288 continue
820 2260 974 2288 tantam
1016 2251 1191 2299 graciam
1233 2260 1425 2300 quantam
1471 2252 1615 2300 potuit,
1660 2265 1742 2289 non

425 2308 590 2344 dubium
636 2309 732 2357 quin
778 2309 955 2346 defectus
1001 2309 1236 2358 capacitatis
1282 2322 1350 2346 sue
1404 2309 1544 2347 ultime
1597 2319 1654 2347 est
1699 2322 1742 2347 ex

424 2375 593 2415 peccato
645 2379 717 2403 suo
770 2366 1014 2416 impediente
1065 2367 1240 2416 graciam
1294 2367 1565 2406 ascribendus.
1619 2368 1741 2405 Racio
1761 2368 1799 2401 35

426 2433 558 2461 autem
594 2437 717 2472 quare
750 2425 891 2473 prelati
925 2426 1052 2462 nostri
1086 2439 1166 2463 non
1201 2427 1348 2462 habent
1381 2434 1534 2462 tantam
1563 2425 1738 2474 graciam

424 2481 526 2519 sicut
559 2482 712 2530 priores
745 2483 889 2531 prelati
922 2492 961 2520 et
993 2483 1060 2521 alii
1094 2484 1345 2521 conviventes
1385 2492 1442 2520 est
1480 2483 1740 2532 indisposicio

425 2539 579 2589 peccati
624 2549 666 2576 ut
710 2553 732 2577 a
777 2543 861 2578 Deo
907 2541 1175 2589 illustrentur;
1224 2554 1297 2579 nec
1346 2541 1526 2591 sequitur
1577 2554 1620 2579 ex
1664 2541 1739 2578 isto

492 2672 516 2701 3.
539 2674 582 2701 A:
605 2673 628 2700 si
650 2673 812 2709 obligacio.
898 2675 924 2701 8.
947 2676 991 2702 A:
1013 2675 1095 2710 quia.
1182 2683 1210 2708 o.
1230 2675 1272 2702 E:
1294 2675 1388 2703 eciam
1411 2675 1565 2706 defectus:
1596 2675 1635 2702 ib.
1658 2676 1688 2706 Λ
1711 2675 1739 2703 iu

425 2717 537 2743 marga
559 2709 674 2735 Contra
690 2717 801 2770 pagam
818 2710 968 2737 cesariam
987 2714 1012 2736 et
1029 2708 1224 2737 dotaciouein
1241 2709 1365 2737 ecclesie
1382 2718 1435 2745 per
1451 2714 1559 2737 totum.
1635 2719 1674 2737 io.
1696 2711 1736 2738 Ι);

422 2743 595 2778 pronitatis.
665 2742 700 2769 11⁴.
761 2753 766 2770 :
789 2744 915 2770 liberali.
986 2745 1025 2771 μ’).
1049 2744 1116 2771 Ι)Ι“ἶε
1139 2744 1388 2779 dampnabiliter.
1458 2753 1497 2779 ις).
1521 2744 1543 2771 1·3
1564 2744 1591 2771 iu
1621 2753 1735 2776 niam:

421 2777 483 2806 Cur
504 2777 609 2812 prelati
631 2786 690 2804 uon
714 2783 842 2812 prosunt
863 2779 989 2806 ecclesie
1011 2783 1040 2806 ut
1060 2779 1144 2806 olim.
1224 2787 1270 2813 24.
1294 2780 1336 2806 A:
1359 2778 1576 2809 inexcusabili:
1601 2779 1640 2806 ib.
1658 2774 1732 2807 Ab:

419 2820 511 2848 quam
533 2811 631 2843 det-sn
662 2812 701 2838 ib.
723 2813 766 2840 A:
788 2813 840 2847 qui
862 2812 956 2840 deest.
1075 2820 1120 2849 29.
1141 2813 1184 2841 A:
1209 2812 1343 2841 nonnisi.
1460 2812 1569 2841 31—253.
1593 2815 1638 2841 A:
1660 2822 1731 2841 cuin

419 2846 500 2874 enim
531 2862 551 2866 —-
572 2845 705 2881 graciam
726 2846 819 2874 dec-st.
934 2846 979 2881 34.
1001 2846 1069 2874 DE:
1093 2847 1210 2875 ultimo.
1326 2846 1367 2875 35.
1390 2847 1412 2875 13
1435 2848 1463 2875 iu
1487 2856 1599 2882 marg:
1623 2848 1730 2887 Quare

419 2881 558 2909 moderni
579 2880 684 2917 prelati
706 2889 765 2908 non
787 2881 898 2908 habeut
918 2886 1032 2910 tautam
1053 2882 1187 2917 graciam
1210 2886 1239 2910 ut
1261 2882 1363 2917 primi.
1455 2882 1498 2918 37.
1522 2882 1559 2910 13:
1583 2883 1726 2918 indispo-

418 2915 543 2944 sicione.
616 2914 659 2943 38.
681 2915 725 2944 A:
745 2915 980 2944 illustrarentur.
