1986 3380
217 291 351 319 SERMO
368 279 552 337 xxxvia]
687 294 899 326 SECUNDA
926 294 1051 325 PARS.
1739 295 1757 320 2
1767 285 1814 321 83

217 414 336 449 quam
377 400 556 445 ecclesia,
598 399 935 448 appropinquavit
975 401 1021 435 ad
1066 401 1233 447 gradum
1273 399 1531 435 beatitudinis

218 460 322 495 ultra
356 460 430 495 hoc
455 460 562 506 quod
587 458 677 494 fecit
702 458 941 506 antiquitus:
966 466 1001 493 et
1027 470 1117 493 cum
1144 457 1341 505 malignus
1366 457 1531 504 apponit

219 517 411 553 maiorem
446 516 576 552 nisum
611 518 659 553 ad
693 515 1008 563 impediendum,
1034 517 1194 563 quando
1217 515 1323 551 videt
1355 517 1533 551 membra

217 574 365 611 Christi
390 574 514 621 magis
538 574 746 622 proficere,
772 575 888 609 debet
905 573 1134 621 predicator
1157 573 1365 621 predicare
1381 574 1533 621 populo

184 634 422 681 §quomodo
456 632 664 668 assistente
703 640 815 667 tanto
849 631 1050 668 adiutorio
1089 644 1162 680 pro
1196 631 1441 667 beatitudine
1476 631 1532 666 in-

126 681 202 743 Foulss
217 690 392 726 stancius
427 691 628 726 laboraret
669 698 705 724 et
738 691 944 737 quomodo
987 688 1152 725 cautelis
1181 684 1185 741 l
1216 688 1376 736 dyaboli
1410 698 1533 725 retar-

125 738 186 760 ²¹³
217 748 406 784 dantibus
431 748 643 783 resisteret.
678 749 725 782 Et
750 747 825 783 ista
852 747 1030 794 magistri
1058 747 1224 784 materia
1249 756 1306 783 est
1330 746 1531 783 sufficiens

218 819 290 854 pro
324 805 629 854 quibuscunque
663 805 915 841 sermonibus
948 807 1101 853 populo
1134 805 1402 853 predicandis.

276 865 353 900 Sed
387 863 480 912 quia
512 876 594 900 non
618 863 763 899 sufficit
789 863 1023 899 benedicere
1052 863 1126 899 nisi
1159 865 1397 911 precedente
1430 864 1533 899 bona
1582 871 1795 910 (imo-ribuarii>

163 921 445 958 1ointencione
481 930 517 957 et
561 930 670 958 recto
714 933 848 968 opere,
894 930 935 956 ut
978 930 1087 968 patet
1133 923 1180 957 de
1222 923 1343 957 verbo
1386 920 1533 969 triplici
1613 907 1766 935 eunomed.

217 979 383 1016 Matthei
415 981 519 1025 V110‚
556 990 621 1025 21,
662 981 770 1027 quod
810 979 992 1015 Christus
1031 979 1231 1027 implicat:
1272 980 1358 1015 Non
1399 980 1533 1022 omnis,

217 1037 357 1086 inquit,
391 1038 455 1086 qui
485 1038 575 1073 dicit
599 1038 693 1073 milzi
713 1037 891 1079 Dmniize,
914 1038 1079 1072 Domine
1111 1037 1269 1072 intrabit
1301 1038 1336 1072 in
1370 1050 1533 1087 regnum

216 1097 385 1132 celorum
413 1097 481 1131 sed
509 1096 687 1144 qitifcicit
710 1096 941 1131 voluntatem
961 1096 1089 1144 patris
1112 1096 1186 1131 mei
1206 1096 1270 1143 qui
1290 1096 1325 1130 in
1350 1096 1440 1131 celis
1462 1103 1537 1134 est,-

217 1154 306 1190 ideo
341 1153 544 1201 subiungit
578 1154 760 1190 Christus
785 1162 958 1201 quatuor
991 1166 1113 1201 opera
1138 1153 1261 1189 realia
1295 1166 1370 1201 que
1403 1153 1535 1201 predi-

163 1213 351 1248 15cantes
392 1213 537 1248 debent
577 1211 751 1248 sermoni
791 1225 862 1247 suo
900 1221 1130 1248 annectere:
1167 1212 1359 1261 Infirmos,
1392 1211 1534 1259 inquit,

216 1278 370 1314 curate,-
406 1269 474 1306 ubi
512 1279 602 1318 post
635 1279 713 1306 tres
753 1270 1043 1306 beneficencias
1076 1269 1306 1317 adiungitur
1340 1269 1534 1317 evangeli-

216 1328 321 1364 zanti
355 1337 499 1376 quarto
532 1328 750 1364 liberalitas
784 1337 821 1363 et
854 1328 1028 1364 intencio
1061 1327 1308 1375 predicandi.
1344 1328 1535 1377 lifirmos,
1569 1332 1586 1350 ¹·
1609 1323 1737 1385 Hejilgfl‘d
1760 1323 1808 1350 ihc

216 1386 357 1434 inquit,
390 1394 543 1427 curate:
575 1388 682 1434 quod
709 1387 943 1422 mandatum
968 1399 1049 1422 non
1074 1395 1234 1434 oportet
1256 1385 1534 1422 universaliter
1620 1393 1684 1432 ne„
1706 1380 1756 1420 tiit·

217 1444 396 1491 intelligi,
439 1444 532 1492 quia
572 1454 665 1480 tunc
706 1457 855 1492 paucos
895 1445 955 1480 vel
994 1445 1125 1480 nullos
1165 1444 1285 1480 hodie
1325 1444 1533 1491 obligaret,
1604 1429 1779 1490 Ἧζζῇῖιῖζξῖιγ

160 1504 283 1538 2osed
329 1502 507 1550 loquitur
553 1504 599 1538 de
644 1502 878 1538 infirmitate
923 1502 1123 1550 spirituali
1168 1515 1246 1550 qua
1300 1511 1535 1550 peccatores

217 1560 443 1596 mentaliter
488 1560 754 1596 infirmantur.
802 1561 900 1596 Cum
943 1562 992 1596 ad
1032 1560 1141 1596 illam
1184 1560 1459 1596 infirmitatem
1501 1569 1536 1596 et

217 1618 299 1655 eius
338 1617 592 1654 curacionem
636 1618 817 1655 Christus
857 1620 1141 1666 preponderat,
1184 1618 1438 1654 manifestum
1480 1628 1536 1654 est

217 1677 324 1725 quod
359 1676 441 1712 eius
476 1675 735 1712 curacionem
770 1676 880 1724 prius
914 1676 1099 1724 intelligit
1133 1685 1253 1724 atque
1288 1678 1467 1712 mandat.

275 1737 434 1777 lterum,
470 1734 501 1770 si
530 1734 710 1771 Christus
739 1735 814 1770 hoc
848 1735 1126 1771 universaliter
1160 1736 1384 1780 mandaret,
1420 1736 1532 1770 daret

160 1794 197 1826 25
217 1805 316 1841 eque
355 1792 632 1829 universaliter
678 1792 904 1840 potenciam
951 1794 998 1829 ad
1047 1792 1242 1829 miracula
1286 1792 1535 1829 faciendum:

217 1852 325 1899 quod
360 1850 615 1887 manifestum
652 1860 708 1887 est
743 1864 885 1899 capere
919 1851 1159 1887 instanciam
1194 1850 1233 1886 in
1267 1860 1405 1886 sancto
1429 1852 1535 1898 Apo-

217 1909 342 1949 stolo;
388 1908 472 1956 ipse
511 1908 615 1945 enim
658 1908 730 1944 fuit
771 1922 870 1957 eque
908 1918 1082 1955 sanctim,
1129 1910 1291 1957 quando
1337 1909 1537 1945 consuluit

216 1966 432 2003 Timotheo
466 1966 523 2002 uti
557 1966 718 2003 modico
741 1967 833 2004 vino
857 1977 1022 2015 propter
1045 1968 1300 2003 stomachum
1335 1976 1372 2003 et
1396 1976 1536 2003 contra

218 2024 472 2061 infirmitates
505 2038 595 2061 suas
628 2025 685 2061 uti
720 2025 986 2062 medicamine
1018 2025 1205 2071 naturali,
1239 2025 1341 2062 Sicut
1375 2027 1536 2074 quando

161 2084 202 2116 30
218 2092 375 2131 patrem
410 2082 539 2119 Publii
574 2083 814 2120 miraculose
838 2084 992 2120 sanavit
1026 2097 1047 2120 a
1079 2083 1268 2120 febribus.
1305 2083 1408 2129 Quia
1442 2096 1536 2131 ergo

218 2141 440 2177 universale
455 2149 663 2189 tamquam
678 2141 787 2189 prius
803 2141 1039 2190 particulari
1057 2155 1078 2178 a
1097 2151 1240 2178 natura
1258 2141 1391 2190 primo
1410 2141 1537 2178 inten-

219 2199 339 2244 ditur,
381 2198 471 2234 ideo
506 2199 688 2235 Christus
722 2200 797 2236 hoc
832 2201 1066 2236 mandatum
1101 2200 1325 2236 universale
1358 2199 1537 2248 precepit

219 2258 326 2305 quod
343 2257 658 2304 evangelizantes
675 2266 814 2294 curent
830 2257 1012 2294 infirmos
1036 2259 1086 2294 ad
1111 2271 1271 2294 sensum
1298 2257 1535 2306 expositum.

276 2316 352 2351 Sed
386 2315 480 2363 quia
512 2315 663 2351 inicium
699 2317 821 2351 omnis
840 2317 990 2365 peccati
1009 2317 1202 2365 snperbia,
1235 2315 1325 2352 ideo
1360 2317 1537 2352 secundo
1585 2331 1610 2351 2.
1632 2323 1799 2358 Cleansing

162 2374 201 2407 ³5
219 2373 421 2420 subiungit
466 2375 573 2421 quod
619 2375 799 2410 mundent
839 2375 1027 2423 leprosos,
1067 2375 1174 2422 quod
1214 2375 1330 2410 debet
1370 2374 1535 2410 omnino
1558 2359 1825 2429 1.e.¹fi¹s{r{}0ua.

218 2430 415 2467 verificari
460 2440 497 2467 et
543 2431 711 2479 intelligi
751 2433 798 2468 de
837 2432 1031 2479 superbis.
1080 2432 1221 2468 Omnis
1263 2431 1367 2468 enim
1406 2431 1536 2468 viator

219 2488 319 2525 citra
357 2489 561 2525 Christum
607 2489 646 2526 in
684 2489 819 2538 aliquo
864 2499 1046 2538 tempore
1091 2499 1148 2526 est
1189 2492 1396 2538 superbus,
1444 2490 1534 2526 ideo

219 2556 379 2595 oportet
412 2549 519 2595 quod
553 2560 624 2584 sua
658 2547 942 2584 mundificacio
976 2547 1144 2596 incipiat
1167 2561 1189 2585 a
1214 2561 1254 2585 se
1288 2548 1388 2596 ipso.
1424 2548 1534 2585 Sicut

220 2605 326 2642 enim
368 2605 633 2654 corporaliter
672 2607 853 2654 leprosus
891 2606 932 2642 in
977 2615 1066 2642 cute
1104 2615 1237 2654 turget
1282 2606 1534 2652 difformiter,

279 2737 309 2765 .¹·
331 2728 399 2755 DE:
421 2736 513 2763 quain
535 2728 708 2765 discipuli3
763 2736 786 2755 2.
808 2729 879 2756 fecit
899 2729 1085 2764 antiquitus;
1107 2729 1146 2756 ib.
1163 2729 1187 2756 E
1202 2729 1230 2756 in
1248 2737 1344 2763 marg.
1361 2737 1451 2756 coru:
1469 2729 1534 2756 fuit.

220 2763 249 2800 62
269 2763 336 2790 DE:
358 2763 485 2790 laboret.
567 2763 595 2793 6,
617 2772 643 2798 7.
665 2763 733 2791 DE:
757 2763 950 2791 retardantis.
1035 2763 1072 2791 13.
1094 2764 1138 2791 A:
1160 2764 1211 2799 qui
1233 2763 1261 2790 iii
1284 2764 1355 2791 celis
1377 2769 1421 2791 est
1441 2763 1535 2791 deest.

220 2803 261 2825 ib.
272 2799 314 2825 A:
328 2803 430 2825 curate
442 2803 497 2825 etc.
538 2805 579 2833 19.
590 2798 651 2825 Ein
663 2807 775 2833 marga
790 2799 931 2825 Infirmos
944 2803 1046 2825 curate
1058 2798 1197 2834 qualiter.
1236 2799 1336 2825 20.A:
1351 2798 1535 2833 spirituales.

219 2840 258 2859 ει.
280 2833 323 2860 A:
345 2841 413 2860 cum
435 2833 526 2860 enim.
571 2831 611 2861 35.
627 2833 671 2860 A:
694 2833 775 2868 quod
798 2837 935 2868 oportet:
957 2833 996 2860 ib.
1013 2833 1036 2860 E
1052 2833 1080 2860 iu
1098 2841 1211 2869 marg:
1232 2833 1361 2868 Leprosi
1382 2833 1433 2868 qui
1455 2837 1535 2859 sunt.

290 2916 342 2958 34.
368 2916 475 2948 Eccii.
495 2916 582 2956 vni,
605 2915 654 2948 15.
