1986 3380
232 325 313 359 4210
815 325 1038 355 JOHANNIS
1059 324 1239 355 wYCiiF
1258 324 1513 356 SERMONUM
1565 310 1717 368 [SERMO
1741 320 1831 349 LVII·

523 430 666 478 quibus
701 430 770 466 viri
807 430 1019 477 evangelici
1064 432 1233 466 debcant
1274 430 1495 478 predicare,
1536 440 1572 466 ct
1611 431 1666 467 sic
1708 431 1831 467 mani-

524 488 637 524 festat
672 489 866 524 Dominus
906 489 1062 536 quibus,
1103 488 1196 536 quid
1238 497 1273 524 et
1315 488 1486 536 qualiter
1519 498 1574 525 cst
1608 489 1832 537 evangelice

523 546 826 594 predicandum.

281 620 459 654 >pn-imunt-
583 604 773 649 Quamvis
807 613 939 640 autem
976 603 1090 651 pauci
1124 604 1183 639 vel
1217 603 1315 639 nulli
1350 613 1530 640 nostrum
1572 605 1719 641 habent
1759 603 1835 640 vir-

246 656 334 716 1¹:¹²¹]ss
351 656 491 717 fflffstgff
525 671 648 698 tutem
685 662 779 698 talia
814 662 1007 698 miracula
1042 661 1226 706 faciendi,
1268 674 1358 698 cum
1393 671 1527 698 tamen
1574 662 1652 698 sint
1692 661 1866 699 famosifi

303 712 437 760 «oi-liud,
524 719 562 755 in
597 720 805 756 ecclesiam
840 719 1071 756 introducti.
1106 721 1316 756 observent
1340 729 1473 756 tamen
1499 720 1576 757 alia
1601 729 1637 756 et
1670 722 1833 757 modum

524 777 635 814 istius
670 778 860 814 {accionis
894 777 1168 826 quadruplicis
1208 777 1363 814 mistice
1401 778 1585 815 faciendo
1626 779 1834 824 miracula,

524 845 560 872 et
595 845 651 872 est
685 835 793 872 satis.
828 837 982 872 Debent
1032 835 1135 872 enim
1182 835 1435 884 predicantes
1482 848 1621 873 curare
1654 836 1834 872 infirmos

524 893 786 941 spiritualiter
832 903 873 929 ut
919 903 1143 941 peccantes.
1190 894 1382 930 suscitare
1429 904 1610 932 mortuos
1649 894 1834 943 spiritua-

524 951 613 987 liter
645 961 687 987 ut
720 952 759 987 in
793 951 968 1000 antiquis
1001 952 1236 988 criminibus
1270 952 1491 999 induratos,
1527 952 1651 989 tercio
1691 954 1892 988 debentio

524 1009 689 1045 omnino
714 1011 909 1046 mundare
934 1011 1126 1058 leprosos,
1153 1010 1246 1058 quia
1270 1012 1462 1058 superbos
1486 1012 1534 1047 ad
1565 1010 1834 1047 humilitatem

525 1067 774 1104 meritoriam
820 1068 1003 1104 excitare.
1050 1070 1098 1104 Et
1144 1081 1233 1104 cum
1280 1068 1354 1105 ista
1400 1068 1476 1105 sint
1522 1069 1654 1105 media
1693 1068 1835 1117 quibus

525 1127 716 1162 demones
762 1125 993 1162 hominibus
1038 1127 1293 1174 copulantur,
1328 1126 1541 1163 subtractis
1586 1126 1662 1163 hiis
1696 1125 1836 1162 mediis

525 1196 603 1219 non
638 1183 803 1219 dubium
838 1184 933 1232 quin
969 1185 1160 1221 demones
1193 1197 1214 1221 a
1247 1184 1357 1233 prius
1390 1185 1560 1221 obsessis
1593 1184 1754 1221 eiciunt.
1788 1185 1836 1219 Et

525 1241 609 1277 istis
642 1241 791 1278 notatis
824 1242 864 1278 in
897 1242 1080 1285 subditis,
1117 1242 1277 1279 evidens
1311 1251 1368 1279 est
1393 1255 1435 1280 ex
1459 1242 1572 1291 signo
1596 1243 1836 1279 testificante
1856 1245 1893 1278 15

525 1299 748 1336 extrinseco
782 1301 890 1348 quod
925 1301 1057 1337 debite
1080 1301 1360 1349 predicabunt‚
1395 1310 1432 1338 et
1465 1301 1570 1338 istud
1605 1310 1662 1338 est
1697 1300 1836 1337 melius

244 1374 302 1402 and
323 1374 391 1409 give
412 1382 497 1401 more
526 1357 632 1394 fideli
666 1371 787 1406 quam
822 1358 936 1395 ficcio
970 1358 1207 1395 Antichristi
1255 1372 1333 1408 qua
1365 1359 1449 1396 sine
1493 1359 1733 1396 auctoritate
1766 1358 1837 1395 Dei

241 1410 508 1472 Ῑῑίιῑῗᾞξσῑὲξέῃξξᾚ.
524 1416 584 1452 vel
617 1415 851 1452 testimonio
885 1429 928 1453 ex
961 1426 1075 1465 parte
1108 1416 1246 1465 populi
1282 1417 1393 1466 fingit
1427 1419 1532 1466 quod
1567 1418 1686 1454 habet
1725 1425 1836 1465 pote-

279 1465 462 1506 Anilchrist·
525 1482 669 1510 statem
703 1474 953 1523 spiritualem
989 1488 1109 1524 supra
1132 1475 1245 1521 alios,
1272 1484 1307 1511 et
1340 1488 1420 1512 non
1450 1475 1624 1512 ostendit
1653 1475 1693 1512 in
1716 1486 1837 1523 opere

526 1533 634 1580 quod
667 1531 885 1580 spiritualis
934 1533 1202 1570 beneficencie
1246 1533 1462 1582 quicquam
1508 1533 1613 1580 facit,
1660 1534 1836 1570 secundo
1855 1547 1895 1569 20

526 1591 634 1639 quod
668 1591 787 1627 habet
811 1599 1052 1639 potestatem
1079 1591 1278 1628 condendi
1302 1599 1339 1628 et
1360 1591 1541 1628 variandi
1567 1591 1836 1628 ecclesiastica

526 1657 790 1695 sacramenta,
837 1662 974 1697 ymmo
1020 1651 1128 1698 quod
1173 1649 1374 1698 scriptura
1418 1663 1532 1687 sacra
1582 1663 1663 1686 non
1717 1650 1836 1685 habet

526 1706 811 1744 auctoritatem
848 1708 909 1743 vel
948 1707 1183 1753 efficaciam,
1223 1707 1298 1744 nisi
1338 1709 1385 1744 de
1431 1716 1582 1757 quanto
1621 1707 1652 1744 is
1691 1706 1835 1744 confir-

526 1764 706 1810 maverit,
741 1765 831 1802 ideo
876 1766 1095 1815 quemlibet
1139 1765 1353 1802 articulum
1395 1765 1486 1802 fidei
1527 1766 1649 1802 libere
1687 1764 1836 1814 poterit

526 1835 741 1860 reversare.
787 1824 969 1872 Arguunt
1014 1823 1133 1870 enim,
1174 1836 1262 1860 cum
1303 1823 1426 1860 libere
1465 1823 1514 1860 sit
1553 1823 1834 1861 canonizatum
1852 1827 1891 1861 25

237 1896 293 1925 His
314 1901 499 1933 outrageous
526 1893 597 1929 per
629 1880 783 1917 curiam
831 1883 1053 1918 Romanam
1101 1883 1208 1931 quod
1256 1881 1320 1918 isti
1353 1881 1443 1918 libri
1490 1882 1567 1918 sint
1601 1883 1648 1918 de
1682 1893 1836 1918 canone

310 1932 428 1960 ciaims.
527 1938 648 1974 biblie
681 1947 718 1975 et
751 1938 807 1975 sic
840 1939 1032 1976 autentici
1078 1948 1114 1976 et
1153 1939 1219 1976 alii
1259 1940 1337 1976 sint
1382 1939 1539 1985 abiecti,
1586 1948 1694 1989 patet
1728 1940 1835 1989 quod

527 2005 694 2044 possunt
726 1996 782 2033 sic
816 1997 944 2034 facere
990 2007 1026 2034 et
1071 2010 1160 2034 cum
1196 2006 1279 2034 tota
1313 1997 1480 2035 ecclesia
1513 1999 1584 2035 hec
1623 1999 1835 2047 approbat,

530 2063 639 2102 patet
672 2056 780 2103 quod
803 2054 895 2092 licet
919 2055 995 2092 illis
1020 2056 1149 2092 facere
1173 2057 1244 2093 hec
1278 2065 1315 2093 et
1337 2056 1466 2104 plura.
1492 2057 1569 2093 Sed
1601 2056 1745 2093 veritas
1779 2063 1837 2092 est

527 2113 635 2160 quod
680 2113 789 2149 nulla
833 2113 1033 2162 scriptura
1078 2126 1191 2151 sacra
1250 2123 1415 2163 propter
1471 2113 1835 2151 auctorizacionem
1854 2118 1895 2150 30

526 2171 586 2206 vel
620 2170 973 2208 canonizacionem
1008 2184 1147 2208 eorum
1182 2181 1238 2209 est
1271 2171 1397 2220 magis
1429 2173 1490 2209 vel
1529 2172 1660 2209 minus
1699 2180 1836 2209 auten-

528 2227 619 2274 tica,
662 2228 752 2265 licet
793 2238 960 2278 propter
991 2231 1206 2279 superbam
1238 2229 1517 2279 prodicionem
1552 2243 1690 2268 eorum
1725 2243 1837 2267 casu-

527 2286 642 2322 aliter
687 2286 833 2323 veritas
877 2287 927 2324 sit
971 2289 1123 2337 populo
1175 2288 1301 2337 magis
1352 2297 1505 2337 patens.
1557 2288 1702 2326 Tercio
1766 2288 1838 2324 fin-

529 2352 626 2392 gunt
678 2343 752 2381 sibi
799 2353 1042 2393 potestatem
1099 2346 1432 2393 antichristivam,
1488 2348 1594 2395 quod
1647 2345 1839 2395 quicquid

528 2403 661 2451 quoad
707 2402 885 2451 regimen
919 2403 1085 2441 ecclesie
1128 2404 1342 2441 statuerint
1386 2403 1466 2441 sive
1506 2404 1755 2442 decreverint
1799 2403 1838 2440 in
1856 2407 1894 2440 35

528 2459 809 2507 eleccionibus‚
844 2461 1169 2510 deposicionibus
1212 2463 1272 2500 vel
1317 2461 1404 2499 aliis
1449 2475 1523 2500 con
1552 2459 1556 2516 Ι
1585 2461 1839 2500 cernentibus
1858 2454 1937 2515 *70¹3

530 2526 698 2555 matrem
732 2528 924 2565 nostram,
965 2519 1036 2557 etsi
1070 2519 1251 2558 Christus
1296 2521 1483 2557 decernat
1515 2520 1747 2569 oppositum
1778 2520 1840 2556 vel
1855 2500 1920 2534 ²3⁰

529 2588 599 2624 per
637 2575 883 2625 impossibile
922 2577 996 2626 ipsi
1031 2578 1264 2625 erraverint,
1310 2579 1426 2615 debet
1459 2587 1577 2616 stare.
1632 2577 1697 2615 Sic
1730 2577 1837 2615 enim

528 2633 776 2671 sentenciam
794 2636 901 2684 quod
921 2636 1327 2673 excommunicandus
1345 2637 1563 2673 secundum
1579 2636 1684 2685 leges
1700 2648 1838 2673 eorum

563 2779 568 2784 ι
600 2754 620 2780 ι,
641 2754 666 2774 2.
688 2745 756 2774 DE:
779 2746 945 2774 modificat.
1000 2747 1025 2775 5.
1047 2747 1086 2775 E:
1108 2755 1177 2774 cum
1200 2755 1271 2774 non.
1327 2755 1354 2782 7.
1376 2746 1400 2774 E
1420 2747 1449 2774 in
1473 2755 1586 2783 marg:
1608 2747 1838 2775 Predicatorum

529 2781 686 2808 miracula.
785 2789 814 2817 9,
837 2789 877 2808 10.
899 2781 967 2809 DE:
990 2782 1190 2817 spiritualiter
1209 2782 1302 2809 deest.
1402 2791 1442 2815 14.
1465 2783 1509 2810 A:
1531 2781 1707 2818 opp1·essis;
1737 2782 1776 2809 ib.
1798 2781 1837 2809 E:

528 2814 689 2843 eiciuntur.
789 2817 824 2844 15.
845 2816 889 2843 Λ.
911 2821 955 2843 est
977 2817 1070 2851 quod.
1173 2825 1210 2852 ¹7·
1234 2816 1258 2844 D
1280 2816 1309 2853 in
1332 2825 1446 2852 marg.:
1466 2825 1549 2856 papa
1569 2818 1674 2851 no(tal;
1703 2817 1744 2844 ib.
1765 2816 1790 2844 E
1809 2817 1838 2844 in

530 2858 596 2877 mar
620 2860 643 2877 .:
666 2851 802 2878 Potestas
822 2849 1005 2878 Antichristi
1027 2851 1103 2879 ficta.
1207 2858 1252 2878 20.
1274 2851 1312 2878 12:
1337 2851 1490 2883 beneficii:
1518 2851 1560 2879 ib.
1582 2851 1650 2879 DE:
1671 2851 1839 2887 quidquid3

529 2884 569 2911 ib.
603 2893 608 2901 ⁴
635 2884 664 2912 in
687 2893 800 2920 marg:
821 2893 846 2912 2.
930 2893 978 2919 24.
1000 2885 1069 2913 DE:
1092 2885 1184 2913 libere
1204 2885 1297 2913 deest.
1378 2886 1422 2913 28.
1447 2886 1513 2914 DE:
1534 2890 1677 2921 possent·
1708 2886 1747 2913 ib.
1769 2885 1840 2913 DE:

529 2918 598 2946 iicet
617 2919 754 2958 ecclesia.
846 2919 887 2947 32.
909 2921 954 2948 A:
976 2920 1164 2955 superbiam.
1249 2919 1291 2948 32.
1313 2919 1336 2947 E
1357 2920 1386 2948 in
1409 2929 1520 2956 manga
1542 2919 1567 2949 3.
1652 2907 1693 2948 35.
1714 2920 1759 2948 A:
1781 2924 1840 2959 sta-

530 2957 649 2981 [uerunt
671 2963 734 2982 Slve
754 2954 964 2982 decreverunt.
1020 2954 1065 2983 38.
1081 2955 1125 2983 A:
1148 2963 1200 2990 per
1220 2955 1321 2989 deest;
1342 2955 1382 2983 ib.
1398 2956 1442 2983 A:
1463 2960 1642 2984 erraverunt
1661 2959 1839 2983 erraverint.
