1986 3380
213 303 349 333 SERMO
365 292 494 350 xviii]
691 306 902 337 SECUNDA
930 306 1055 337 PARS.
1742 298 1813 334 133

214 414 268 451 ita
308 415 429 463 quod,
468 413 570 451 sicut
608 412 739 461 primo
784 412 823 449 in
868 411 1026 449 civitate
1060 424 1103 448 ex
1136 411 1377 449 meretricali
1413 411 1528 449 titulo

216 481 300 509 erat
339 480 448 519 nota,
487 471 542 508 sic
582 483 625 507 ex
664 470 868 507 fructuosa
908 469 1135 518 penitencia
1180 469 1319 518 utique
1364 470 1529 507 ecclesie

215 530 396 567 diffusius
430 539 514 567 erat
545 538 655 566 nota.
700 528 843 565 Attulit
888 537 1019 565 autem
1067 528 1106 564 in
1150 527 1317 564 introitu
1363 540 1435 564 suo
1480 529 1530 564 ad

216 588 418 626 Christum
452 596 687 636 sumptuosa
719 586 943 623 necessaria
975 599 1088 622 suam
1129 585 1389 622 devocionem
1428 585 1530 621 indi-

181 646 355 683 §cancia
404 654 440 683 et
492 658 636 693 magna
681 658 726 682 ac
772 645 947 692 prudens
992 644 1158 680 devocio
1209 652 1251 679 ut
1296 656 1375 692 quo
1419 643 1529 692 prius

215 706 337 741 abusa
371 705 499 741 fuerat
531 703 572 739 in
603 702 774 741 lasciviis
807 703 1045 750 expenderet
1075 702 1115 738 in
1138 703 1282 738 devoto
1307 701 1529 738 ministerio
1572 708 1792 754 Grcatncsspf

214 762 444 799 Salvatoris.
480 763 610 808 Quam
644 760 809 810 copiosa
841 760 976 808 itaque
1015 759 1196 808 ploracio
1236 759 1415 796 mulieris
1454 772 1529 808 que
1586 743 1777 813 ffissfflfflfisses

213 819 368 857 suffecit
400 819 480 856 suis
513 819 690 856 lacrimis
721 819 854 855 lavare
877 819 998 866 pedes
1022 817 1197 854 hominis
1219 817 1336 854 nudis
1360 817 1529 866 pedibus

213 877 447 924 incedentis,
483 886 519 914 et
552 890 672 926 quam
707 889 851 924 magna
885 876 1050 913 devocio
1076 875 1253 912 mulieris
1277 888 1352 924 que
1376 876 1530 912 solebat

160 948 197 968 10
213 935 446 972 adulterinis
479 935 706 983 aspectibus
736 934 889 983 capillis
919 934 999 970 suis
1030 934 1124 971 viris
1157 934 1323 970 illudere
1349 933 1530 982 expansis

212 993 289 1030 illis
328 995 449 1042 pedes
488 992 635 1030 Christi
673 992 729 1030 sic
768 1002 933 1040 tergere,
973 991 1097 1029 tercio
1138 1004 1212 1040 que
1251 992 1405 1028 solebat
1446 1004 1529 1028 am-

213 1051 390 1100 plexibus
436 1060 473 1088 et
520 1050 667 1088 osculis
718 1050 932 1098 impudicis
984 1050 1089 1086 viros
1142 1049 1325 1098 decipere
1369 1049 1528 1086 infimas

213 1119 345 1158 partes
378 1109 450 1146 viri
474 1108 695 1157 dignissimi
719 1108 843 1145 voluit
874 1107 1077 1144 humiliter
1099 1107 1286 1154 osculari,
1322 1117 1359 1144 et
1384 1116 1528 1156 quarto

212 1180 288 1216 que
322 1168 476 1204 solebat
507 1176 684 1216 ungento
715 1166 918 1204 odorifero
951 1168 1001 1203 ad
1040 1166 1257 1214 fugandam
1298 1165 1428 1203 carnis
1460 1178 1529 1202 sue

121 1203 346 1287 ffiffsstabem
392 1225 544 1262 luxurie
579 1221 582 1278 Ι
617 1225 811 1262 instanter
860 1237 1007 1273 ungere
1060 1224 1138 1261 iam
1193 1225 1313 1273 pedes
1366 1223 1528 1260 Domini

142 1288 174 1293 ”
212 1283 338 1320 voluit
371 1283 557 1321 devocius
591 1283 768 1320 delinire.

273 1341 389 1378 Stetit
421 1350 554 1378 autem
579 1350 685 1378 retro
710 1341 894 1378 faciendo
924 1342 995 1377 hec
1019 1352 1143 1388 opera
1166 1341 1273 1389 quod
1297 1340 1529 1388 contingere
1560 1346 1624 1374 Her
1644 1347 1797 1383 humility.

215 1409 344 1447 potest
378 1399 591 1447 dupliciter
623 1408 788 1448 propter
819 1398 1101 1436 verecundiam
1141 1411 1261 1447 quam
1304 1398 1441 1434 habuit
1481 1399 1528 1434 de

215 1467 394 1505 peccato,
419 1459 467 1494 Et
482 1467 591 1501 nota,
608 1459 715 1506 quod
739 1457 839 1494 sicut
864 1458 911 1493 de
936 1456 1009 1493 ista
1034 1456 1256 1504 peccatrice
1281 1469 1361 1492 non
1385 1455 1529 1504 legitur

158 1526 199 1548 20
216 1517 323 1564 quod
339 1515 411 1552 fuit
427 1515 607 1552 confessa
631 1524 667 1552 et
690 1517 909 1552 secundum
936 1514 1054 1550 ritum
1080 1514 1147 1562 qui
1171 1514 1289 1551 hodie
1313 1513 1529 1562 requiritur

215 1575 411 1619 absoluta,
445 1573 501 1610 sic
534 1574 778 1610 credendum
811 1573 967 1609 videtur
1001 1574 1108 1620 quod
1142 1572 1171 1608 si
1216 1572 1291 1608 ista
1331 1571 1528 1609 confessio

213 1632 285 1668 fuit
317 1633 366 1668 ad
401 1631 648 1668 delecionem
673 1631 851 1668 criminis
875 1630 1079 1679 requisita„
1114 1643 1194 1666 non
1217 1631 1318 1666 foret
1343 1643 1365 1667 a
1388 1629 1527 1666 scribis
1572 1636 1633 1664 She
1653 1637 1711 1663 had
1734 1642 1787 1663 not

213 1690 349 1727 Sancti
394 1689 565 1738 Spiritus
619 1689 888 1738 pretermissa.
934 1690 1011 1725 Sed
1065 1690 1323 1725 asserendum
1371 1687 1527 1724 videtur
1585 1672 1771 1734 eoffi‘grslsign.

213 1756 443 1785 constanter
465 1747 630 1796 Symoni
654 1749 775 1796 quod,
799 1747 900 1784 sicut
925 1747 1040 1783 dolor
1063 1746 1195 1783 anime
1219 1746 1258 1782 in
1282 1746 1356 1782 ista
1379 1745 1527 1782 femina

156 1807 195 1839 25
212 1806 435 1854 peccatrice
468 1805 540 1842 fuit
574 1805 790 1854 disposicio
823 1815 865 1842 ut
892 1805 1073 1843 Christus
1107 1805 1280 1853 perfecte
1314 1812 1525 1853 peccatum

212 1877 326 1900 suum
362 1863 593 1910 dimitteret,
628 1863 683 1901 sic
716 1876 842 1912 usque
875 1863 914 1900 in
947 1863 1051 1899 diem
1086 1862 1223 1899 iudicii
1252 1875 1414 1911 presens
1437 1875 1526 1899 vere

212 1922 481 1971 penitentibus
515 1923 736 1959 credendus
761 1930 818 1958 est
841 1922 925 1958 sine
947 1921 1016 1958 tali
1041 1921 1291 1957 ioculacione
1314 1929 1524 1969 peccatum

211 1980 426 2017 dimittere.
461 1982 692 2018 Cavendum
727 1980 861 2029 itaque
896 1988 953 2017 est
976 1992 997 2016 a
1022 1979 1113 2016 ficta
1146 1979 1373 2027 penitencia
1405 1991 1454 2015 ne
1486 1978 1526 2014 in

211 2038 538 2076 absolucionibus
572 2047 609 2075 et
642 2038 849 2087 signorum
883 2038 1024 2075 ritibus
1055 2037 1222 2074 ecclesia
1246 2050 1316 2086 per
1349 2037 1526 2074 cautelas

153 2095 196 2127 30
210 2096 387 2134 Simonis
418 2096 468 2133 sit
500 2097 628 2134 illusa.

268 2156 438 2203 Oportet
470 2167 564 2203 ergo
598 2154 757 2191 fidelem
790 2154 830 2192 in
863 2154 1023 2192 Christo
1064 2154 1265 2191 confidere
1304 2154 1525 2190 secundum
1576 2160 1783 2196 Fourthings

210 2222 383 2262 quatuor
407 2214 541 2261 quoad
574 2226 613 2249 se
646 2212 792 2261 ipsum,
831 2212 964 2262 primo
1003 2214 1111 2261 quod
1150 2213 1370 2249 secundum
1410 2211 1526 2248 lacri-
1560 2196 1802 2259 neefflptllfffi-the

211 2284 367 2307 marum
401 2270 559 2320 copiam
593 2271 689 2308 assit
727 2270 801 2307 sibi
839 2283 932 2307 vera
970 2270 1166 2307 contricio
1206 2271 1253 2306 de
1293 2269 1523 2307 commisso.

210 2328 402 2375 Quamvis
430 2337 565 2366 autem
594 2342 675 2366 non
699 2338 859 2378 oportet
883 2330 991 2378 quod
1015 2328 1255 2365 sensibiliter
1278 2327 1523 2373 lacrimetur,

153 2386 191 2419 35
208 2395 344 2424 tamen
364 2396 524 2436 oportet
545 2388 652 2436 quod
676 2386 855 2424 inferiori
871 2386 1034 2424 homine
1056 2386 1258 2424 fructifere
1281 2394 1525 2423 conteratur.

209 2447 394 2483 Secundo
443 2454 603 2494 oportet
657 2446 877 2482 secundum
937 2444 1229 2494 longitudinem
1285 2443 1525 2493 capillorum

208 2503 396 2540 tritorum
430 2504 481 2540 ad
513 2505 634 2553 pedes
665 2503 828 2540 Domini
858 2504 1004 2540 habere
1033 2502 1379 2552 perseveranciam
1408 2502 1526 2540 affec-

209 2561 349 2608 cionis,
379 2574 428 2599 ne
456 2570 646 2611 peccator
671 2561 711 2599 in
735 2562 936 2599 maculam
960 2562 1176 2598 relabatur.
1199 2560 1344 2598 Tercio
1365 2569 1526 2609 oportet

279 2704 298 2723 1.
320 2696 362 2723 D:
384 2695 609 2730 meretricibili;
639 2696 679 2724 ib.
701 2697 745 2724 A:
768 2696 856 2724 titulo
877 2696 972 2724 deest.
1045 2703 1070 2723 2.
1093 2696 1210 2725 Cedet:
1232 2696 1364 2732 utrique.
1431 2705 1461 2729 4.
1483 2695 1522 2723 E:

210 2738 296 2758 suam
316 2730 486 2758 veritatem.
578 2732 605 2760 6.
625 2731 670 2759 A:
692 2730 820 2759 laciviis.
920 2731 948 2759 8.
969 2731 1038 2759 DE:
1061 2731 1181 2759 sufficit.
1275 2740 1316 2759 10.
1338 2731 1406 2758 DE:
1427 2730 1523 2758 viros.

210 2765 304 2803 ¹²:5³
326 2765 410 2793 viros
425 2765 566 2801 decipere
580 2766 674 2793 deest.
753 2765 793 2794 18.
810 2766 849 2793 E:
871 2770 985 2802 posset.
1059 2774 1101 2803 19.
1118 2767 1143 2794 D
1159 2766 1189 2793 in
1205 2774 1319 2801 marg:
1342 2765 1522 2798 Confessio;

210 2800 232 2826 E
253 2808 282 2826 m
304 2808 417 2835 marg:
437 2800 529 2828 Nota.
629 2800 672 2829 25.
692 2801 738 2828 A:
758 2800 864 2834 fue1·it;
895 2800 936 2828 ib.
957 2800 1027 2829 DE:
1048 2801 1218 2837 perfectus;
1248 2801 1288 2829 ib.
1309 2801 1338 2828 A
1358 2801 1387 2827 in
1409 2808 1522 2835 marg:

208 2834 289 2861 Nota
309 2834 354 2872 de⁴
365 2834 565 2862 contricione.
663 2835 711 2864 26.
732 2835 803 2864 DE:
824 2835 868 2862 sic
887 2835 917 2863 in
938 2835 997 2863 die.
1096 2834 1136 2863 31.
1158 2836 1183 2863 E
1202 2835 1233 2862 in
1254 2843 1368 2870 marg:
1391 2834 1523 2870 Oportet

209 2869 327 2896 fidelem
348 2877 378 2896 111
395 2868 525 2908 ‘Christo
545 2869 708 2897 confidere.
829 2869 871 2897 32.
894 2870 962 2897 DE:
984 2879 1046 2906 quo
1066 2870 1167 2904 deest;
1197 2870 1238 2897 ib.
1259 2871 1287 2897 A
1307 2870 1337 2897 in
1359 2877 1472 2903 marga
1494 2877 1520 2902 1;

210 2903 321 2937 Quoad
343 2911 375 2931 se
393 2911 507 2939 ipsum.
614 2903 660 2932 36.
681 2904 737 2933 ΑΕ
756 2904 787 2932 in
808 2912 923 2940 marg.:
944 2912 970 2932 2.
1067 2903 1112 2932 38.
1132 2906 1173 2933 A:
1199 2905 1334 2938 macula3
1354 2903 1395 2931 ib.
1416 2903 1471 2931 ΑΕ
1491 2903 1520 2930 in

209 2946 322 2973 marg.:
342 2936 368 2965 3.
