1986 3380
170 349 176 371 1
199 350 242 381 ¹4
744 347 966 380 JOHANNIS
986 348 1169 380 wrcmr
1190 349 1443 381 saaiiouuu
1506 336 1657 392 [sumo
1680 347 1759 375 xvi.

449 455 666 490 secundum
708 455 858 490 scolam
899 455 1059 502 dyaboli
1103 465 1191 491 sunt
1237 455 1391 504 prelati.
1439 458 1485 491 Et
1528 456 1585 501 (fut
1625 456 1761 494 dicunt

449 512 630 560 quidam)
663 513 711 548 ad
746 513 1019 549 denotandum
1053 513 1347 561 perversionem
1389 513 1500 549 istius
1538 513 1689 551 ordinis
1723 515 1761 551 in

449 570 612 617 prelatis
646 582 756 617 reges
789 570 1025 618 imprimunt
1071 571 1109 607 in
1154 571 1376 608 litterarum
1425 584 1586 608 suarum
1634 572 1761 609 iniciis

449 630 555 676 quod
601 628 677 664 Dei
716 629 855 677 gracia
900 637 989 665 sunt
1037 630 1134 665 tales
1183 639 1218 665 et
1263 629 1403 677 prelati
1457 629 1603 666 cesarei
1653 632 1759 679 quod

443 686 698 735 permissione
721 686 848 721 divina
873 695 963 722 sunt
987 687 1164 736 episcopi,
1179 700 1258 723 non
1275 687 1499 724 animarum
1518 696 1559 723 ut
1575 688 1760 724 dominus
1778 691 1794 723 5

447 745 558 780 Jesus
582 743 762 780 Christus
786 745 852 780 sed
877 745 1074 784 locorum,
1105 754 1141 781 et
1171 757 1306 782 revera
1335 745 1598 793 permissione
1628 746 1759 783 divina

448 810 614 849 possunt
648 813 730 838 esse
763 802 1058 839 sceleratissimi
1094 803 1161 838 lilii
1196 804 1330 851 Belyal
1369 812 1404 839 et
1445 803 1527 851 ipse
1567 805 1759 851 dyabolus

447 861 666 896 secundum
701 872 814 897 suam
848 860 1137 908 presidenciam
1173 861 1274 897 inter
1308 861 1489 898 homines
1512 861 1697 909 agitatus,
1723 871 1758 898 et

447 918 545 954 tales
578 917 741 954 indubie
779 926 870 954 sunt
907 918 1033 955 nostri
1072 918 1249 967 episcopi
1287 918 1360 955 nisi
1400 919 1472 955 Dei
1511 919 1645 967 gracia
1683 920 1758 956 sint

447 975 576 1012 electi.
1780 991 1817 1012 10

506 1032 705 1070 Premittit
738 1046 831 1082 ergo
864 1035 939 1070 hoc
974 1033 1220 1082 evangelium
1262 1034 1460 1083 triplicem
1507 1035 1755 1084 questionem

446 1091 476 1128 si
512 1094 649 1128 Petrus
683 1091 884 1128 Christum
919 1091 1125 1128 caritative
1158 1092 1295 1139 diligat
1328 1101 1363 1128 et
1388 1101 1475 1140 post
1499 1105 1631 1129 veram
1666 1106 1760 1130 con-

447 1149 658 1186 fessionem
711 1149 826 1185 huius
886 1149 1117 1186 dileccionis
1175 1149 1354 1198 adiungit
1413 1150 1486 1186 sibi
1539 1153 1757 1187 secundum

447 1209 649 1255 quandam
685 1207 1000 1256 preminenciam
1041 1207 1181 1255 triplex
1226 1207 1403 1244 officium
1450 1210 1664 1256 pastorale.
1712 1212 1758 1245 Et

447 1275 641 1313 quantum
675 1267 725 1302 ad
759 1267 834 1301 hoc
873 1265 1036 1301 dubium
1084 1274 1217 1301 utrum
1253 1267 1390 1301 Petrus
1434 1266 1521 1314 plus
1555 1266 1756 1303 Christum
1779 1269 1814 1301 13

447 1323 636 1360 dilexerat
671 1336 791 1371 quam
814 1324 1027 1369 johannes,
1061 1323 1215 1360 videtur
1249 1323 1343 1359 mihi
1369 1325 1476 1372 quod
1510 1324 1558 1360 sit
1592 1325 1756 1361 dubium

446 1381 706 1429 impertinens
729 1380 886 1427 viatori,
911 1393 999 1417 cum
1025 1381 1207 1417 Christus
1222 1394 1303 1417 non
1318 1381 1520 1429 signanter
1534 1383 1755 1419 Johannem

445 1438 628 1487 diligeret
673 1439 749 1476 nisi
794 1438 877 1487 ipse
924 1439 1290 1487 proporcionaliter
1334 1439 1515 1487 diligeret
1548 1440 1754 1477 dominum

444 1498 577 1533 Jesum
612 1497 829 1543 Christum,
869 1509 943 1534 nec
982 1497 1208 1545 implicaret
1242 1497 1422 1533 Christus
1460 1497 1500 1533 in
1532 1511 1603 1535 sua
1636 1498 1755 1536 inter-

445 1554 660 1603 rogacione
693 1556 800 1604 quod
834 1557 971 1592 Petrus
1009 1556 1097 1604 plus
1142 1555 1282 1592 ceteris
1326 1555 1519 1603 apostolis
1552 1556 1754 1593 Christum
1772 1569 1815 1591 20

446 1612 627 1661 diligeret
664 1613 740 1650 nisi
773 1613 867 1662 quia
897 1614 959 1650 vel
991 1613 1046 1650 sic
1084 1613 1201 1650 fuerit
1238 1614 1299 1650 vel
1338 1615 1476 1650 Petrus
1513 1614 1568 1650 sic
1607 1615 1755 1652 debuit.

445 1672 538 1707 Ideo
582 1670 845 1719 probabiliter
890 1671 966 1708 dici
1010 1680 1141 1720 potest
1190 1673 1296 1720 quod
1341 1671 1442 1708 sicut
1477 1673 1614 1709 Petrus
1657 1674 1756 1720 gerit

444 1737 582 1776 typum
617 1741 787 1777 persone
826 1729 1006 1766 omnium
1053 1738 1259 1778 pastorum
1309 1729 1439 1777 ipsum
1483 1731 1755 1779 sequencium,

443 1786 500 1823 sic
522 1786 561 1822 in
586 1799 724 1823 eorum
749 1800 921 1835 persona
944 1787 1143 1825 ordinavit
1166 1787 1347 1824 Christus
1371 1789 1478 1836 quod
1503 1788 1588 1836 ipsa
1620 1802 1758 1837 aggre-

443 1853 535 1892 gata
551 1845 638 1893 plus
655 1845 857 1882 Christum
884 1845 1077 1894 diligeret,
1102 1845 1346 1893 Augustinus
1368 1855 1500 1882 autem
1526 1846 1666 1884 diffuse
1689 1849 1755 1884 sed
1773 1850 1812 1882 25

156 1908 242 1947 Pet-er
261 1916 283 1947 ³.
297 1912 368 1944 type
388 1908 418 1935 ol
443 1903 612 1939 obscure
638 1912 768 1940 movet
792 1904 867 1939 hoc
890 1903 1069 1940 dubium.
1095 1906 1194 1940 Nam
1221 1905 1359 1940 Petrus
1383 1913 1419 1940 et
1442 1904 1560 1941 activi
1584 1918 1754 1953 quorum

155 1942 418 2012 agfflgssffififfiff
443 1969 582 2008 typum
616 1970 791 2008 gesserat
823 1962 911 2009 plus
945 1962 1147 1998 Christum
1189 1961 1358 2009 diligunt
1402 1961 1442 1998 in
1487 1962 1642 2009 effectu,
1686 1964 1754 2000 sed

253 2011 323 2039 tive.
444 2018 745 2067 contemplativi
778 2028 820 2054 ut
850 2019 1103 2067 Evangelista
1136 2019 1202 2068 qui
1236 2028 1374 2068 typum
1409 2032 1547 2056 eorum
1580 2031 1754 2068 gesserat

443 2076 670 2124 specialiter
692 2076 732 2113 in
755 2076 1001 2114 beatitudine
1023 2078 1111 2126 plus
1127 2077 1330 2114 Christum
1354 2077 1523 2125 diligunt
1545 2077 1586 2115 in
1608 2079 1753 2127 quiete.

443 2135 491 2170 Et
543 2135 593 2170 ad
645 2135 919 2171 denotandum
973 2137 1081 2184 quod
1134 2135 1209 2172 ista
1262 2134 1494 2172 dileccionis
1546 2136 1754 2173 maioritas
1772 2139 1813 2171 30

444 2191 704 2229 effectualiter
737 2201 794 2229 est
827 2192 866 2229 in
903 2192 966 2230 via
1005 2193 1135 2242 querit
1169 2193 1350 2230 Christus
1388 2193 1428 2230 in
1466 2193 1596 2242 prima
1637 2194 1754 2231 inter-

443 2249 657 2297 rogacione
689 2250 720 2286 si
751 2252 889 2287 Petrus
922 2251 1011 2299 plus
1040 2251 1114 2288 hiis
1143 2250 1273 2300 ipsum
1303 2250 1442 2298 diligat
1471 2260 1507 2288 et
1537 2251 1576 2289 in
1601 2253 1754 2289 duabus

442 2307 699 2356 sequentibus
743 2309 818 2344 hoc
857 2308 1020 2346 omittit.
1073 2311 1120 2346 Et
1164 2318 1273 2357 patet
1317 2310 1424 2358 quod
1475 2311 1594 2346 verba
1640 2310 1754 2347 huius

443 2365 634 2414 evangelii
669 2379 759 2403 cum
794 2375 904 2403 tanta
952 2366 1172 2416 prudencia
1217 2368 1492 2415 ponderantur
1530 2370 1637 2416 quod
1681 2381 1754 2405 nec

443 2435 486 2459 ex
518 2432 624 2460 textu
657 2436 729 2460 nec
761 2436 804 2460 ex
842 2424 1004 2462 racione
1044 2424 1279 2462 convincere
1316 2433 1448 2473 potest
1486 2426 1808 2463 communitas&

440 2480 639 2517 viatorum
687 2494 805 2531 quem
851 2482 1019 2519 istorum
1055 2483 1236 2520 Christus
1284 2482 1410 2530 magis
1458 2483 1648 2521 dilexerat
1693 2484 1754 2521 vel

442 2538 530 2587 quis
564 2551 701 2576 eorum
735 2553 850 2577 suum
886 2541 1103 2578 Dominum
1143 2540 1379 2589 simpliciter
1417 2541 1505 2588 plus
1544 2541 1678 2578 dilexit
1717 2550 1754 2578 et

441 2596 712 2634 revelaciones
745 2597 836 2635 ficte
874 2599 935 2635 vel
974 2599 1160 2647 sompnia
1199 2599 1332 2647 quoad
1377 2597 1494 2635 istam
1542 2599 1751 2636 materiam

440 2660 532 2691 sunt
564 2667 586 2691 a
619 2655 802 2692 fidelibus
834 2659 1170 2705 contempnenda.

509 2843 540 2869 4.
560 2834 630 2862 DE:
660 2835 775 2862 cesarei
802 2835 903 2870 deest;
933 2835 974 2863 ib.
995 2835 1019 2862 E
1045 2835 1075 2863 in
1103 2843 1216 2871 marg:
1247 2836 1406 2864 Perversio
1427 2836 1546 2865 ordinis
1567 2837 1595 2865 in
1618 2838 1751 2873 prelatis.

441 2867 533 2896 Nota.
584 2877 617 2897 ιι.
633 2869 678 2897 A:
701 2869 759 2896 hoc
778 2869 872 2898 deest.
930 2868 967 2899 13,
985 2878 1026 2903 ¹4-
1043 2869 1110 2897 DE:
1134 2870 1299 2898 secundam
1321 2871 1574 2907 preminenciam.
1626 2872 1666 2900 16.
1681 2873 1709 2900 Λ
1724 2872 1752 2900 in

443 2911 510 2931 mar
534 2913 557 2932 .:
578 2903 728 2932 Dubium.
819 2904 858 2933 18.
879 2905 924 2932 A:
948 2904 1005 2932 nisi
1025 2919 1058 2924 -—
1079 2905 1131 2932 dili
1145 2910 1217 2932 reret
1237 2905 1332 2933 deest.
1416 2914 1454 2933 21.
1476 2906 1545 2934 DE:
1567 2906 1638 2942 quia
1659 2907 1753 2934 deest.

442 2945 486 2965 22.
551 2938 581 2966 in
602 2946 670 2966 mar
694 2947 718 2966 .:
741 2938 847 2966 Petrus
866 2939 981 2974 tipieat.
1061 2940 1106 2966 28.
1165 2949 1170 2966 :
1193 2944 1220 2967 et
1241 2938 1451 2975 Evangelista3
1482 2940 1522 2968 ib.
1544 2940 1567 2968 Ε
1589 2941 1617 2968 in
1640 2949 1752 2977 marg:

442 2973 635 3007 Activiplus
693 2973 814 3001 iristuni
836 2973 965 3009 diligunt
986 2974 1233 3009 contciuplalixis
1254 2979 1279 3001 el
1302 2979 1434 3002 econtra.
