1986 3380
249 267 385 296 semro
406 255 535 313 xxm]
717 267 928 301 SECUNDA
958 268 1087 300 PARS.

249 385 408 424 oportet
461 374 805 412 beatificacionem
858 382 999 410 nature
1052 374 1161 421 lapse
1213 373 1401 409 meritum
1447 387 1562 411 suum

1778 263 1848 311 173

250 435 477 482 precedere,
513 446 604 469 cum
628 431 699 468 Dei
733 431 891 468 iusticia
914 431 1082 480 requirit
1114 433 1221 479 quod
1255 432 1389 479 lapsus
1414 445 1436 468 a
1459 441 1564 468 statu
1589 441 1743 478 suffering
1763 448 1844 471 must

250 491 482 528 innocencie
515 488 839 539 prevaricacione
871 489 991 537 primi
1025 489 1197 525 hominis
1231 497 1267 525 et
1290 490 1395 525 ultra
1414 498 1561 526 statum

249 549 483 586 innocencie
516 550 655 585 beatus
688 547 727 583 in
760 546 891 596 patria
924 547 1033 595 prius
1067 547 1263 595 penaliter
1295 547 1491 595 paciatur.

216 611 231 642 5
306 610 416 649 Item,
451 606 630 654 oportuit
664 605 868 642 Christum
901 605 985 653 pati
1008 614 1045 641 et
1068 605 1218 641 intrare
1240 605 1410 652 gloriam
1435 619 1561 646 suam,

249 678 341 712 ergo
376 665 501 701 multo
535 663 659 711 magis
691 664 751 699 vel
784 676 806 699 a
839 663 925 711 pari
958 662 1176 711 requiritur
1215 675 1257 699 ex
1292 663 1363 699 Dei
1404 663 1561 700 iusticia

248 735 528 771 quemcunque
561 721 683 758 alium
718 721 757 756 in
791 721 876 768 ipso
911 721 1085 757 Domino
1126 722 1285 757 beatum
1326 721 1408 768 pati
1443 734 1561 769 penu-

248 781 355 823 liter;
401 780 516 817 aliter
549 779 653 816 enim
699 792 777 815 non
824 779 925 815 foret
970 779 1240 815 consonancia
1286 780 1559 815 membrorum

248 852 336 875 cum
372 838 514 887 capite.

192 910 231 932 ιο
306 899 416 943 Item,
449 904 582 944 preter
615 894 802 931 meritum
836 893 983 930 Christi
1016 904 1175 942 oportet
1206 895 1413 943 quodlibet
1437 908 1561 931 mem-

248 956 361 990 brum
379 967 493 990 suum
511 955 559 990 ad
583 953 851 989 edificandum
876 951 913 987 in
938 964 1109 1000 persona
1135 953 1298 1001 propria
1323 953 1558 1001 promereri,

247 1014 313 1048 sed
333 1025 412 1048 non
437 1020 558 1048 restat
592 1010 700 1047 racio
735 1009 866 1046 meriti
900 1009 974 1046 nisi
999 1010 1194 1058 penalitas
1226 1024 1347 1059 quam
1382 1011 1421 1047 in
1455 1020 1559 1048 statu

246 1070 479 1106 innocencie
523 1082 603 1105 non
655 1068 824 1109 subiret:
878 1080 970 1115 ergo
1024 1068 1077 1104 illi
1129 1078 1289 1117 oportet
1342 1069 1560 1118 quemlibet

246 1129 481 1165 salvandum
516 1126 654 1163 subici.
690 1129 860 1175 Oportet
894 1126 998 1162 enim
1034 1140 1194 1163 omnem
1227 1127 1431 1164 hominem
1457 1128 1559 1163 mori

193 1186 461 1234 15penaliter3
507 1198 583 1234 que
615 1197 717 1233 pena
755 1184 786 1221 si
831 1197 912 1220 non
956 1184 1057 1221 foret
1103 1185 1321 1231 meritoria,
1368 1187 1561 1222 audenter

246 1257 379 1281 assero
413 1245 519 1293 quod
554 1243 715 1291 punitus
754 1255 833 1279 non
873 1251 930 1278 est
969 1244 1016 1279 de
1054 1255 1223 1279 numero
1263 1244 1559 1280 salvandorum.

246 1305 416 1350 Oportet
461 1314 554 1349 ergo
599 1302 647 1337 ad
693 1300 1005 1349 disposicionem
1060 1301 1223 1337 maioris
1273 1301 1408 1349 gaudii
1453 1304 1559 1350 quod

246 1360 474 1409 quicunque
518 1360 649 1407 ipsum
695 1358 900 1395 intraverit
945 1367 1060 1395 antea
1106 1372 1249 1407 penam
1295 1368 1437 1407 gustet.
1485 1363 1560 1396 Ista

246 1428 378 1455 autem
426 1417 618 1455 exaltacio
664 1417 810 1453 Christi
855 1416 895 1452 in
940 1429 1057 1453 cruce
1109 1417 1182 1453 fuit
1234 1417 1457 1454 necessaria
1511 1420 1561 1454 ad

189 1489 436 1524 201nagnum
470 1475 661 1523 gaudium
695 1484 785 1523 post
818 1477 1073 1522 gustandum.
1108 1478 1222 1511 Nunc
1246 1475 1366 1523 igitur
1391 1476 1563 1512 instante

246 1544 428 1582 tempore
460 1532 657 1582 passionis
690 1532 882 1569 iudicium
918 1533 1055 1569 mundi
1096 1542 1152 1569 est
1192 1535 1300 1582 quod
1340 1534 1562 1570 mundiales

246 1606 268 1629 a
313 1591 497 1629 fidelibus
542 1591 840 1634 discernuntur:
886 1604 979 1627 nam
1027 1591 1058 1627 si
1111 1591 1198 1640 quis
1252 1591 1378 1628 fidelis
1431 1592 1561 1637 fuerit,

247 1650 572 1699 persecucionem
597 1649 749 1697 patitur
771 1658 937 1697 propter
952 1649 1151 1686 iusticiam
1176 1649 1278 1685 sicut
1299 1652 1429 1695 Jesus;
1455 1652 1562 1698 quod

246 1709 276 1745 si
299 1722 380 1745 non
402 1708 554 1756 patitur
577 1716 633 1744 est
656 1707 840 1753 infidelis,
866 1708 1016 1743 mundo
1042 1707 1198 1743 deditus
1223 1716 1259 1744 et
1283 1707 1339 1743 sic
1371 1710 1561 1749 mundus:

190 1767 337 1806 25ideo
393 1765 629 1814 accipiendo
687 1765 880 1802 iudicium
936 1778 1009 1814 pro
1053 1765 1122 1801 illo
1173 1766 1281 1814 quod
1326 1766 1562 1814 exemplavit

246 1826 306 1862 vel
339 1824 523 1873 figuravit
555 1823 733 1860 divinum
767 1823 974 1870 iudicium⁷
1014 1832 1123 1872 patet
1157 1825 1264 1872 quod
1298 1837 1402 1860 nunc
1442 1823 1562 1860 instat

247 1882 385 1919 mundi
418 1881 624 1919 iudicium.

304 1942 416 1977 Nunc
454 1941 638 1990 princeps
670 1940 782 1976 huius
813 1941 948 1976 mundi
977 1940 1134 1976 eicietur
1155 1940 1290 1988 joras,
1336 1952 1425 1977 cum
1467 1941 1560 1977 dato

246 1998 459 2035 sufficienti
492 1998 628 2047 precio
662 2000 745 2035 Deo
778 1998 883 2047 patri
928 2011 1001 2046 pro
1035 1997 1360 2046 prevaricacione
1395 1998 1560 2035 humani

187 2062 230 2094 30
247 2057 401 2105 generis
434 2056 677 2105 diaboloque
709 2069 789 2092 non
812 2056 934 2104 gratis
959 2057 1169 2093 recedente
1192 2057 1241 2092 ab
1266 2056 1428 2093 homine
1453 2065 1562 2105 patet

247 2128 289 2152 ex
323 2114 394 2151 Dei
427 2114 728 2163 omnipotencia
761 2115 868 2164 quod
900 2114 1093 2151 violenter
1126 2115 1242 2150 debet
1277 2114 1362 2151 eici.
1396 2117 1444 2150 Et
1478 2115 1561 2163 ipse

246 2173 393 2209 dicitur
406 2172 593 2221 princeps
609 2172 762 2219 mundi,
778 2173 817 2209 id
833 2181 903 2219 est,
920 2172 994 2209 sibi
1010 2171 1282 2209 subiectorum
1294 2172 1559 2209 mundialium

246 2244 316 2279 per
348 2239 526 2280 peccata,
567 2244 657 2267 cum
691 2230 740 2267 sit
780 2243 845 2267 rex
883 2243 1003 2279 super
1040 2242 1179 2267 omnes
1220 2230 1323 2267 filios
1361 2230 1560 2279 superbie,

247 2298 283 2326 et
327 2298 542 2338 propterea
586 2302 667 2326 non
712 2288 920 2337 impedivit
964 2298 1124 2326 sanctos
1169 2302 1191 2325 a
1225 2288 1335 2337 regni
1379 2288 1559 2334 introitu,

188 2353 227 2385 35
247 2361 335 2384 cum
370 2360 440 2396 per
472 2347 699 2396 passionem
736 2346 882 2384 Christi
916 2346 1118 2384 iniciative
1150 2355 1289 2395 aperta
1324 2355 1381 2383 est
1420 2346 1559 2383 ianua:

246 2407 349 2457 Ego,
393 2405 534 2454 inquit⁷
579 2406 614 2442 si
643 2406 840 2442 exaltatus
860 2406 984 2454 suero
1016 2418 1038 2441 a
1070 2413 1178 2442 terra
1224 2417 1294 2453 per
1338 2404 1559 2441 cruciatum

244 2465 442 2512 penalem,
477 2464 602 2500 omnia
638 2464 792 2500 traham
826 2464 877 2499 ad
908 2475 968 2499 me
999 2463 1136 2513 ipsum,
1175 2463 1270 2511 quia
1308 2475 1398 2499 cum
1436 2462 1561 2500 virtus

313 2630 334 2657 ι,
355 2630 381 2651 2.
402 2624 447 2651 A:
468 2627 590 2658 oportet
609 2637 643 2642 —-
663 2622 826 2658 precedere
846 2622 940 2650 deest.
1022 2629 1041 2649 1.
1063 2622 1092 2650 A
1112 2621 1141 2649 in
1163 2629 1277 2657 marg:
1301 2630 1326 2649 1:
1349 2622 1373 2650 E
1393 2623 1423 2650 in
1445 2631 1558 2658 marg:

243 2656 385 2685 Meritum
401 2662 523 2693 oportet
539 2657 700 2693 precedere
716 2657 936 2685 beatitudinem
953 2657 1173 2693 perpetualem.
1242 2657 1265 2684 5.
1280 2656 1349 2685 DE:
1372 2663 1403 2685 ut
1417 2658 1559 2689 intraret:

243 2692 283 2719 ib.
304 2693 332 2720 A
353 2692 383 2720 in
404 2701 518 2728 marg.:
539 2700 565 2720 2.
672 2701 699 2732 7.
721 2692 791 2719 DE:
812 2700 882 2719 cum
902 2692 989 2728 ipso:
1019 2691 1060 2719 ib.
1081 2692 1126 2719 A:
1147 2691 1276 2719 domino
1297 2692 1399 2725 dees13
1429 2693 1469 2720 ib.
1491 2693 1559 2719 DE:

245 2727 366 2754 beatum
388 2727 482 2755 deest.
573 2727 600 2755 S.
622 2728 651 2755 A
671 2735 700 2755 in
723 2735 837 2762 marg.:
859 2726 884 2754 3.
984 2735 1025 2757 ιο,
1049 2735 1082 2753 ιι.
1104 2726 1172 2753 DE:
1195 2730 1316 2761 oportet
1336 2727 1561 2762 quantumlibet

244 2766 384 2789 sanctum
406 2761 591 2790 membrum.
675 2770 708 2789 11.
730 2761 804 2789 AD:
826 2761 863 2789 ad
885 2761 985 2794 deest;
1007 2761 1047 2788 ib.
1069 2762 1113 2788 A:
1136 2761 1262 2796 propria
1282 2761 1376 2788 deest.
1452 2770 1492 2796 ¹4-
1514 2763 1558 2788 A:

244 2796 323 2824 mori
345 2796 434 2823 mori.
537 2797 578 2825 16.
599 2797 643 2825 A:
667 2797 805 2832 penitus3
836 2796 876 2824 ib.
899 2796 939 2824 E:
961 2796 1180 2823 salvandorum
1203 2800 1259 2823 etc.
1363 2796 1403 2827 ιδ,
1426 2804 1466 2831 19.
1489 2796 1558 2823 DE:

243 2831 304 2858 Ista
324 2839 406 2866 ergo.
481 2839 522 2866 ¹9-
544 2831 613 2859 DE:
634 2839 704 2859 cum
725 2839 824 2859 cruce.
906 2838 953 2859 20.
975 2830 1044 2859 DE:
1066 2838 1147 2858 nunc
1167 2838 1198 2858 er
1221 2839 1248 2857 o.
1324 2838 1363 2858 21.
1384 2832 1428 2858 A:
1452 2831 1559 2858 mundi

244 2865 345 2900 deest3
374 2865 416 2893 ib.
437 2866 482 2894 A:
502 2874 564 2901 quo
585 2866 774 2900 mundiales;
794 2865 835 2893 E:
856 2865 937 2901 quia.
1099 2864 1143 2893 23.
1163 2866 1191 2892 A
1231 2875 1237 2892 :
1259 2865 1338 2893 sicut
1355 2865 1444 2893 Jesus
1464 2865 1559 2893 deest.

245 2899 289 2927 28.
311 2901 339 2927 A
360 2899 390 2927 in
412 2908 527 2936 marg:
546 2900 700 2928 Judicium
722 2901 845 2936 duplex.
920 2899 957 2928 31.
979 2901 1024 2929 A:
1045 2899 1189 2927 violenta.
1264 2899 1333 2927 DE:
1356 2899 1391 2927 Et
1412 2900 1505 2936 quod.

1615 485 1700 503 come
1723 478 1824 505 before

1677 512 1758 538 bliss.
