1986 3380
176 271 255 314 455

175 1028 251 1055 How
265 1028 369 1056 Christ
385 1033 448 1055 culs

195 1063 251 1090 His
272 1063 425 1090 mcmbers

182 1097 240 1125 and
262 1098 331 1135 they
353 1098 436 1126 Him.

759 278 982 309 JoHANNJs
1002 278 1183 309 winkil<
1202 277 1458 309 SERMONUM
1523 264 1676 321 [NJsslx‘MU
1700 276 1773 303 l-Xl-

463 385 497 419 1'11
538 397 595 420 me
633 391 757 419 tuane!
797 392 831 420 et
870 396 942 433 ego
983 383 1017 418 in
1057 383 1134 418 illo.
1184 385 1259 419 Ista
1298 392 1430 419 autem
1473 384 1678 420 conclusio
1719 397 1779 421 cx-

463 442 599 490 planat
633 442 847 478 correlarie
871 441 964 489 quid
1000 450 1057 476 est
1091 440 1354 488 spiritualiter
1387 443 1653 478 manducare:
1688 455 1779 479 cum

464 499 568 536 enim
603 500 739 536 anima
772 499 825 535 ibi
859 499 907 535 sit
942 498 1007 534 ubi
1041 498 1228 544 aflicitur,
1264 508 1373 547 patet
1409 501 1516 548 quod
1550 500 1780 548 recipiendo

463 559 511 594 de
546 557 620 594 hiis
654 557 835 606 partibus
870 556 1017 593 Christi
1059 558 1242 593 devotam
1289 557 1526 594 memoriam
1560 560 1778 595 secundum

463 624 542 652 tres
575 615 735 652 ordines
777 614 997 664 spiritualis
1039 614 1273 663 digestionis
1314 615 1353 652 in
1393 616 1558 652 homine
1598 616 1814 653 interiori5

463 673 518 710 sic
552 675 693 710 devote
727 675 905 710 recolens
940 681 1074 709 manet
1106 672 1146 709 in
1169 673 1342 719 Christo,
1377 686 1467 710 cum
1492 686 1584 710 suus
1617 674 1780 722 spiritus

465 732 532 780 qui
567 741 624 768 cst
648 741 732 768 tota
766 730 1032 780 personalitas
1056 744 1126 767 sua
1151 740 1286 768 manet
1310 731 1348 767 in
1373 732 1473 780 ipso.
1507 734 1588 768 Nec
1613 733 1779 769 dubium

465 790 561 839 quin
595 799 759 826 econtra
793 789 974 827 Christus
1016 798 1150 826 manet
1192 791 1411 826 secundum
1452 789 1700 827 divinitatem
1741 790 1780 826 in

467 848 535 885 illo
570 856 606 884 et
639 861 709 896 per
742 847 938 896 graciam:
981 856 1018 884 et
1050 849 1270 884 secundum
1311 848 1604 885 humanitatem
1644 858 1780 886 manet

464 906 503 942 in
537 906 605 942 illo
639 907 859 942 secundum
884 918 967 942 esse
1000 905 1208 954 spirituale
1235 907 1284 943 ad
1319 906 1623 944 edificacionem
1648 906 1779 944 anime
1801 919 1838 942 ιο

464 963 519 1001 sic
553 964 738 1000 amantis.

523 1023 718 1070 Explanat
763 1030 896 1058 autem
938 1021 1120 1058 Christus
1166 1022 1311 1058 clarius
1352 1022 1469 1059 istam
1514 1022 1779 1060 sentenciam:

464 1081 583 1127 Sicut,
616 1079 758 1129 inquit,
792 1080 893 1116 misit
925 1092 984 1116 me
1016 1080 1145 1116 vivens
1167 1080 1299 1127 Pater,
1331 1088 1366 1117 et
1397 1093 1470 1131 ego
1505 1081 1588 1117 vivo
1615 1088 1782 1131 propter

464 1139 636 1185 Patrem,
675 1146 710 1175 et
747 1138 812 1187 qui
847 1139 1055 1174 manducat
1092 1150 1152 1174 me
1189 1146 1222 1174 et
1267 1139 1346 1188 ipse
1386 1139 1484 1175 vivet
1510 1147 1678 1189 propter
1710 1152 1779 1176 nze.

463 1198 505 1232 In
544 1196 620 1233 ista
652 1195 915 1233 similitudine
955 1197 1120 1232 docetur
1161 1196 1374 1245 dupliciter
1415 1199 1621 1246 quomodo
1661 1200 1837 1234 causa15

463 1253 637 1302 originat
670 1267 785 1291 suum
823 1262 1046 1291 causatum.
1090 1255 1257 1291 Constat
1291 1255 1453 1304 quidem
1487 1267 1531 1292 ex
1563 1255 1640 1292 fide
1673 1257 1780 1305 quod

463 1321 576 1361 pater
620 1312 732 1361 prior
778 1321 874 1350 nato
915 1325 987 1349 suo
1027 1312 1180 1361 origine
1223 1313 1452 1350 eternaliter
1495 1322 1631 1351 causat
1676 1326 1779 1360 eum,

462 1383 543 1407 non
587 1370 694 1417 facit,
737 1370 830 1408 licet
874 1370 993 1408 faciat
1039 1371 1169 1419 ipsum
1216 1383 1299 1408 esse
1343 1371 1547 1409 hominem
1592 1373 1652 1409 vel
1697 1372 1780 1409 eius

463 1428 773 1466 humanitatem.
809 1431 857 1465 Et
891 1430 1254 1478 correspondenter
1277 1429 1378 1467 sicut
1403 1432 1519 1468 Pater
1552 1430 1781 1467 eternaliter

467 1495 605 1524 causat
628 1487 772 1524 Filium
808 1496 845 1524 et
876 1500 957 1524 non
990 1487 1084 1524 facit
1117 1500 1206 1524 eum
1241 1487 1429 1525 divinitus
1462 1490 1529 1525 sed
1564 1488 1658 1526 facit
1690 1501 1779 1525 eum
1797 1502 1838 1524 20

468 1545 714 1592 humanitus,
748 1545 804 1582 sic
837 1545 1019 1582 Christus
1053 1554 1190 1583 causat
1223 1546 1411 1583 continue
1443 1559 1542 1595 pure
1574 1546 1780 1584 hominem

467 1604 535 1640 sed
569 1616 651 1640 non
683 1603 777 1641 facit
811 1616 900 1640 eum
936 1603 1123 1641 continue
1154 1616 1238 1641 esse
1262 1604 1480 1652 hominem,
1513 1605 1605 1642 licet
1637 1606 1782 1654 proba-

466 1661 599 1698 biliter
632 1661 710 1699 dici
744 1661 870 1710 possit
903 1663 1010 1711 quod
1043 1675 1124 1700 non
1157 1662 1345 1700 continue
1378 1663 1471 1700 facit
1503 1662 1679 1700 animam
1713 1665 1782 1700 sed

468 1719 563 1756 facit
599 1720 787 1757 continue
825 1719 956 1769 ipsum
998 1733 1156 1770 corpus,
1198 1721 1292 1770 quia
1332 1729 1389 1758 est
1427 1721 1615 1758 continue
1653 1721 1693 1758 in
1726 1721 1780 1758 fa-

468 1777 624 1825 ciendo,
665 1779 726 1815 vel
767 1778 921 1816 noviter
959 1791 1033 1827 pro
1072 1788 1254 1828 tempore
1291 1779 1483 1816 viacionis
1521 1788 1656 1829 partes
1694 1792 1780 1817 cor·
1797 1782 1836 1815 25

467 1835 577 1884 poris
610 1837 678 1873 sed
710 1849 791 1874 non
814 1845 947 1885 partes
973 1837 1095 1874 creati
1120 1836 1295 1886 spiritu8‚
1330 1837 1512 1886 quamvis
1545 1839 1595 1875 ad
1618 1850 1778 1875 sensum

469 1894 707 1943 equivocum
754 1894 910 1932 dicatur
956 1896 1062 1944 quod
1102 1897 1208 1932 Deus
1252 1908 1410 1944 semper
1448 1896 1542 1933 facit
1582 1895 1780 1945 quaslibet

465 1960 683 1990 creaturas.
716 1953 810 1989 Vult
845 1966 938 2001 ergo
979 1953 1111 1990 dicere
1151 1955 1258 2002 quod
1298 1953 1400 1991 sicut
1432 1955 1550 1991 Pater
1590 1954 1779 1992 continue

463 2019 601 2047 causat
624 2011 768 2048 Filium
794 2020 832 2048 et
855 2011 910 2048 sic
933 2011 1057 2048 Filius
1086 2012 1135 2048 sit
1160 2012 1392 2049 eternaliter
1415 2021 1580 2062 propter
1604 2015 1777 2059 Patrem,

462 2067 517 2105 sic
556 2068 622 2117 qui
671 2069 744 2106 rite
784 2071 1001 2107 manducat
1040 2070 1183 2107 Filium
1229 2070 1323 2107 vivit
1367 2079 1564 2120 perpetuo
1609 2079 1776 2120 propter
1793 2075 1834 2108 30

462 2125 605 2175 ipsum.
652 2128 766 2164 Unde
813 2129 1036 2165 notandum
1084 2137 1141 2165 est
1185 2128 1395 2177 diligenter
1440 2130 1546 2178 quod
1594 2129 1775 2166 Christus

462 2185 638 2221 comedit
672 2187 854 2223 membra
886 2199 956 2223 sua
991 2195 1027 2223 et
1061 2186 1147 2235 ipsa
1170 2186 1282 2223 illum
1316 2189 1536 2224 secundum
1572 2187 1774 2236 disparem

461 2242 686 2290 racionem3
722 2244 904 2282 Christus
938 2244 1044 2281 enim
1079 2245 1255 2282 comedit
1288 2246 1471 2282 membra
1503 2258 1575 2283 sua
1608 2245 1775 2283 assimu-

461 2301 583 2338 lando
616 2301 684 2339 illa
707 2302 794 2349 sibi,
829 2311 871 2339 ut
904 2311 1099 2351 perpetuo
1123 2303 1162 2339 in
1196 2303 1362 2341 ecclesia
1386 2316 1456 2340 sua
1490 2316 1579 2341 curn
1605 2316 1775 2353 corpore

461 2358 538 2395 sint
571 2360 687 2396 beata
710 2361 760 2397 ad
793 2360 1097 2398 similitudinem
1123 2374 1202 2410 qua
1225 2362 1346 2398 homo
1371 2362 1546 2399 comedit
1579 2361 1773 2399 cibarium
1793 2365 1831 2398 35

462 2416 741 2465 imperfeccius
775 2420 1025 2456 comedente.
1061 2420 1137 2456 Sed
1171 2421 1353 2457 membra
1386 2419 1535 2457 Christi
1570 2419 1775 2457 Christum

463 2477 691 2522 comedunt,
726 2485 769 2512 ut
802 2476 875 2513 sibi
909 2476 1172 2525 spiritualiter
1194 2477 1432 2514 similentur.
1466 2480 1514 2515 Et
1547 2478 1602 2516 sic
1625 2487 1775 2527 quanta

464 2541 521 2569 est
555 2533 761 2571 diversitas
785 2534 887 2571 inter
921 2543 1218 2572 convertentem
1245 2535 1379 2572 cibum
1413 2537 1463 2573 ad
1495 2536 1554 2573 sui
1586 2545 1773 2573 naturam

463 2599 499 2627 et
545 2590 678 2628 cibum
728 2604 963 2629 conversum
1018 2595 1067 2630 ad
1111 2601 1298 2631 naturam
1345 2594 1509 2641 edentis,
1554 2603 1665 2632 tanta
1717 2603 1775 2632 est

531 2698 551 2718 1.
567 2689 592 2718 E
605 2691 634 2718 in
651 2699 717 2719 mar
741 2701 764 2720 .:
785 2692 965 2728 Specialiter
979 2693 1175 2721 manducare.
1232 2692 1257 2721 3.
1271 2695 1316 2722 A:
1338 2701 1408 2722 vere
1422 2693 1469 2722 sit.
1524 2694 1548 2723 5.
1563 2695 1608 2723 A:
1628 2694 1774 2724 hominis.

461 2725 489 2756 8,
505 2733 533 2761 9.
549 2727 593 2753 A:
617 2734 708 2754 secun
736 2735 786 2766 um
806 2743 840 2747 —
860 2731 963 2766 man-ct
980 2728 1076 2767 deest.
1176 2736 1217 2763 14.
1232 2729 1277 2757 A:
1299 2728 1383 2757 vivit.
1488 2728 1523 2757 15.
1538 2730 1582 2757 A:
1603 2729 1641 2758 tri
1668 2730 1774 2758 liciter.

461 2760 502 2788 25.
518 2761 563 2788 A:
580 2760 624 2788 vel
641 2760 741 2795 deest;
763 2762 802 2789 lb.
818 2761 887 2789 DE:
910 2770 1059 2790 viacioms
1079 2763 1172 2791 deest.
1245 2763 1290 2791 28.
1311 2764 1355 2791 A:
1377 2771 1449 2800 crgo
1470 2763 1564 2792 deest.
1655 2773 1674 2792 ι.
1696 2765 1721 2792 Ι)
1743 2765 1773 2793 ἰη

462 2802 574 2864 ξυνῇς
599 2794 634 2858 R]
656 2795 972 2859 mtarg.sllf;›tgebetne;
1003 2797 1211 2860 hginffljarg'f
1233 2797 1375 2861 Clhristus
1395 2799 1529 2827 comedit
1549 2800 1686 2828 membra
1708 2808 1772 2828 sua.

499 2845 578 2856 -.
637 2839 744 2858 :c—
878 2840 932 2859 es.
1035 2840 1060 2868 7.
1123 2841 1369 2861 ⁴:51muanun

535 2901 586 2934 13.
611 2901 689 2934 Joh.
711 2902 768 2943 vi,
797 2901 849 2934 58.
