1986 3380
225 282 360 310 sannio
383 272 434 329 ir]
704 281 913 314 SECUNDA
945 281 1067 312 PARS.
1787 281 1793 303 ¹
1811 268 1828 304 3

223 392 492 434 sacerdotum,
532 389 598 438 qui
637 388 871 425 occiderunt
912 395 1031 434 caput
1072 394 1291 433 martyrum
1332 384 1537 420 dominum

222 452 354 486 Jesum
389 447 612 489 Christum;
652 459 723 483 nec
764 445 965 482 occisione
1001 443 1161 480 mentali
1196 443 1255 479 vel
1289 442 1541 490 lapidacione

223 507 350 544 vocali
384 508 451 543 sed
484 505 524 542 in
557 506 661 542 facto
696 503 908 552 perficiunt
941 501 1205 539 homicidium
1244 500 1405 536 illorum
1442 514 1541 548 quos

225 568 328 601 Deus
352 565 442 601 ideo
462 563 538 600 illis
557 562 674 599 misit.
699 563 1016 609 Verumptamen
1039 558 1250 608 generacio
1275 559 1346 594 hec
1370 560 1540 606 reproba

191 629 259 660 §et
293 621 519 672 specialiter
540 620 759 657 Jerusalem
793 632 885 668 sepe
917 618 987 655 fuit
1017 619 1089 654 sub
1119 617 1192 654 alis
1217 615 1377 652 Domini
1409 625 1542 652 tenere

224 690 475 730 congregata„
517 680 584 716 sed
629 679 826 715 evolando
874 689 917 713 ex
956 675 1121 725 propria
1162 674 1320 711 malicia
1359 673 1542 710 submisit

223 753 263 777 se
287 738 426 788 rapine
451 736 655 785 accipitris
679 736 819 772 nolens
844 735 883 771 in
907 733 1165 783 proteccione
1190 732 1260 769 Dei
1286 744 1541 780 permanere:

224 811 303 835 non
347 797 403 833 sic
448 795 708 843 intelligendo
753 795 860 842 quod
907 794 978 829 hec
1026 790 1237 840 generacio
1277 790 1349 826 fuit
1387 795 1637 834 tantumilmv
1653 796 1752 835 5103ss
1771 796 1831 823 will

225 856 356 893 divine
388 853 584 891 voluntati
618 851 834 897 contraria,
868 850 923 887 sic
957 852 1065 899 quod
1090 852 1194 886 Deus
1222 848 1347 885 voluit
1381 860 1544 895 congre-
1585 839 1609 856 μ’
1630 831 1808 867 ‘¹¹⁵⁴'b‘3‘d'

173 914 433 963 iogacionem
473 910 703 948 huiusmodi
743 919 779 947 et
819 922 900 946 non
938 908 1024 954 fuit,
1065 920 1154 944 cum
1195 906 1331 943 omnia
1370 918 1544 954 quecun-

225 985 301 1022 que
316 970 441 1009 voluit
458 969 653 1007 Dominus
670 968 761 1005 fecit
785 968 824 1004 in
849 968 934 1004 celo
959 976 996 1003 et
1017 966 1057 1002 in
1079 975 1198 1002 terra.
1223 965 1301 1001 Sed
1316 964 1545 1013 frequenter

227 1030 421 1068 Dominus
459 1028 585 1065 voluit
624 1027 720 1063 istos
761 1027 956 1075 reprobos
1001 1035 1256 1072 congregare,
1303 1031 1339 1059 et
1379 1022 1435 1058 sic
1474 1022 1545 1058 fuit

225 1089 445 1126 secundum
496 1094 724 1135 presentem
774 1083 988 1128 iusticiam,
1041 1083 1109 1119 sed
1160 1080 1370 1118 deficiente
1415 1093 1545 1128 perse-

225 1146 410 1184 verancia
454 1144 607 1182 tociens
645 1144 873 1188 noluerunt,
913 1141 1004 1178 ideo
1044 1140 1292 1189 relinquetur
1323 1139 1542 1174 Jerusalem

174 1210 210 1243 15
227 1207 384 1242 deserta
407 1201 717 1252 quadragesimo
741 1201 918 1238 secundo
943 1212 1049 1236 anno
1074 1207 1164 1247 post
1188 1206 1360 1234 mortem
1383 1195 1543 1233 Domini

226 1263 319 1300 Tito
360 1271 397 1299 et
435 1260 682 1309 Vespasiano
721 1258 996 1296 obsidentibus
1035 1266 1073 1294 et
1112 1255 1408 1293 destruentibus
1455 1253 1547 1291 civi-

228 1330 365 1358 tatem.
420 1322 499 1356 Nec
545 1319 690 1355 debent
729 1316 933 1366 despicere
979 1315 1096 1352 istam
1138 1323 1308 1351 matrem
1349 1325 1425 1362 que
1463 1322 1545 1350 tarn

229 1380 449 1416 secundum
485 1376 735 1413 divinitatem
766 1387 886 1424 quam
921 1375 1141 1411 secundum
1176 1371 1468 1409 humanitatem
1503 1383 1546 1407 ex

229 1446 339 1474 tanta
363 1435 498 1484 gracia
521 1435 576 1471 sic
599 1434 703 1471 fovet
727 1434 858 1482 pullos
882 1432 992 1477 istos,
1017 1432 1109 1468 licet
1133 1443 1177 1467 ex
1201 1429 1367 1467 cecitate
1391 1428 1547 1478 peccati

171 1510 213 1532 20
229 1497 331 1532 hanc
370 1492 509 1530 matris
548 1504 616 1529 sue
649 1491 849 1528 focionem
889 1500 1067 1527 teneram
1107 1501 1214 1525 nunc
1245 1501 1327 1525 non
1359 1496 1546 1532 noscant;

227 1552 356 1590 veniet
394 1560 529 1588 autem
568 1559 726 1598 tempus
764 1549 805 1585 in
843 1561 923 1597 quo
961 1556 1172 1584 noscentes
1205 1545 1353 1584 Christi
1391 1554 1546 1594 gratam

228 1609 456 1648 absenciam
481 1617 518 1645 et
541 1620 655 1645 suam
680 1606 992 1656 ingratissimam
1016 1605 1222 1642 accionem
1253 1606 1303 1641 ad
1328 1603 1545 1640 Dominum

228 1676 523 1706 convertentur.
557 1668 649 1703 Ideo
666 1665 848 1703 Christus
871 1664 1091 1713 alloquitur
1115 1662 1422 1711 generacionem
1446 1663 1548 1698 hanc

228 1728 443 1776 reprobam
485 1726 593 1774 quod
637 1737 719 1761 non
763 1723 914 1761 videbit
959 1722 1091 1771 ipsum
1136 1722 1284 1758 amodo
1330 1729 1545 1769 postquam

172 1789 211 1823 25
229 1798 320 1822 eum
364 1782 598 1829 occiderint,
641 1784 768 1819 donee
808 1781 962 1818 dicant:
1001 1780 1233 1817 Benedictus
1270 1779 1335 1828 qui
1372 1778 1472 1815 venit
1510 1778 1545 1813 in

227 1843 378 1880 nomine
415 1841 584 1878 Domini.
639 1842 756 1887 Quod
802 1839 876 1876 erit
921 1837 1208 1888 apparentibus
1254 1836 1377 1886 signis
1417 1835 1547 1873 finalis

228 1901 385 1947 iudicii3
424 1909 519 1937 tunc
559 1899 665 1936 enirn
699 1898 807 1935 Iudei
851 1897 976 1946 aliqui
1016 1904 1301 1934 convertentur
1339 1894 1407 1944 qui
1455 1894 1547 1931 licet

227 1959 305 1997 sint
344 1961 392 1996 de
429 1957 694 2007 generacione
733 1955 936 2005 corporali
974 1956 1159 2004 reproba,
1200 1962 1337 1991 tamen
1377 1962 1467 1990 sunt
1500 1953 1548 1988 de

227 2017 491 2067 generacione
511 2015 708 2053 iustorum
733 2028 824 2052 cum
850 2014 904 2051 eis
921 2013 1156 2059 commixta3
1177 2021 1338 2061 oportet
1355 2011 1459 2048 enim
1477 2011 1547 2048 has

170 2081 212 2114 30
227 2075 510 2125 generaciones
543 2074 660 2111 aliter
692 2086 813 2123 quarn
847 2073 1068 2110 secundum
1098 2083 1260 2108 carnem
1289 2070 1546 2118 distinguere.

286 2135 364 2172 Sed
409 2132 617 2170 dubitatur
662 2132 868 2181 quomodo
908 2129 1091 2168 Christus
1138 2128 1378 2166 multociens
1421 2127 1547 2165 voluit
1594 2135 1805 2175 {mubishow

229 2192 332 2229 filios
358 2192 579 2229 Jerusalem
608 2190 649 2227 in
677 2189 813 2239 gracia
842 2188 1088 2237 congregari,
1120 2200 1210 2224 cum
1242 2186 1381 2224 habuit
1409 2186 1548 2223 volun·
1563 2170 1667 2233 g'ffiffi
1687 2171 1838 2238 ξξζῗ,ἶζ,“,ζζ

227 2260 351 2288 tatem
380 2259 574 2296 eternam,
597 2261 680 2285 non
708 2247 983 2297 interpolatim
1013 2245 1203 2283 divinitus
1232 2254 1269 2282 et
1297 2245 1546 2282 voluntatem
1563 2237 1834 2303 03ᾖὶῑῖξῑξῑῐὶζῇιῇἷς

227 2309 494 2358 temporalem
532 2315 769 2357 perpetuam
801 2305 1052 2350 humanitus;
1084 2313 1122 2341 et
1151 2304 1191 2340 in
1223 2303 1370 2341 talibus
1403 2303 1547 2339 multo-
1671 2298 1674 2301 ’
1703 2287 1747 2302 Η
1791 2294 1828 2302 “’

128 2364 133 2368 ”
173 2371 211 2405 35
228 2367 335 2404 ciens
381 2367 423 2403 fit
466 2365 697 2415 replicacio⁷
742 2373 786 2401 ut
831 2363 1053 2415 nullociens
1093 2365 1199 2399 Deus
1238 2363 1356 2399 Pater
1399 2360 1547 2398 creavit

229 2426 423 2463 mundum
453 2425 515 2462 vel
547 2425 598 2461 ad
631 2423 736 2460 intra
768 2421 955 2472 produxit
988 2421 1147 2458 Filium.
1180 2422 1229 2457 Et
1260 2419 1354 2456 licet
1385 2418 1547 2469 quibus-

227 2485 321 2521 dam
349 2482 533 2521 videatur
561 2483 670 2531 quod
701 2480 883 2518 Christus
911 2479 1170 2530 interpolavit
1198 2477 1419 2516 voliciones
1447 2477 1546 2514 tales

297 2626 324 2654 7.
343 2619 388 2647 A:
410 2617 606 2653 accipientis:
627 2617 668 2644 ib.
683 2617 728 2645 A:
750 2615 886 2644 Domini.
955 2623 995 2643 10.
1017 2614 1087 2643 nE:
1108 2614 1208 2642 fuerit.
1275 2622 1308 2642 ιι.
1330 2614 1358 2641 Α
1378 2621 1408 2641 ιη
1430 2620 1544 2647 marg:

227 2653 307 2681 Vide
325 2652 476 2683 Sermone
496 2652 622 2681 XLVIII
643 2652 672 2679 in
695 2652 763 2679 line.
838 2651 873 2679 15.
894 2651 939 2679 A:
962 2650 1015 2678 XL
1035 2658 1126 2677 anno.
1201 2648 1242 2677 16.
1264 2649 1309 2676 A:
1331 2648 1544 2684 Vaspasianu:

226 2688 268 2716 E:
288 2687 494 2724 Vaspesiano.
579 2688 624 2715 28.
645 2688 690 2714 A:
713 2685 844 2719 curnam
866 2686 906 2713 ib.
927 2686 972 2713 A:
994 2689 1066 2712 tnnc
1087 2689 1167 2712 sunt.
1252 2691 1299 2719 29.
1321 2682 1390 2711 DE:
1411 2691 1481 2710 cum
1503 2682 1546 2709 eis

228 2723 322 2751 deest.
413 2721 459 2750 30.
481 2721 549 2749 DE:
570 2722 657 2749 aliter
676 2729 767 2757 qnam
790 2721 884 2748 deest.
970 2718 1009 2747 31.
1032 2719 1086 2747 ΗΕ
1105 2719 1134 2747 in
1157 2727 1270 2754 marg:
1292 2718 1446 2751 Dubinm;
1467 2718 1494 2745 Α
1516 2717 1544 2744 in

229 2766 344 2797 marga
366 2757 502 2785 Dubium
524 2757 710 2786 secundum:
734 2757 756 2783 Ι)
779 2755 808 2783 in
830 2763 927 2790 marg.
949 2755 1020 2782 inf.:
1043 2755 1075 2783 Si
1096 2755 1239 2781 voluntas
1260 2753 1314 2781 Dei
1336 2753 1546 2787 interpellatur

228 2792 377 2821 divinitus
396 2796 448 2820 aut
467 2791 656 2819 humanitus.
722 2790 765 2819 32.
787 2790 825 2819 13:
847 2789 997 2818 habuerit.
1058 2788 1101 2818 35.
1123 2790 1166 2817 A:
1190 2794 1221 2815 ut
1241 2788 1336 2816 deest.
1401 2787 1446 2814 3⁴¹3.
1468 2788 1494 2814 Α
1517 2787 1544 2812 in

230 2835 344 2863 marg.:
366 2826 548 2863 Responsio.

300 2910 352 2944 25.
381 2911 459 2944 Non
488 2920 542 2943 me
566 2910 725 2943 videbitis
751 2909 893 2947 amodo,
919 2909 1032 2942 donec
1058 2908 1210 2941 dicatis:
1238 2907 1495 2940 Benedictus..
1512 2929 1520 2937 .
1536 2929 1543 2937 .
