1986 3380
136 997 173 1018 10

100 1126 172 1156 Pol.

94 1175 174 1203 220³

136 1276 171 1308 15

134 1576 175 1597 20

135 1856 174 1888 25

136 2146 177 2178 30

136 2435 176 2468 35

185 354 321 383 SERMO
345 343 451 399 xixa]
660 356 874 388 SECUNDA
903 355 1025 387 PARS.

187 463 342 500 videtur
388 463 474 499 tinis
523 462 622 499 alius
668 462 774 498 circa
820 463 889 498 has
936 473 1100 509 magnas
1145 468 1367 496 structuras
1417 469 1497 496 tam

188 521 357 558 sollicite
396 520 598 568 occupari,
639 519 713 556 nisi
752 528 795 556 ut
834 528 1054 567 occupatus
1092 517 1291 555 voluntati
1325 527 1361 554 et
1394 518 1500 554 ordi—

188 579 347 616 nacioni
394 578 465 615 Dei
511 590 594 614 esse
648 577 871 614 contrarius
924 577 1173 614 ostendatur.
1225 577 1342 621 Quod
1395 575 1498 612 enim

189 639 293 673 Deus
326 637 414 685 plus
449 635 589 684 diligit,
625 635 714 671 talis
748 635 879 672 minus
913 634 1041 683 diligit
1069 643 1105 671 et
1130 642 1306 671 econtra.
1342 635 1502 680 Quanta

189 707 281 743 ergo
315 703 372 730 est
406 693 667 730 conformitas
699 694 966 730 voluntatum.

247 753 407 788 Sedente
439 752 564 800 itaque
599 752 688 787 Jesu
725 764 843 800 super
881 758 1044 787 montem
1084 750 1226 787 Oliveti
1261 757 1503 786 accesserunt

188 811 239 846 ad
271 823 353 846 eum
394 809 574 858 discipuli
609 809 688 845 eius
726 817 872 845 secreto
915 809 990 855 (vel
1028 808 1122 857 quia
1161 807 1341 844 Christus
1378 807 1503 844 voluit

189 868 297 904 illam
339 866 656 904 collocucionem
699 879 782 903 esse
822 866 951 903 Iudeis
991 866 1270 903 absconditam
1308 866 1370 902 vel
1410 865 1504 914 quia

189 925 369 962 Christus
403 924 633 961 absentibus
656 924 828 972 indignis
858 933 1008 961 secrete
1032 924 1237 973 quiescere
1259 925 1319 960 vel
1340 932 1504 972 propter

189 983 308 1020 aliam
333 983 503 1019 similem
539 996 699 1019 causam
724 983 838 1019 nobis
861 982 1122 1030 incognitam)
1157 983 1322 1018 dicentes
1354 982 1504 1031 quando

189 1043 256 1078 lzec
300 1049 424 1083 erunt,
470 1041 620 1077 scilicet
666 1042 773 1089 quod
824 1054 895 1076 non
950 1041 1188 1089 relinquetur
1240 1040 1338 1089 lapis
1388 1052 1506 1088 super

189 1100 370 1149 lapidem,
395 1108 436 1135 ut
470 1099 613 1135 dixisti.
649 1099 853 1147 Numquid
888 1100 964 1135 hoc
998 1098 1071 1134 erit
1105 1098 1260 1146 signum
1296 1097 1506 1134 immedia-

188 1167 272 1193 tum
296 1159 488 1194 adventus
511 1157 566 1193 tui
597 1159 646 1193 ad
672 1157 789 1193 finale
820 1157 1011 1193 iudicium
1044 1162 1046 1200 ξ
1077 1165 1113 1193 et
1137 1156 1506 1193 consummacionis

189 1215 310 1252 seculi
342 1216 403 1252 vcl
436 1217 654 1252 secundum
681 1228 799 1263 quem
834 1215 1016 1251 ordinem
1050 1215 1244 1263 temporis
1277 1214 1352 1251 ista
1386 1214 1505 1250 fient?

190 1276 264 1310 Sed
301 1273 481 1310 Christus
521 1282 655 1310 tacens
696 1275 766 1310 hec
806 1272 1066 1321 particularia
1107 1281 1262 1309 remota
1295 1281 1502 1321 tamquam

190 1341 341 1369 secreta
386 1340 424 1368 et
468 1331 583 1368 saluti
632 1344 770 1368 eorum
817 1331 1124 1379 impertinencia
1169 1331 1344 1367 inculcat
1384 1331 1502 1367 fidem

190 1399 309 1439 atque
343 1389 564 1438 periculum
601 1391 647 1426 de
680 1389 752 1426 sibi
788 1389 1146 1438 propinquioribus
1181 1398 1217 1425 ct
1249 1389 1338 1437 plus
1371 1401 1504 1425 neces-

191 1448 304 1484 sariis
344 1449 393 1484 ad
432 1449 621 1484 salutem:
664 1448 805 1491 Videte,
844 1447 985 1496 inquit,
1028 1460 1072 1483 ne
1110 1447 1192 1495 quis
1232 1460 1297 1483 vos
1334 1447 1504 1492 seducat,

191 1506 305 1555 quasi
345 1506 512 1542 diceret:
558 1507 659 1542 Ante
700 1505 803 1541 diem
852 1505 987 1542 iudicii
1028 1514 1063 1542 et
1105 1505 1503 1542 consummacionem

191 1564 311 1601 seculi
347 1573 461 1600 erunt
496 1564 532 1599 in
567 1563 733 1600 ecclesia
767 1563 1122 1612 perturbacionum
1164 1563 1356 1611 pericula,
1398 1564 1504 1612 quod

191 1622 460 1670 pertinencius
498 1621 610 1658 vobis
650 1631 706 1658 est
745 1634 1007 1669 cognoscere;
1048 1634 1137 1658 cum
1172 1621 1321 1658 noticia
1363 1623 1410 1657 de
1444 1621 1506 1657 die

192 1680 324 1716 iudicfi
366 1680 414 1715 δὴ
453 1679 689 1716 absccnidita
735 1679 897 1716 ctulibct
943 1688 1123 1716 creature
1170 1686 1225 1724 (ut
1272 1687 1379 1727 patet
1426 1692 1504 1715 ser-

192 1751 336 1775 mone.
364 1768 370 1773 .
397 1767 403 1773 .
430 1746 465 1782 .>.

248 1800 416 1833 Necesse
440 1804 497 1832 est
520 1796 654 1844 itaque
677 1796 792 1832 nobis
817 1808 954 1832 cavere
989 1795 1240 1832 scduccionis
1265 1795 1504 1843 periculum,

192 1867 281 1891 cuni
315 1855 426 1890 nnthi
458 1855 608 1890 venum&
639 1855 713 1890 sint
746 1854 962 1890 hzeccleua
987 1867 1159 1902 quorun]
1194 1853 1361 1902 quifibet
1396 1855 1506 1889 herc-

191 1912 266 1949 tice
299 1921 448 1949 asseret
481 1925 520 1948 se
552 1925 630 1948 esse
667 1913 878 1957 (Ilm-istum,
913 1920 949 1948 et
988 1925 1058 1960 per
1096 1925 1357 1960 consequens⁷
1401 1911 1506 1947 circa

193 1970 427 2007 duccionem
465 1983 534 2018 per
567 1980 685 2018 caput
720 1970 885 2007 ecclesie
919 1970 957 2006 in
993 1970 1068 2007 fide
1109 1979 1145 2006 et
1180 1970 1359 2007 moribus
1393 1971 1506 2006 aber-

194 2030 349 2074 rabunn
384 2030 490 2077 quod
525 2028 783 2065 estinaxnne
807 2028 1323 2076 fidehbusluccavendunm
1358 2031 1504 2073 (Quanv

192 2087 248 2123 vis
292 2095 425 2123 autem
472 2086 577 2122 istud
610 2086 774 2134 quidam
820 2086 1023 2123 veriticent
1070 2088 1117 2122 de
1170 2088 1343 2134 Symone
1390 2099 1507 2134 mago

195 2146 367 2192 lingente
407 2157 447 2181 se
487 2157 570 2180 esse
610 2144 796 2181 Messian]
830 2149 886 2189 (ut
922 2153 1030 2193 patet
1064 2146 1151 2181 Act.
1186 2145 1318 2189 V1110)‚
1352 2153 1388 2180 et
1421 2144 1507 2193 qui-

194 2205 284 2239 dam
321 2204 426 2251 quod
462 2211 552 2238 ante
587 2202 821 2250 capcionem
845 2203 1065 2239 Jerusalem
1100 2202 1214 2238 multi
1238 2215 1278 2239 sc
1313 2203 1507 2239 finxerant

194 2274 275 2297 esse
321 2261 513 2311 Christos,
562 2260 718 2297 videtur
762 2270 897 2297 tamen
943 2260 1039 2297 mihi
1085 2262 1193 2309 quod
1239 2260 1507 2308 pertinencius

193 2319 314 2356 textui
355 2328 391 2355 et
431 2318 588 2355 eventui
628 2327 758 2367 potest
798 2319 895 2354 illud
935 2318 1100 2366 intelligi
1141 2320 1188 2355 de
1235 2318 1507 2367 pseudopapis

193 2377 334 2413 futuris
374 2377 413 2413 in
453 2376 635 2422 ecclesia,
680 2377 774 2425 quia
814 2376 980 2425 quilibet
1020 2390 1157 2413 eorum
1201 2376 1312 2424 fingit
1351 2390 1391 2413 se
1425 2389 1508 2413 esse

193 2435 397 2472 Christum
437 2435 552 2483 longe
590 2435 705 2471 aliter
744 2448 863 2484 quam
906 2434 1084 2483 Baptista
1129 2443 1187 2471 est
1226 2435 1373 2477 Helias⁷
1416 2434 1509 2484 quia

193 2493 361 2530 vivendo
387 2492 546 2530 Christo
570 2502 929 2541 quantumcunque
954 2492 1154 2529 contrarie
1179 2492 1274 2529 dicit
1297 2505 1337 2529 se
1361 2494 1508 2529 habere

194 2564 213 2588 a
239 2551 398 2588 Christo
432 2560 671 2599 potestatem
707 2551 965 2600 dispensandi
989 2552 1222 2588 thesaurum
1257 2550 1506 2599 spiritualem

195 2609 360 2646 ecclesie
405 2622 475 2657 per
514 2609 789 2657 indulgencias
836 2618 872 2646 et
917 2608 1015 2646 alias
1055 2609 1236 2655 ficticias,
1284 2610 1388 2646 ultra
1434 2610 1508 2646 hoc

263 2719 287 2747 3.
312 2720 378 2748 HE:
402 2720 484 2755 Quid
506 2720 598 2748 enim.
680 2729 709 2754 4.
731 2721 771 2748 1⁴3:
794 2720 841 2747 ille
864 2720 977 2747 minus.
1058 2720 1086 2747 6.
1108 2722 1153 2748 A:
1176 2729 1278 2755 supra.
1353 2728 1381 2751 o.
1404 2720 1444 2747 E:
1465 2720 1509 2747 in-

165 2756 172 2761 ’
195 2754 313 2790 digens.
448 2764 482 2783 11.
503 2755 571 2783 DE:
592 2759 620 2782 et
640 2755 741 2791 quod;
772 2756 811 2783 ib.
832 2756 877 2794 A·
900 2755 978 2796 lapis
1000 2755 1094 2783 deest.
1223 2764 1263 2789 ¹4·
1286 2756 1328 2782 A:
1351 2753 1406 2782 fuit
1428 2756 1508 2782 fient.

196 2790 235 2827 18:
257 2789 325 2817 DE:
349 2798 385 2816 uc
405 2798 530 2822 omnes;
558 2790 597 2818 ib.
620 2789 662 2817 D:
685 2790 892 2822 seducammi3
917 2790 954 2818 la:
977 2790 1134 2818 seducant.
1217 2798 1256 2817 21.
1278 2790 1322 2817 D:
1344 2795 1389 2817 cst
1409 2790 1509 2817 nobis.

194 2828 241 2850 20.
258 2824 325 2851 DE:
346 2825 465 2851 asserit.
521 2833 567 2858 20.
583 2825 626 2851 A:
648 2826 794 2853 musitent
814 2826 861 2852 de.
918 2824 1041 2852 31.D1‹2:
1064 2826 1232 2856 finxerunt:
1254 2825 1292 2851 ib.
1310 2825 1333 2852 t)
1349 2825 1379 2853 in
1397 2833 1510 2859 marg:

196 2859 413 2895 l’scudopap'a3
435 2859 458 2887 E
473 2859 502 2886 in
519 2867 633 2893 ma1·g.:
657 2861 803 2895 lingentes
824 2869 855 2887 sc
876 2860 1047 2888 Christum.
1121 2859 1164 2887 32.
1186 2860 1255 2887 DE:
1277 2859 1358 2894 quod
1382 2860 1474 2887 deest.

264 2929 283 2961 6
325 2930 441 2962 Matth.
463 2931 586 2971 XXIV,
607 2933 636 2964 3.
739 2931 787 2974 ιβ.
808 2932 852 2964 ib.
871 2942 892 2972 4
1003 2932 1052 2963 23.
1082 2931 1130 2964 Cf.
1161 2932 1271 2963 Serm.
1300 2932 1401 2963 Prim.
1423 2932 1512 2963 Part.

197 2978 305 3008 Serm.
329 2978 367 3018 V,
395 2978 463 3010 vol.
492 2978 515 3017 l,
543 2988 620 3020 pag.
650 2978 702 3009 35.
801 2979 854 3010 25.
884 2978 1005 3011 Matth.
1033 2979 1161 3017 XXlV,
1190 2977 1219 3010 5.

1313 3035 1382 3067 ‘'14“

1709 346 1726 380 ψ)

1739 375 1755 379 Ι
1738 356 1754 368 Q

1541 1278 1646 1306 Christ
1667 1278 1768 1304 would

1539 1318 1591 1340 not
1612 1313 1708 1340 reveal
1731 1313 1779 1339 the

1605 1349 1662 1384 day
1684 1348 1718 1375 of

1564 1383 1749 1417 judgement.

1595 1803 1742 1843 C-lirist's⁸

1525 1847 1663 1873 warning
1678 1842 1794 1873 against

1558 1874 1631 1900 salse
1654 1882 1760 1908 nopes.
