1986 3380
192 292 272 336 454

215 877 308 903 Posce
329 876 363 903 ot*
381 876 440 903 this

248 919 277 938 ex
288 910 403 938 idenee.

228 1461 332 1488 Friars
353 1462 411 1489 and

191 1496 278 1523 other
299 1501 378 1524 sects
399 1505 452 1533 say

184 1530 247 1558 that
267 1531 317 1558 the
337 1532 407 1558 host
427 1532 452 1559 is

230 1566 375 1602 nothing:
397 1575 412 1593 a

237 1601 350 1628 bund'c
370 1602 405 1628 of

244 1635 398 1663 accidents

185 1670 313 1698 without
332 1671 457 1705 subject.

774 299 999 330 JOHANNis
1020 298 1202 330 ch‘mb·
1223 298 1478 330 sisRMQNUM
1539 286 1692 341 [Slsslffilss
1717 297 1791 324 LXX

479 414 565 441 Orat
612 405 778 441 ecclesia
824 404 863 439 in
901 417 1054 440 canone
1096 403 1214 440 misse
1259 405 1365 452 quod
1408 405 1477 440 hec
1521 405 1679 441 oblacio
1717 419 1793 454 que

478 472 535 499 est
569 462 682 510 panis
717 472 752 499 et
786 463 921 498 vinum
958 462 1025 498 liat
1059 461 1175 497 nobis
1210 474 1354 509 corpus
1389 470 1424 497 et
1447 462 1607 509 sanguis
1641 463 1791 499 domini

478 520 603 556 nostri
637 522 727 557 Jesu
761 520 920 557 Christi.
976 522 1022 555 Et
1057 520 1095 555 in
1135 529 1287 556 secreta
1327 519 1456 556 medie
1490 519 1609 556 misse
1643 521 1794 558 Natalis

480 578 640 614 Domini
674 588 761 615 orat
795 577 964 614 ecclesia
998 586 1052 616 ut,
1086 578 1182 613 sicut
1206 578 1318 613 homo
1339 578 1494 627 genitus
1517 578 1615 614 idem
1641 580 1794 628 refulsit

480 638 598 683 Deus,
630 637 684 673 sic
717 638 784 672 lzec
816 644 972 672 terrena
1006 636 1222 671 substancia
1258 637 1434 684 conserat
1466 636 1572 671 nobis·
1604 638 1705 685 quod
1736 638 1792 673 di-
1811 641 1827 673 5

479 695 604 730 vinum
629 703 694 731 est.
729 697 776 730 Et
809 694 847 729 in
869 702 1022 730 secreta
1047 696 1229 739 Quatuor
1252 702 1480 741 temporum
1506 693 1544 729 in
1568 695 1793 742 Septembri

479 753 614 789 laudat
660 751 827 789 ecclesia
872 753 999 788 Deum
1044 760 1224 788 nostrum
1270 751 1309 787 in
1359 752 1433 788 hoc
1479 753 1586 800 quod
1632 753 1677 789 de
1721 753 1793 789 hiis

467 811 670 860 fructibus
702 818 807 846 terre
839 818 1082 846 sacrmnenta
1115 822 1183 845 sua
1217 817 1394 845 constare
1427 810 1555 845 voluit.

536 870 590 904 Ex
623 881 794 916 quorum
829 866 961 915 primo
995 876 1116 915 patet,
1159 880 1247 904 cum
1289 867 1456 904 ecclesia
1495 877 1583 904 orat
1617 868 1791 916 legitime

480 935 520 962 ut
554 926 667 974 panis
701 935 737 962 et
769 926 905 962 vinum
941 925 1036 962 fiant
1069 938 1214 973 corpus
1239 925 1386 962 Christi
1421 934 1457 962 et
1490 926 1650 974 sanguis
1684 928 1790 975 quod
1813 941 1850 961 10

479 984 545 1020 illa
580 983 739 1020 realiter
773 992 940 1032 possunt
973 996 1076 1028 esse3
1122 996 1165 1020 ex
1198 984 1373 1020 secunda
1406 983 1595 1021 oracione
1628 984 1792 1021 ecclesie

479 1051 587 1090 patet
621 1043 728 1090 quod
761 1042 828 1078 illa
856 1050 1014 1078 terrena
1047 1041 1289 1087 substancia,
1325 1054 1414 1078 cum
1439 1054 1519 1079 non
1552 1042 1666 1078 nobis
1700 1055 1792 1079 con-

478 1100 597 1136 ferret
630 1100 804 1137 divinam
833 1099 1119 1145 substanciam,
1154 1109 1368 1148 antequam
1395 1100 1512 1136 fuerit
1546 1109 1791 1147 consecrata,

478 1158 598 1194 simul
631 1157 704 1194 erit
737 1166 896 1194 terrena
934 1157 1163 1194 substancia
1205 1167 1241 1194 et
1282 1170 1428 1206 corpus
1462 1158 1629 1205 Christi3
1675 1167 1712 1195 et
1751 1171 1794 1195 ex

479 1215 603 1253 tercia
642 1224 764 1264 patet,
806 1229 895 1252 cum
936 1224 1235 1253 sacramentum
1276 1215 1382 1253 istud
1422 1225 1578 1253 constat
1612 1229 1655 1253 ex
1687 1226 1791 1254 terre
1816 1220 1849 1253 15

475 1274 669 1311 fructibus
694 1273 845 1311 scilicet
869 1286 911 1310 ex
934 1274 1020 1311 uvis
1043 1283 1080 1310 et
1102 1274 1316 1320 frumento,
1337 1276 1445 1322 quod
1465 1275 1558 1311 dum
1583 1283 1640 1311 est
1662 1287 1794 1312 sacra-

477 1341 657 1369 mentum
692 1341 848 1369 constat
882 1344 925 1368 ex
958 1332 1047 1378 illis,
1072 1333 1179 1381 quod
1212 1345 1292 1369 non
1326 1341 1457 1380 potest
1489 1345 1583 1369 sane
1617 1332 1793 1370 construi

475 1390 550 1427 nisi
583 1390 682 1427 illud
714 1399 1010 1427 sacramentum
1045 1390 1158 1438 panis
1192 1399 1229 1426 et
1258 1390 1394 1427 vinum
1425 1390 1542 1427 fuerit
1572 1390 1611 1427 in
1635 1400 1791 1428 natura.

531 1449 658 1485 Multa
702 1457 792 1485 sunt
837 1447 944 1485 dicta
996 1448 1143 1485 similia
1188 1457 1421 1485 sanctorum
1468 1450 1515 1485 de
1568 1448 1793 1486 millenario

475 1506 621 1544 Christi
667 1519 743 1555 que
784 1505 847 1543 hic
891 1519 972 1542 non
1012 1506 1168 1554 expedit
1214 1506 1395 1543 recitare.
1444 1508 1659 1552 Quomodo
1699 1520 1793 1556 ergo
1810 1519 1852 1541 20

473 1573 579 1602 secte
603 1564 776 1601 heretice
809 1564 1040 1601 introducte
1073 1573 1154 1601 tam
1190 1564 1493 1601 infundabiliter
1526 1564 1793 1602 hereticarent

474 1622 591 1660 istam
626 1622 836 1671 antiquam
870 1622 1116 1659 sentenciam
1145 1622 1310 1659 ecclesie
1344 1622 1585 1660 christiane?
1617 1625 1666 1660 Et
1699 1623 1793 1672 quia

473 1689 558 1717 tota
597 1680 812 1717 difficultas
853 1680 1034 1718 consistit
1073 1680 1179 1717 circa
1213 1680 1451 1729 quiditatem
1492 1680 1604 1717 istius
1650 1681 1790 1728 hostie,

477 1739 566 1775 ideo
619 1738 799 1776 laboravi
846 1751 917 1787 per
962 1751 1088 1775 annos
1133 1738 1330 1787 plurimos
1379 1740 1427 1775 ad
1474 1740 1723 1787 querendum
1769 1752 1791 1776 a

480 1796 680 1843 fratribus,
717 1796 924 1834 monachis
959 1806 995 1833 et
1028 1796 1116 1833 aliis
1150 1798 1197 1833 de
1230 1796 1421 1845 religione
1454 1796 1610 1845 privata
1634 1797 1729 1846 quid
1753 1797 1791 1833 in
1808 1800 1848 1832 25

475 1864 618 1892 natura
663 1867 735 1891 sua
779 1863 934 1903 ponunt
990 1854 1160 1891 hostiam
1210 1863 1500 1900 consecratam,
1548 1863 1584 1891 et
1630 1855 1669 1891 in
1714 1855 1791 1892 fine

475 1912 659 1949 dixerunt
683 1912 781 1949 mihi
807 1921 843 1949 et
868 1913 1131 1949 defenderunt
1155 1914 1289 1961 patule
1313 1914 1421 1961 quod
1455 1912 1522 1949 illa
1555 1913 1685 1950 hostia
1718 1913 1790 1950 fuit

474 1970 618 2017 nichil;
653 1970 765 2007 cuius
800 1970 1025 2007 declaracio
1060 1970 1130 2006 fuit
1165 1972 1271 2019 quod
1306 1971 1377 2007 hec
1402 1970 1533 2007 hostia
1556 1970 1629 2007 fuit
1652 1984 1789 2020 aggre-
1805 1996 1866 2028 FO,

473 2028 587 2076 gacio
621 2028 896 2065 accidencium
932 2041 1008 2077 que
1031 2041 1111 2065 non
1145 2037 1235 2065 sunt
1267 2028 1307 2065 in
1340 2028 1476 2078 aliquo
1503 2025 1506 2081 1
1532 2042 1613 2066 uno
1645 2041 1789 2077 genere
1806 2022 1886 2076 23331

471 2087 555 2123 sine
600 2086 830 2123 substancia
870 2086 1130 2124 subiectante.
1176 2089 1224 2123 Et
1268 2087 1435 2123 fundant
1475 2099 1515 2123 se
1553 2099 1627 2124 nec
1670 2099 1789 2136 super
1805 2089 1847 2122 30

472 2145 712 2182 auctoritate
744 2157 817 2181 nec
851 2157 969 2193 super
1002 2144 1178 2191 racione,
1213 2146 1279 2181 sed
1304 2157 1423 2193 super
1446 2144 1685 2182 Innocencio
1719 2147 1788 2182 ΙΙΙ0

472 2211 509 2240 et
535 2215 655 2251 super
677 2203 844 2239 testibus
870 2203 1128 2240 mendacibus
1152 2216 1226 2251 pro
1251 2202 1489 2249 millenario,
1521 2216 1600 2252 quo
1630 2211 1789 2241 satanas

471 2269 528 2297 est
560 2262 727 2297 solutus.
764 2262 840 2298 Sed
867 2261 978 2310 prior
1011 2261 1178 2298 ecclesia
1202 2263 1383 2298 Romana
1417 2260 1479 2297 cui
1513 2260 1639 2309 magis
1673 2263 1789 2298 debe-

472 2331 558 2356 mus
583 2320 744 2356 credere
768 2319 941 2356 decrevit
965 2320 1037 2355 sub
1060 2320 1267 2367 Nycholao
1284 2321 1336 2355 110
1360 2327 1542 2367 tempore
1561 2319 1788 2368 Berengarii

538 2417 564 2446 3.
587 2418 655 2446 nli:
683 2423 816 2452 secre103
847 2419 888 2446 ib.
909 2419 987 2446 Ain
1010 2427 1123 2457 Μαι-ἐμ
1152 2426 1184 2448 2:
1216 2418 1240 2457 1)
1268 2419 1297 2445 in
1327 2426 1440 2453 marga
1472 2417 1552 2445 Cave
1574 2426 1716 2457 magnam
1738 2419 1788 2447 cle-

470 2453 647 2492 cepcionem
682 2453 710 2481 in
739 2454 791 2480 illo
819 2458 946 2488 secreto,
976 2453 1047 2489 qnia
1078 2453 1150 2481 illud
1182 2453 1292 2487 legitur
1321 2457 1389 2480 ante
1418 2460 1688 2481 consecracionem
1719 2459 1789 2495 post

470 2488 677 2521 orlei-toruum
709 2489 786 2515 male
815 2488 917 2523 ipsum
944 2488 1068 2515 adducit
1096 2492 1124 2515 et
1150 2487 1333 2515 seductorie.
1476 2486 1505 2514 6.
1526 2488 1555 2515 A
1575 2487 1604 2515 in
1626 2496 1740 2524 marg:
1762 2488 1787 2516 3.

470 2530 499 2555 9.
520 2523 549 2550 A
569 2523 597 2549 in
621 2531 733 2558 marg:
757 2532 782 2550 a.
852 2530 889 2550 12.
910 2523 938 2550 A
959 2523 988 2550 in
1011 2531 1124 2550 marm:
1148 2523 1175 2549 b.
1246 2530 1284 2557 12,
1307 2521 1343 2549 13.
1367 2521 1434 2549 1)]Ξε
1458 2522 1585 2550 confert.
1656 2531 1697 2558 14.
1718 2523 1787 2551 DE:

470 2557 613 2591 l)omini;
644 2557 683 2584 ib.
705 2558 733 2584 A
753 2557 782 2585 in
805 2565 919 2585 marm:
943 2565 968 2585 c.
1067 2542 1104 2585 ιζ.
1127 2557 1194 2596 DE:
1217 2561 1298 2592 patet
1318 2556 1411 2592 quod.
1502 2564 1545 2596 32.
1565 2558 1611 2585 A:
1631 2557 1668 2585 Et
1688 2558 1788 2593 deest;

470 2591 509 2619 ib.
532 2591 556 2619 E
576 2592 605 2619 in
628 2600 741 2626 marga
764 2578 987 2620 Monachorum
1009 2596 1161 2619 sentencia
1183 2592 1219 2619 al.
1242 2599 1323 2619 man.
1397 2599 1444 2625 24.
1466 2590 1490 2619 E
1510 2599 1539 2619 111
1562 2600 1676 2627 marg:
1696 2592 1786 2621 Nota.

470 2625 516 2660 34..
538 2626 562 2654 Ε
581 2626 610 2654 111
633 2635 747 2662 marg:
770 2627 944 2661 Berengarii
967 2627 1130 2654 sentencia.

544 2697 570 2719 1.
597 2686 719 2718 Sarum
748 2687 929 2730 Breviary:
965 2687 1078 2727 Quam
1113 2687 1328 2720 oblationem
1364 2695 1401 2720 tu
1437 2688 1530 2719 Deus
1561 2688 1787 2731 omnipotens

470 2733 502 2765 in
539 2733 704 2765 omnibus
739 2743 957 2774 quaesumus
991 2733 1224 2776 benedictam,
1257 2734 1454 2777 ascriptam,
1486 2741 1608 2776 ratam,
1641 2735 1789 2768 rationa-

470 2779 588 2820 bilem,
632 2780 952 2823 acceptabilemque
996 2780 1107 2812 facere
1150 2779 1321 2823 digneris:
1364 2787 1402 2812 ut
1443 2779 1546 2813 nobis
1588 2790 1716 2824 corpus
1754 2789 1787 2814 et

469 2825 612 2864 sanguis
649 2824 708 2858 fiat
741 2825 967 2858 delectissimi
1001 2826 1077 2858 Filii
1110 2827 1170 2867 tui,
1210 2826 1350 2859 Domini
1389 2828 1499 2859 nostri
1531 2827 1613 2859 Jesu
1646 2826 1786 2861 Christi.

472 2869 563 2914 32s3.
584 2872 633 2903 De
652 2873 837 2904 solucione
857 2879 998 2904 satanae
1018 2871 1060 2904 cf.
1082 2872 1313 2914 1³01.Works,
1340 2883 1419 2916 pag.
1438 2872 1516 2914 623,
1534 2873 1689 2915 Trialog.
1712 2873 1786 2914 153,

472 2927 551 2959 240,
573 2928 650 2961 249,
672 2919 751 2960 250,
773 2918 848 2951 262.
877 2919 976 2952 E.W.
997 2919 1053 2950 ed.
1071 2918 1250 2960 Matthew,
1277 2929 1356 2962 pag.
1375 2919 1453 2963 498.
1481 2919 1630 2952 Lechler
1655 2920 1678 2959 1,
1707 2918 1784 2964 594.
