1986 3380
211 298 346 329 sERmo
367 287 463 347 xm]
680 303 893 335 SECUNDA
921 303 1046 335 PARS.

207 409 354 446 Christi
379 410 535 455 (Matth.
560 410 644 453 XIO)
670 418 834 457 propter
859 410 933 445 hoc
958 411 1064 458 quod
1090 410 1277 446 mollibus
1301 410 1523 447 vestiuntur

204 467 245 503 in
285 467 471 503 domibus
510 479 647 514 regum
693 476 784 503 sunt
825 477 861 503 et
907 467 1049 503 odiunt
1089 480 1172 504 esse
1211 481 1301 504 cum
1342 469 1522 517 Baptista

203 525 243 560 in
283 526 446 561 heremo
484 526 545 561 vel
583 524 621 560 in
663 525 849 561 claustro.
900 527 991 562 Ideo
1031 525 1167 562 dicunt
1207 526 1370 574 quidam
1413 529 1521 575 quod

202 592 292 619 sunt
317 583 408 619 cilla
440 583 500 619 vel
529 595 676 630 vorago
707 583 866 630 dyaboli
902 584 941 619 in
975 583 1141 620 exitibus
1176 584 1396 630 civitatum,
1429 598 1518 621 cum

169 640 392 689 §quicquid
432 642 627 689 predones
666 642 1068 689 pseudomercatores
1106 642 1168 678 vel
1208 642 1276 678 alii
1320 644 1519 679 seculares

204 712 445 747 quocunque
479 698 594 735 titulo
637 698 690 734 eis
724 699 906 735 dederint
939 709 1180 736 consumunt
1213 701 1263 736 ad
1296 708 1447 737 tartara
1481 710 1517 737 et

201 758 430 793 absorbent.
471 759 518 792 Et
552 758 622 793 hec
663 757 837 793 creditur
870 757 978 793 racio
1013 770 1135 806 quare
1168 771 1250 794 non
1282 768 1425 806 rogant
1457 759 1517 795 vel

202 814 462 850 effectualiter
492 815 706 851 consulunt
735 816 840 851 bona
870 815 980 863 pacis
1010 817 1078 852 sed
1108 816 1270 864 rapinas
1300 829 1516 864 regnorum

201 882 237 908 et
267 872 407 920 iurgia,
434 872 526 920 quia
556 873 769 909 occasione
803 873 972 909 istorum
1010 874 1183 922 amplius
1212 884 1516 923 prosperantur.

147 944 184 964 10
259 932 312 966 Ex
346 944 424 979 quo
465 930 673 967 manifeste
712 940 822 979 patet
856 933 963 980 quod
1004 941 1096 968 sunt
1128 945 1251 980 genus
1286 933 1447 981 dyaboli
1481 943 1518 970 et

199 987 254 1024 sic
293 997 433 1025 contra
473 989 548 1025 hoc
586 989 834 1037 evangelium
875 999 1057 1026 sanctum
1100 992 1320 1027 secundum
1362 1004 1516 1028 errores

199 1058 336 1082 eorum
363 1056 517 1094 ponunt
541 1059 623 1083 sese
649 1060 760 1083 more
782 1047 953 1084 Luciferi
978 1047 1094 1095 (Isaie
1115 1050 1237 1096 XIV0)
1264 1048 1305 1085 in
1327 1049 1517 1097 gradibus

197 1103 318 1140 nimis
347 1104 437 1141 altis
462 1114 497 1141 et
514 1114 597 1141 tum
623 1118 666 1141 ex
689 1106 874 1153 patencia
899 1106 1031 1154 operis
1056 1106 1245 1143 decidunt
1269 1107 1518 1144 mendaciter

198 1161 317 1198 nimis
351 1164 477 1199 basse.
520 1164 621 1200 Cum
655 1176 749 1212 ergo
782 1173 892 1212 patet
926 1176 968 1200 ex
1001 1164 1180 1212 practica
1214 1166 1321 1214 quod
1354 1175 1517 1215 possent

146 1224 180 1256 15
198 1219 238 1256 in
267 1222 393 1268 gradu
422 1221 590 1258 bassiori
614 1234 735 1270 quam
764 1222 955 1259 simulant
978 1231 1061 1259 tam
1091 1223 1165 1259 sibi
1198 1236 1319 1272 quam
1350 1224 1516 1261 ecclesie

199 1278 347 1315 Christi
380 1279 507 1327 magis
540 1280 749 1327 proficere,
784 1280 1034 1317 convincitur
1063 1293 1202 1318 eorum
1235 1283 1356 1319 stulta
1388 1282 1515 1319 inten-

199 1336 340 1373 dencia
379 1338 483 1374 ultra
522 1337 624 1374 filios
656 1338 840 1375 Zebedei.
887 1340 935 1375 Et
967 1338 998 1375 si
1030 1338 1105 1376 ista
1144 1340 1328 1377 doctrina
1365 1340 1515 1378 inserta

198 1394 238 1430 in
282 1396 358 1431 hoc
402 1396 607 1443 evangelio
651 1396 753 1433 foret
793 1397 910 1444 plene
955 1406 992 1433 et
1032 1397 1248 1435 efficaciter
1286 1408 1513 1447 prosecuta,

198 1452 315 1500 pauci
354 1454 414 1489 vel
458 1453 557 1489 nulli
595 1454 727 1491 forent
765 1454 909 1502 privati
955 1455 1117 1492 ordines
1155 1457 1216 1493 vel
1255 1457 1514 1494 observancie

141 1523 181 1545 20
198 1511 302 1547 ultra
330 1511 574 1557 accidencia,
600 1524 690 1548 cum
714 1511 755 1548 in
777 1512 985 1549 communi
1007 1513 1149 1550 ordine
1172 1524 1335 1562 possent
1357 1515 1514 1553 facilius

198 1569 286 1616 plus
324 1570 525 1617 prodesse.
572 1572 652 1606 Nec
690 1570 921 1619 quietantur
963 1571 1003 1607 in
1042 1571 1127 1608 istis
1167 1572 1382 1620 erroribus,
1422 1586 1513 1611 cum

198 1626 306 1664 iuxta
351 1640 441 1664 suas
485 1628 625 1664 stultas
669 1628 979 1666 adinvenciones
1017 1631 1194 1677 trahunt,
1235 1641 1438 1679 exponunt
1476 1641 1514 1669 et

200 1684 436 1722 modificant
472 1686 600 1734 legem
638 1686 710 1723 Dei
749 1695 785 1723 et
826 1688 884 1733 (ut
924 1687 1095 1724 breviter
1134 1689 1296 1737 quidam
1344 1690 1510 1738 colligit)

198 1755 337 1780 omnes
377 1743 475 1780 ritus
515 1757 654 1781 eorum
693 1757 738 1781 ac
777 1745 996 1782 cerimonie
1034 1746 1262 1783 introducte
1300 1749 1351 1784 ad
1388 1747 1513 1785 nichil

141 1805 181 1839 25
195 1802 329 1838 valent
351 1801 383 1838 si
411 1815 492 1839 non
515 1804 565 1839 ad
594 1804 843 1840 onerandum
875 1804 1084 1841 ecclesiam
1108 1814 1146 1841 et
1168 1807 1218 1842 ad
1242 1805 1511 1854 colligendum

195 1859 235 1896 in
266 1859 357 1896 latis
389 1860 469 1897 suis
502 1860 703 1897 habitibus
738 1862 949 1899 mendacia
980 1863 1086 1911 patri
1118 1875 1203 1900 suo.

254 1919 434 1955 Onerant
484 1918 589 1955 enim
640 1919 851 1957 ecclesiam
903 1920 1053 1969 rapinis
1103 1921 1296 1969 subdolis,
1346 1923 1510 1971 quidam

197 1988 287 2013 cum
331 1989 547 2014 numerosa
586 1978 757 2026 pecunia
795 1991 915 2027 quam
963 1988 1206 2016 consumunt
1245 1980 1285 2017 in
1329 1981 1511 2029 personis

195 2034 382 2083 propriis,
416 2034 579 2084 quidam
605 2048 695 2072 cum
719 2037 944 2085 sumptibus
968 2050 1068 2086 quos
1091 2037 1242 2074 faciunt
1264 2039 1305 2075 in
1327 2039 1407 2076 suis
1431 2039 1512 2076 edi-

139 2096 181 2129 30
196 2092 296 2129 ficiis
337 2102 373 2130 et
405 2093 545 2130 ceteris
585 2095 833 2131 ornamentis
872 2104 908 2131 et
942 2095 1105 2144 quidam
1139 2096 1179 2132 in
1212 2096 1298 2133 aliis
1332 2097 1510 2146 expensis

196 2151 521 2189 extraordinariis
576 2165 675 2201 quas
732 2154 920 2201 dogmate
976 2153 1101 2202 patris
1151 2155 1336 2203 superbie
1379 2156 1510 2193 facere

195 2208 422 2246 didicerunt
472 2219 509 2247 et
553 2223 644 2246 cum
694 2211 923 2248 rectificatis
972 2212 1214 2260 presbyteris
1263 2214 1510 2251 secularibus

195 2267 361 2304 omnino
394 2277 577 2317 patenter
609 2269 914 2317 superfluerent,
938 2272 1154 2307 ostendunt
1187 2273 1398 2320 (quantum
1431 2273 1509 2309 suf-

194 2324 347 2374 ficiunt)
395 2327 583 2363 thesauro
628 2326 687 2363 sui
733 2328 945 2375 mendacii,
990 2329 1300 2377 perturbacione
1344 2330 1509 2368 ecclesie

138 2388 177 2421 35
194 2392 231 2419 et
263 2383 351 2420 aliis
381 2384 454 2421 viis
492 2384 780 2433 multiplicibus
813 2388 1019 2435 quomodo
1053 2399 1193 2424 eorum
1231 2387 1507 2436 ignoranciam

193 2450 313 2490 atque
351 2442 568 2480 stulticiam
603 2444 865 2491 denudarent,
890 2457 1027 2493 ymmo
1061 2458 1150 2483 cum
1184 2446 1301 2483 nidus
1326 2448 1507 2484 Romane

194 2499 358 2537 ecclesie
408 2500 457 2537 sit
500 2501 576 2538 illis
620 2502 851 2539 ultimatum
904 2503 1115 2552 refugium,
1161 2503 1264 2541 sicut
1308 2505 1507 2554 scriptura

261 2630 287 2650 2.
306 2622 347 2651 E:
370 2631 475 2659 regum
497 2623 585 2652 sicut.
658 2634 688 2659 4.
709 2625 753 2653 A:
777 2626 861 2653 stella
880 2626 946 2661 vcl3
967 2625 1009 2653 ib.
1030 2626 1055 2653 D
1077 2626 1108 2654 in
1129 2635 1243 2663 marg:

330 2663 461 2721 Ξὲξὲἑὲδῖ
486 2660 501 2728 }
523 2677 709 2713 mnychom,
730 2677 761 2705 id
783 2682 836 2713 est,
859 2678 944 2706 scilla
955 2678 993 2714 (?)
1013 2683 1042 2706 et
1061 2686 1177 2714 vorago
1197 2680 1352 2708 monachi.

192 2734 218 2761 7.
234 2727 278 2754 A:
300 2727 468 2755 insorbent.
542 2737 576 2756 11.
591 2730 636 2756 A:
658 2734 798 2758 sanctum
820 2730 913 2758 deest.
989 2738 1028 2758 12.
1048 2731 1093 2758 A:
1115 2740 1146 2758 se
1167 2739 1270 2766 more3
1304 2732 1332 2759 b.
1347 2733 1393 2760 A:
1409 2732 1503 2761 Ysod.

193 2761 270 2796 (sic).
292 2761 338 2790 Cf.
358 2762 455 2790 Isaiae
474 2763 571 2800 XIV⁰‚
593 2772 631 2792 12.
713 2764 750 2792 15.
771 2766 816 2792 A:
837 2769 900 2793 tam
921 2765 1014 2793 deest.
1089 2765 1131 2794 16.
1152 2767 1182 2795 A
1200 2766 1232 2794 in
1252 2775 1366 2803 marg:
1389 2767 1504 2795 Contra

191 2796 330 2831 privatos
351 2797 484 2825 ordines.
568 2807 606 2834 17.
629 2799 698 2827 DE:
719 2799 780 2828 Sed
802 2800 844 2835 si;
873 2800 914 2827 ib.
935 2801 980 2828 A:
1003 2800 1142 2828 doctrine
1163 2801 1268 2829 multa.
1350 2802 1389 2830 18.
1410 2803 1454 2830 A:
1476 2808 1504 2830 et

192 2830 285 2858 deest.
385 2831 427 2859 23.
447 2833 493 2860 A:
515 2834 697 2862 morificant.
797 2834 841 2863 25.
862 2834 907 2863 D:
930 2835 955 2863 si
976 2843 1054 2870 non;
1076 2836 1294 2872 superscript:
1316 2836 1347 2864 id
1368 2841 1412 2864 est
1433 2837 1502 2865 nisi.

190 2873 236 2906 ²7⁷
257 2873 304 2902 29,
326 2865 372 2894 30.
392 2867 466 2894 AD:
488 2868 572 2903 quid.
697 2877 744 2908 29.
760 2870 805 2897 A:
825 2870 857 2897 in
877 2870 1065 2906 sumptibus.
1090 2905 1095 2909 .
1195 2869 1234 2899 31.
1257 2871 1297 2899 E:
1319 2871 1501 2907 dedigniatc.

190 2899 233 2939 35.
249 2901 292 2928 D:
313 2901 551 2940 superfluerent:
572 2909 789 2942 superscript:
811 2904 921 2932 fratres
941 2909 970 2932 et
989 2905 1159 2932 ecclesmm.
1232 2904 1276 2944 33,
1291 2904 1338 2940 34.
1354 2907 1399 2933 A:
1420 2907 1503 2934 suffl-

191 2940 274 2963 cmnt
290 2936 383 2963 deest.
433 2936 477 2970 35,
493 2936 539 2965 30.
554 2939 599 2965 A:
615 2939 793 2973 ignorancia
809 2943 898 2974 atque
914 2939 1055 2968 stulticia.
1106 2939 1149 2976 37.
1166 2940 1220 2968 ΑΕ
1235 2948 1264 2967 111
1280 2949 1393 2975 marga
1409 2941 1500 2969 Nota.

1326 2999 1364 3022 10

1734 302 1804 347 145

1533 757 1600 792 they
1617 766 1665 797 are
1686 760 1807 798 stirrers

1569 801 1607 827 up
1629 796 1658 820 ol
1680 796 1774 829 strue,

1561 1933 1631 1970 they
1654 1933 1770 1962 burden

1564 1969 1614 1996 the
1635 1968 1770 2003 Church,
