1986 3380
209 309 345 337 sERMO
367 301 433 358 HL]
674 315 887 348 SECUNDA
917 318 1040 350 PARS.

198 419 367 455 noticia?
400 420 508 456 Licet
531 420 634 456 enim
664 423 766 457 Deus
800 434 842 458 ex
875 423 1160 461 omnisciencia
1193 438 1262 462 sua
1298 438 1513 473 cognoscat

197 477 372 524 singulas
406 478 603 518 veritates.
639 488 774 516 tamen
814 493 935 528 parva
976 492 1011 517 et
1047 482 1211 519 remissa
1246 485 1512 532 apprehensio

197 534 360 570 viatoris
390 537 437 572 ad
470 549 655 583 magnam
686 537 743 573 sui
776 538 992 575 utilitatem
1024 539 1181 587 ignorat
1205 542 1393 588 plurima.
1422 556 1512 579 cum

199 594 321 629 multa
346 595 555 641 nephanda
582 597 787 631 noscendo
818 609 861 632 ex
892 597 1093 644 pronitate
1123 612 1193 634 sua
1224 609 1291 635 aut
1323 610 1513 648 operatur

163 653 178 684 5
196 660 263 686 aut
294 651 538 699 perpetrabit
569 652 721 689 facinus
750 655 810 690 vel
842 655 1029 692 obmittet
1053 658 1160 704 quod
1186 657 1287 693 soret
1311 657 1513 705 pertinens

195 710 244 744 ad
285 709 603 756 complecionem
643 710 701 746 sui
741 711 863 748 officii
908 726 980 761 pro
1014 713 1239 750 edificanda
1273 715 1441 752 ecclesia
1475 726 1511 752 et

195 766 441 804 beatitudine
479 767 737 816 acquirenda.
773 771 877 806 Deus
909 780 1042 807 autem
1075 785 1116 808 ex
1142 771 1411 810 immensitate
1444 787 1512 810 sue

193 823 364 860 sciencie
397 834 433 861 et
467 825 805 874 impeccabilitate
839 841 907 865 sue
940 829 1087 866 noticie
1120 831 1326 877 cognoscit
1361 831 1510 877 omnia,

193 881 293 918 sicut
328 882 430 919 beati
466 893 709 931 cognoscent
742 885 781 921 in
817 886 961 933 patria.
1004 889 1050 923 Et
1085 887 1189 924 idem
1224 898 1281 924 est
1313 888 1507 926 iudicium

141 952 178 972 ιω
193 940 240 975 de
272 953 373 977 vana
407 941 638 978 curiositate
672 943 968 991 theologorum,
1004 958 1175 993 quorum
1211 946 1263 982 hii
1298 949 1510 984 attendunt

192 999 240 1033 ad
279 999 533 1047 genealogias
573 1000 745 1046 inutiles,
787 1001 840 1037 hii
880 1003 929 1038 ad
964 1003 1146 1040 cronicas
1180 1013 1216 1040 et
1251 1005 1404 1042 fabulas
1438 1005 1510 1042 im-

192 1055 437 1103 pertinentes
477 1067 514 1093 et
548 1057 600 1093 hii
635 1060 685 1094 ad
725 1059 966 1097 subtilitates
1000 1071 1332 1109 argumentorum
1373 1076 1509 1112 super-

192 1113 304 1154 fluas:
350 1127 394 1151 ex
439 1115 583 1164 quibus
628 1118 810 1154 tardatur
855 1118 1007 1155 fructus
1051 1120 1243 1169 sequendi
1289 1121 1507 1158 Christum.

192 1173 283 1208 Ideo
316 1172 479 1209 cuilibet
512 1173 581 1210 tali
615 1174 828 1212 dicendum
865 1186 934 1213 est:
980 1177 1085 1227 Quid
1116 1179 1168 1213 ad
1199 1186 1246 1223 le,
1286 1188 1327 1215 ut
1368 1179 1509 1217 melius

138 1230 369 1278 15sequaris
414 1231 598 1268 salutem.
653 1234 701 1269 Et
744 1233 800 1270 sic
840 1234 971 1282 prima
1011 1236 1266 1284 culpabilitas
1306 1237 1506 1274 viatorum

193 1297 251 1322 est
286 1287 323 1323 in
361 1289 525 1325 mentali
559 1290 902 1328 consideracione.

248 1346 324 1381 Sed
371 1348 546 1383 secunda
593 1350 652 1393 (ut
691 1348 842 1385 dictum
884 1351 960 1400 est)
1006 1352 1235 1400 prorumpit
1280 1366 1322 1390 ex
1361 1353 1507 1391 affectu

189 1403 404 1440 coniuncto
437 1404 658 1442 intellectui
698 1406 738 1442 in
775 1408 929 1455 vulgari
963 1410 1286 1447 conversacione.
1330 1412 1506 1449 Invenies

189 1460 348 1508 quidem
379 1472 543 1499 vocatos
574 1465 828 1512 presbyteros
861 1466 971 1503 omni
1006 1480 1148 1514 genere
1181 1469 1435 1506 scurrilitatis
1469 1480 1505 1507 et

130 1528 172 1550 20
188 1518 447 1556 immundicie
472 1531 768 1567 conversantes,
802 1523 903 1559 sicut
928 1534 1038 1572 patet
1061 1538 1103 1562 ex
1128 1526 1274 1563 tribus:
1310 1527 1442 1575 primo
1466 1528 1504 1564 in

188 1576 262 1612 hoc
295 1579 402 1625 quod
437 1587 527 1614 sunt
562 1579 688 1627 magis
722 1580 856 1617 callidi
891 1581 992 1618 inter
1021 1596 1161 1620 omnes
1193 1594 1438 1623 mercatores
1467 1596 1504 1623 et

185 1633 290 1670 istud
315 1634 493 1671 officium
519 1639 740 1674 secundum
757 1638 1052 1676 Crisostomum
1077 1654 1156 1678 non
1179 1651 1310 1690 potest
1331 1643 1459 1680 eciam
1482 1657 1504 1681 a

185 1691 296 1728 laicis
326 1692 624 1742 inculpabiliter
655 1696 846 1742 exerceri3
876 1700 1054 1735 secundo
1086 1698 1125 1735 in
1155 1700 1231 1736 hoc
1261 1703 1369 1749 quod
1392 1702 1503 1739 omni

184 1761 328 1797 genere
367 1751 558 1789 secularis
599 1753 722 1790 officii
761 1754 802 1791 in
842 1755 1029 1793 domibus
1069 1770 1205 1806 regum
1254 1767 1291 1795 et
1330 1759 1501 1797 aliorum

128 1807 167 1840 25
185 1808 450 1846 mundialium
481 1821 745 1859 occupantur.
785 1815 833 1849 Et
863 1823 1016 1851 certum
1047 1825 1104 1852 est
1129 1818 1237 1865 quod
1266 1817 1403 1854 necin
1427 1819 1503 1856 hoc

182 1875 371 1903 secuntur
404 1868 608 1906 Christum
643 1870 711 1919 qui
743 1883 826 1908 non
858 1872 990 1920 potuit
1022 1873 1157 1911 taliter
1189 1875 1394 1924 occupari,
1429 1889 1502 1914 nec

182 1933 240 1960 est
284 1933 396 1962 tanta
435 1926 638 1975 capacitas
677 1927 717 1964 in
756 1929 811 1966 eis
851 1930 948 1978 quin
988 1930 1174 1969 distrahit
1214 1946 1236 1970 a
1276 1933 1501 1972 ministerio

181 1983 289 2030 quod
334 1984 479 2020 debent
523 1987 744 2023 secundum
783 1996 931 2024 statum
973 2002 1088 2026 suum
1129 1992 1213 2027 Deo
1252 1990 1499 2040 impendere.

182 2041 274 2077 Ideo
315 2054 337 2078 a
376 2042 555 2091 quolibet
595 2043 664 2080 tali
705 2045 836 2093 querit
870 2046 1071 2084 Christus:
1112 2049 1216 2093 Quid
1252 2050 1305 2085 ad
1335 2058 1370 2087 te
1409 2051 1500 2088 talis

124 2099 166 2131 30
181 2099 404 2147 occupacio
439 2109 481 2137 ut
514 2113 577 2137 me
609 2102 790 2151 sequaris
823 2105 1020 2153 apereius,
1056 2115 1093 2143 et
1127 2119 1216 2143 cum
1250 2120 1333 2144 non
1365 2110 1499 2146 subest

180 2157 388 2194 excusacio
420 2171 502 2195 non
533 2169 714 2208 superest
746 2161 821 2198 nisi
855 2172 1133 2211 apostatarum
1158 2166 1415 2214 dampnacio.
1449 2169 1498 2203 Et

178 2214 303 2252 tercio
343 2215 382 2252 in
421 2217 497 2253 hoc
529 2219 638 2266 quod
670 2218 710 2255 in
744 2221 862 2257 rebus
896 2221 1049 2259 bellicis
1081 2232 1172 2259 sunt
1206 2224 1426 2262 consiliarii
1459 2234 1496 2262 et

179 2273 238 2318 (ut
262 2275 520 2323 pretendunt)
556 2277 676 2313 duces
709 2278 952 2316 bellancium
986 2280 1180 2318 ordinarii
1214 2294 1260 2318 ac
1293 2282 1418 2320 tercio
1453 2296 1495 2320 ex

177 2329 367 2368 instinctu
407 2332 509 2381 regis
548 2335 734 2383 superbie
766 2347 1038 2387 prorumpunt
1073 2338 1110 2375 in
1143 2341 1492 2388 perpetracionem

119 2388 160 2422 35
176 2397 288 2426 actus
319 2390 475 2427 nefarii.
510 2392 716 2442 Numquid
749 2395 847 2431 tales
880 2408 962 2433 non
994 2405 1085 2433 sunt
1118 2396 1369 2446 irregulares,
1403 2412 1493 2436 cum

175 2455 267 2483 ante
289 2449 593 2497 suscepcionem
616 2451 770 2488 ordinis
791 2454 900 2490 solus
915 2466 1134 2492 consensus
1155 2455 1492 2504 irregularitatem

244 2635 264 2655 1.
285 2628 329 2656 A:
351 2629 434 2657 enim
454 2629 538 2658 Deus
559 2630 654 2659 deest.
737 2641 768 2668 4.
789 2633 858 2662 DE:
881 2643 968 2663 suam
991 2636 1028 2664 ad
1050 2645 1177 2673 operam
1199 2638 1256 2666 vel.
1341 2647 1368 2674 7.
1389 2640 1435 2668 A:
1455 2649 1491 2668 ex

172 2661 267 2690 deest.
363 2663 391 2699 8,
413 2672 442 2698 o.
463 2665 507 2693 A:
529 2665 785 2702 impeccabilitate
803 2685 837 2689 —
857 2669 935 2697 sicut
955 2670 1048 2699 deest.
1149 2680 1178 2709 9.
1201 2673 1268 2701 DE:
1289 2681 1325 2701 co
1350 2680 1490 2703 noscunt.

173 2705 214 2724 ιο.
246 2698 276 2725 Α
307 2698 336 2726 in
370 2707 484 2735 marg.:
518 2699 634 2729 Contra
665 2703 807 2731 curiosos
839 2705 1015 2739 theologos:
1057 2706 1080 2734 Ι)
1115 2707 1144 2735 in
1179 2715 1293 2743 marga
1358 2709 1446 2737 heolo
1471 2710 1489 2737 i.

173 2730 210 2759 15.
225 2731 250 2760 D
267 2733 297 2760 in
313 2741 426 2772 marg:
449 2734 682 2764 Consideracio.
703 2736 898 2772 Secundum:
919 2740 947 2768 A
968 2741 997 2768 in
1020 2750 1087 2769 mar
1111 2752 1135 2770 .:
1158 2750 1182 2770 2.
1259 2743 1299 2778 18,
1317 2752 1357 2780 19.
1374 2745 1418 2772 A:
1459 2754 1490 2772 u-

172 2774 264 2794 venes
283 2768 418 2804 quidem.
493 2778 540 2798 20.
562 2770 586 2798 D
608 2771 638 2799 in
660 2781 726 2800 mar
750 2782 774 2800 .:
798 2781 818 2800 1.
892 2782 930 2802 21.
953 2776 996 2803 A:
1019 2781 1047 2804 ct
1068 2750 1160 2812 iilgud3
1188 2777 1256 2805 DE:
1279 2778 1359 2806 istud
1381 2779 1488 2807 eciam.

171 2807 215 2828 22.
236 2803 279 2830 A:
301 2804 470 2833 secundum
492 2806 695 2842 Anselmum3
725 2816 731 2835 1
759 2829 765 2835 .
787 2809 831 2836 A:
854 2817 915 2836 non
939 2815 1052 2845 posset.
1163 2811 1205 2840 23,
1228 2813 1252 2840 Ι)
1273 2813 1303 2841 in
1325 2821 1440 2848 marga
1463 2822 1488 2842 2.

171 2835 213 2863 25.
234 2838 278 2864 A:
299 2838 382 2874 quod
404 2839 498 2867 deest.
564 2842 609 2868 213.
631 2843 675 2870 A:
697 2842 793 2870 eciam
815 2844 924 2872 taliter.
990 2848 1035 2873 28.
1058 2846 1125 2874 1313:
1148 2847 1315 2875 intendere.
1380 2847 1427 2876 30.
1441 2850 1487 2876 A:

171 2871 313 2910 :ipercius
327 2873 428 2909 deest;
448 2874 488 2902 ib.
504 2876 548 2903 A:
571 2884 632 2904 non
647 2877 763 2905 subest.
831 2877 869 2906 31.
885 2879 930 2906 A:
953 2879 987 2907 1⁴21
1009 2882 1161 2913 secundm
1183 2882 1223 2909 ib.
1241 2882 1264 2909 Ι)
1280 2882 1309 2910 in
1327 2891 1393 2911 mar
1405 2892 1440 2911 ’.ε
1461 2882 1486 2911 3.

170 2903 216 2968 32¹
233 2907 362 2969 A:dnon
382 2908 483 2945 deest;
513 2910 553 2938 ib.
575 2910 600 2938 D
621 2911 652 2939 in
674 2920 787 2949 marg.:
809 2913 1024 2949 Irreguiaritas
1045 2916 1253 2944 sacerdotum.
1371 2917 1387 2946 3
1413 2939 1419 2946 .
1442 2919 1486 2946 A:

172 2948 207 2967 so
222 2949 258 2968 115
299 2947 372 2970 eest.

1300 3000 1348 3033 2*

1761 327 1805 361 ¹9

1576 904 1608 922 as
1629 904 1678 923 are
1700 897 1748 924 the

1605 932 1719 958 useless

1539 966 1731 993 retine-ments
1752 971 1781 993 ot

1561 1000 1764 1035 theologiam.

1627 1359 1663 1387 lix
1675 1361 1691 1387 il

1521 1396 1736 1434 conversation
1763 1400 1791 1423 ot

1597 1436 1718 1465 priests,

1537 1658 1569 1676 as
1591 1651 1775 1680 Μαι-01131115.

1571 1774 1604 1793 as
1618 1768 1742 1806 *secular

1588 1802 1719 1833 onie-ers.

1546 2239 1579 2258 as
1600 2233 1754 2261 warriors.
