1986 3380
182 299 318 328 SERMo
339 287 437 346 xtvi]
648 297 857 330 SECUNDA
886 296 1012 327 PARS.

184 410 305 446 corde
326 420 400 445 nec
423 405 567 455 aliquis
590 405 693 441 foret
726 403 765 439 in
799 403 933 451 aliqua
965 400 1237 450 proporcione
1270 401 1391 437 fratre
1424 412 1496 436 suo

184 465 393 516 potencior
436 476 509 501 nec
553 464 625 499 sub
670 474 773 510 pena
826 459 1054 497 amissionis
1106 458 1250 508 premii
1295 466 1497 494 teneretur

184 522 387 573 negociari
419 531 504 560 toto
537 522 725 557 thesauro
765 532 882 568 quem
918 521 1022 555 Deus
1061 516 1135 554 sibi
1175 516 1347 561 dederit3
1388 516 1497 564 quod

185 592 241 619 est
282 590 421 619 contra
466 579 614 616 dictam
660 577 904 616 sentenciam
952 578 999 613 de
1038 575 1213 612 maximo
1252 583 1289 610 et
1329 573 1497 610 minimo

152 645 222 677 §et
256 648 395 677 contra
428 637 672 675 sentenciam
706 648 826 684 quam
863 637 986 681 (Luce
1018 635 1140 679 X1X0)
1175 632 1270 669 dixit
1302 631 1496 669 Christus.

185 702 265 736 Nec
298 707 355 734 est
389 697 493 734 enim
534 694 742 733 excusacio
783 692 1017 738 omittentis,
1057 692 1137 728 sive
1169 690 1327 728 sciverit
1359 691 1499 727 volun-

184 766 307 794 tatem
341 754 503 792 Domini
542 753 602 790 sui
640 752 720 790 sive
758 750 967 788 nesciverit
1007 760 1043 787 et
1076 750 1295 786 secundum
1329 749 1497 796 gradum

184 814 354 852 sciencie
393 813 468 850 sibi
514 813 652 849 datum
699 809 1017 858 complecionem
1064 807 1147 844 eius
1192 806 1355 851 omittit,
1402 805 1499 855 quin

183 873 311 921 plagis
351 870 552 920 aliquibus
590 868 809 917 vapulabit.
858 870 939 903 Nec
972 866 1138 903 dubium
1173 864 1269 913 quin
1303 864 1496 909 Christus,

130 943 168 964 10
184 932 307 968 abbas
346 929 475 966 tocius
516 926 722 965 christiani
761 924 926 970 ordinis,
966 932 1122 961 tantum
1162 923 1270 971 ipsos
1309 921 1498 970 obligavit

184 996 379 1038 quantum
413 985 606 1035 pertinuit
640 994 676 1021 et
711 997 800 1021 cum
834 982 1042 1032 prudentis
1076 980 1226 1029 legiferi
1260 980 1309 1016 sit
1341 980 1382 1016 in
1414 979 1498 1016 acie

183 1046 242 1083 sui
281 1044 500 1094 spiritualis
540 1043 733 1080 exercitus
778 1040 1031 1090 potenciores
1069 1040 1130 1076 vel
1170 1051 1269 1088 eque
1315 1046 1498 1086 potentes

184 1104 329 1141 milites
361 1102 563 1148 ordinare,
595 1101 753 1138 videtur
786 1101 893 1149 quod
927 1098 1104 1148 quelibet
1136 1110 1228 1146 pars
1262 1095 1498 1133 disiunctive

182 1162 314 1212 primo
347 1169 552 1209 assumpte
584 1159 634 1197 sit
664 1171 771 1196 vera.

129 1223 165 1255 15
238 1223 287 1257 Et
321 1219 452 1256 minor
484 1231 528 1255 ex
560 1219 636 1255 hoc
668 1217 797 1254 evidet
829 1216 937 1265 quod
968 1228 1049 1252 non
1082 1222 1319 1251 excusantur
1356 1213 1405 1249 ab
1429 1214 1499 1249 ob-

180 1277 377 1327 ligacione
410 1276 558 1314 Christi
591 1288 670 1325 qua
703 1276 923 1312 secundum
946 1274 1073 1321 legem
1107 1285 1221 1309 suam
1245 1271 1319 1307 sibi
1352 1270 1498 1308 servire

183 1338 416 1381 debuerant,
450 1336 518 1372 sed
551 1346 670 1383 super
702 1334 812 1370 illam
846 1333 1066 1369 secundum
1107 1330 1342 1378 religionem
1383 1341 1497 1366 suam

183 1395 381 1431 adiectam
417 1392 693 1441 multipliciter
734 1391 975 1438 obligantur,
1021 1402 1114 1437 ergo
1159 1390 1207 1424 de
1251 1396 1364 1424 tanto
1408 1396 1500 1423 sunt

184 1452 356 1500 amplius
397 1450 575 1498 obligati.
621 1452 669 1486 Et
706 1449 781 1486 ista
826 1449 961 1496 regula
1009 1447 1154 1484 militat
1198 1455 1338 1482 contra
1383 1458 1499 1494 quas-

126 1523 169 1545 20
185 1522 342 1559 cunque
386 1508 629 1546 tradiciones
674 1506 879 1555 religionis
923 1507 1077 1542 novelle
1121 1503 1305 1552 religioni
1351 1503 1498 1540 Christi

184 1569 361 1606 adiectas
394 1577 431 1604 et
464 1576 604 1604 contra
636 1565 955 1614 possessionatos
989 1576 1035 1600 ac
1068 1571 1207 1600 contra
1238 1574 1498 1610 quoscunque

184 1627 252 1675 qui
290 1626 445 1663 variant
484 1638 506 1662 a
546 1633 652 1661 statu
689 1624 729 1661 in
768 1622 899 1672 specie
939 1634 1057 1670 quem
1092 1620 1273 1658 Christus
1312 1619 1496 1656 instituit.

184 1687 232 1721 Et
272 1684 376 1720 istud
415 1691 673 1732 prosecutum
714 1690 891 1718 moveret
931 1691 1193 1729 quoscunque
1233 1677 1381 1714 Christi
1422 1677 1498 1713 dis-

184 1743 337 1791 cipulos
369 1744 419 1779 ad
450 1742 745 1779 observandum
776 1739 860 1776 sine
882 1738 1058 1776 novitate
1081 1736 1321 1773 infundabili
1343 1735 1500 1773 adiecta

128 1803 167 1836 25
185 1801 332 1839 Christi
366 1801 546 1849 regulam
580 1807 775 1848 quantum
809 1797 969 1834 scirent.

243 1862 354 1905 Item,
389 1871 434 1895 eo
466 1858 554 1906 ipso
587 1870 667 1906 quo
701 1856 788 1905 quis
822 1857 942 1892 habet
975 1855 1157 1904 equalem
1191 1853 1423 1890 facultatem
1457 1861 1499 1889 ut

183 1917 305 1954 faciat
356 1918 435 1953 duo
486 1918 593 1953 bona
645 1924 681 1952 et
733 1914 859 1963 magis
910 1915 1061 1950 bonum
1116 1912 1189 1948 sibi
1241 1911 1392 1948 omittit
1442 1920 1499 1947 est

184 1976 339 2020 stultus,
375 1984 412 2011 et
443 1988 516 2012 non
549 1974 797 2011 mediocriter
822 1980 958 2022 peccat
979 1972 1199 2008 secundum
1223 1972 1498 2017 Jeronymum.

184 2037 286 2071 Nam
320 2032 604 2070 inevitabiliter
636 2031 727 2069 talis
761 2032 868 2068 mala
901 2029 1049 2067 eleccio
1084 2038 1141 2066 est
1173 2028 1214 2064 in
1247 2029 1385 2076 culpa:
1430 2029 1499 2064 sed

128 2095 170 2128 30
185 2091 241 2129 sic
274 2100 331 2128 est
364 2093 412 2128 de
444 2091 623 2141 quolibet
656 2099 752 2139 apto
786 2088 930 2126 mereri
965 2088 1005 2124 in
1038 2087 1230 2136 religione
1259 2086 1415 2134 privata
1437 2087 1499 2123 vel

184 2150 224 2186 in
264 2149 456 2198 religione
495 2148 669 2197 simplici
710 2147 941 2193 christiana,
989 2148 1084 2183 dum
1128 2145 1302 2194 primam
1341 2153 1498 2193 partem

184 2207 364 2256 elegerit3
398 2221 491 2256 ergo
524 2207 707 2255 eligendo
738 2206 779 2242 in
811 2207 887 2242 hoc
919 2214 1025 2242 statu
1057 2204 1213 2253 privato
1251 2203 1499 2239 voluntatem

184 2265 257 2302 Dei
292 2266 422 2303 facere
456 2266 558 2302 foret
581 2266 744 2310 stultus;
774 2277 867 2301 nam
892 2263 932 2300 in
956 2272 1062 2300 statu
1085 2261 1258 2311 simplici
1281 2260 1499 2297 christiano

183 2333 315 2373 potest
347 2325 550 2372 complere
579 2335 700 2360 omne
732 2322 880 2360 Christi
913 2323 1147 2359 mandatum
1173 2320 1253 2357 sive
1286 2318 1497 2356 consilium

129 2384 168 2417 35
185 2394 284 2432 eque
335 2382 516 2428 faciliter,
569 2381 672 2418 sicut
712 2381 861 2418 faceret
909 2379 950 2416 in
1000 2379 1193 2428 religione
1239 2377 1395 2426 privata
1438 2378 1499 2414 vel

183 2449 277 2478 voto
300 2441 406 2478 facto
439 2439 593 2477 homini
626 2439 867 2476 constitutus
900 2446 937 2475 et
969 2451 1016 2475 eo
1050 2437 1191 2474 melius
1224 2448 1304 2486 quo
1335 2435 1499 2472 liberius

240 2606 274 2636 .¹·
296 2597 365 2624 DE:
386 2596 513 2632 aliquid.
594 2604 620 2624 2.
641 2597 685 2624 A:
706 2600 859 2624 teneretur
879 2595 972 2623 deest.
1053 2595 1077 2623 5.
1098 2596 1142 2623 A:
1165 2595 1249 2622 dicit.
1330 2594 1358 2622 6.
1380 2593 1499 2622 Codd.:

184 2632 353 2660 omittentis
373 2631 464 2670 quin3
494 2631 535 2659 ib.
557 2631 627 2658 DE:
647 2631 719 2659 Non
740 2631 838 2664 enim:
867 2631 908 2658 ib.
928 2631 974 2659 A:
997 2631 1106 2658 sciunt.
1214 2638 1241 2665 7.
1263 2630 1307 2657 A:
1330 2629 1376 2657 sui
1397 2629 1499 2660 deest:

184 2667 291 2706 ib3A:
312 2670 461 2694 llesclunt.
495 2674 556 2705 *12.
571 2666 641 2693 DE:
663 2671 802 2702 potentes
823 2665 936 2701 primo.
999 2666 1037 2693 15.
1051 2665 1120 2692 DE:
1142 2669 1314 2692 excusatur.
1372 2664 1414 2692 16.
1430 2663 1498 2691 DE:

185 2710 257 2738 qula
276 2701 463 2735 secundum
493 2701 534 2728 ὼ.
554 2701 599 2729 A:
621 2701 680 2728 sibi
701 2700 796 2728 deest.
867 2700 974 2739 .17-.D=
996 2708 1083 2727 suam
1105 2707 1203 2727 suam.
1276 2698 1320 2727 23.
1341 2700 1386 2726 A:
1407 2707 1500 2738 quos-

185 2744 305 2772 cunque
325 2736 419 2763 deest.
497 2734 541 2770 23,
562 2743 610 2771 24.
629 2736 675 2763 A:
696 2740 823 2763 cunctos
844 2734 1024 2774 discipulos.
1107 2734 1151 2762 25.
1172 2734 1241 2762 DE:
1262 2742 1355 2769 quam
1377 2737 1499 2761 scirent.

185 2770 232 2799 26.
253 2772 282 2798 A
301 2770 332 2798 in
354 2778 468 2806 marg:
499 2769 643 2810 Christus
668 2775 714 2798 est
739 2770 833 2797 abbas
859 2774 959 2797 toclus
986 2769 1105 2797 ordinis
1126 2769 1303 2803 clu-istiani3
1331 2769 1373 2796 ib.
1394 2767 1449 2795 AE
1468 2767 1499 2794 in

186 2805 348 2867 ma1·ss.E:::8.
429 2813 474 2841 27.
494 2806 539 2833 A:
560 2813 660 2833 malus
682 2805 808 2833 bonum.
887 2804 926 2832 31.
947 2805 992 2833 A:
1012 2805 1044 2832 in
1064 2804 1158 2831 deest.
1240 2803 1284 2831 32.
1304 2804 1349 2831 A:
1372 2802 1498 2837 eligerit.

186 2839 232 2868 36.
342 2840 519 2867 constituto.

259 2921 312 2955 28.
339 2921 391 2954 Cf.
419 2923 554 2954 Deci-eti
582 2922 681 2955 tertia
707 2933 799 2965 pars,
826 2922 903 2954 dist.
924 2922 964 2962 V,
992 2931 1067 2964 cap.
1095 2921 1220 2954 XXIV.

1714 283 1781 319 103

1522 1863 1582 1891 We
1602 1872 1652 1890 are
1673 1864 1787 1899 always

1532 1898 1634 1925 bound
1657 1903 1688 1925 to
1708 1899 1776 1925 take

1522 1933 1572 1960 the
1594 1933 1658 1960 best
1677 1941 1787 1961 course

1554 1977 1632 2003 open
1654 1972 1684 1996 to
1704 1976 1750 1996 us.
