1986 3380
200 297 335 326 SERMo
357 286 406 344 L]
673 296 883 331 SECUNDA
911 295 1038 327 PARS.

202 405 504 444 communitatis
551 404 759 442 hominum
814 403 863 440 ad
906 404 1034 438 Deum
1080 401 1187 448 quod
1240 397 1411 447 pertinet
1465 400 1513 434 ad

202 465 415 514 prelatum,
455 464 630 500 secunda
663 471 721 499 est
755 460 976 509 corporalis
1010 457 1218 495 ordinacio
1243 456 1392 493 familie
1426 469 1514 504 par-

203 522 381 559 ticularis
427 523 476 558 ad
521 534 636 558 suum
686 519 895 556 dominum
941 517 1161 554 secularem
1208 523 1244 551 et
1288 513 1414 550 tercia
1458 523 1515 550 est

203 580 425 629 personalis
459 578 668 616 ordinacio
707 577 802 614 boni
836 589 928 613 usus
968 575 1229 613 carismatum
1263 574 1313 609 ad
1346 571 1515 608 beatitu-

170 640 187 673 5
204 638 336 675 dinem
354 649 523 686 persone
543 635 772 672 huiusmodi
789 634 1102 683 adquirendum3
1127 640 1164 668 et
1181 631 1271 668 talis
1294 629 1516 678 personalis

204 695 456 745 dispensacio
479 694 651 743 pertinet
677 696 727 730 ad
750 705 902 730 omnes.
944 692 1039 736 Quis
1057 698 1185 740 putas,
1219 688 1360 737 inquit,
1383 688 1518 738 fidelis

204 762 258 791 est
301 766 437 790 servus
480 761 514 789 et
559 753 732 802 prudens
775 764 882 800 quem
927 749 1120 786 constituit
1169 747 1359 784 Dominus
1402 758 1519 795 super

194 812 394 862 familiam
418 824 541 857 suam,
566 818 604 846 ut
631 811 693 846 det
715 810 793 846 illis
816 810 937 845 cibum
962 808 996 843 in
1020 815 1203 856 tempore.
1240 806 1389 841 Omnes
1413 803 1517 840 enim

205 869 259 906 hii
299 878 377 906 tres
415 869 710 917 dispensatores
749 868 817 903 sed
858 866 1046 915 precipue
1085 864 1239 913 primus
1278 872 1314 899 et
1355 861 1519 898 ultimus

152 936 391 965 ¹0tenentur
440 939 514 975 pro
565 927 656 963 loco
702 934 740 962 et
785 934 968 972 tempore
1015 924 1109 960 dare
1156 921 1351 958 cibarium
1397 919 1519 956 servis

205 986 296 1023 suis.
332 986 433 1022 Cum
468 984 573 1021 enim
607 983 761 1032 primus
784 983 833 1019 sit
867 991 1005 1030 pastor
1032 980 1160 1029 gregis
1184 979 1318 1016 ovium
1342 977 1519 1023 Domini,

206 1053 314 1093 patet
368 1056 410 1080 ex
465 1043 542 1079 fide
595 1041 787 1090 evangelii
841 1038 1048 1088 (Johannis
1100 1038 1260 1084 ultimo)
1314 1037 1521 1085 quomodo

206 1112 363 1139 tenetur
407 1100 670 1150 spiritualiter
714 1111 879 1148 pascere
924 1098 1012 1134 illas
1057 1109 1161 1134 oveS.
1216 1097 1342 1132 Debet
1387 1104 1520 1131 autem

207 1160 374 1210 quilibet
406 1159 497 1196 talis
531 1159 784 1207 dispensator
817 1169 899 1194 esse
934 1155 1060 1192 fidelis
1094 1167 1229 1191 servus
1263 1163 1299 1190 et
1332 1154 1520 1201 prudens,

153 1219 189 1251 ¹5
208 1218 335 1255 fidelis
358 1227 400 1254 ut
424 1219 489 1254 det
513 1216 738 1254 doctrinam
760 1215 864 1261 fidei,
881 1227 963 1251 non
985 1213 1257 1250 fabulaciones
1281 1211 1523 1260 apocriphas

208 1286 244 1313 et
279 1277 405 1313 multo
440 1275 667 1313 evidencius
699 1287 781 1311 non
813 1273 993 1310 infideles
1026 1272 1087 1309 vel
1120 1272 1333 1308 mendaces
1367 1269 1522 1306 fabulas

207 1335 347 1372 ovibus
381 1334 452 1371 Dei
486 1333 558 1370 sui.
599 1334 646 1369 Et
680 1334 797 1369 debet
829 1332 1005 1368 secundo
1039 1343 1122 1366 esse
1154 1330 1341 1378 prudens,
1376 1336 1417 1364 ut
1451 1339 1523 1375 pro

209 1394 298 1430 loco
332 1401 368 1429 et
402 1401 584 1440 tempore
618 1392 836 1440 prudenter
869 1388 1082 1426 distribuat
1114 1388 1335 1424 secundum
1369 1385 1523 1433 exigen-

210 1451 313 1488 ciam
345 1450 479 1488 ovium
512 1458 670 1498 pastum
706 1449 839 1485 istum.

153 1519 194 1541 20
267 1511 316 1546 Et
359 1508 562 1557 signanter
607 1507 753 1544 dicitur
797 1507 905 1555 quod
950 1504 1148 1542 Dominus
1199 1515 1354 1540 servum
1409 1503 1523 1538 talem

120 1604 143 1634 F
173 1602 181 1633 Ι
210 1567 416 1611 constituit,
456 1566 549 1615 quia
589 1577 870 1615 quemcunque
904 1563 1185 1607 Antichristus,
1227 1574 1308 1598 non
1341 1559 1524 1598 Christus

116 1613 330 1691 2204138uper
374 1625 568 1673 populum
612 1620 616 1677 Ι
656 1623 879 1660 subiectum
926 1621 1122 1666 statuerit,
1168 1633 1249 1656 non
1294 1628 1351 1656 est
1396 1618 1524 1655 fidelis

212 1696 346 1720 servus
363 1692 399 1720 et
415 1684 590 1731 prudens
606 1683 674 1718 sed
698 1680 947 1718 condicionis
963 1679 1161 1728 opposite,
1181 1691 1270 1715 cum
1288 1676 1464 1714 decimas
1488 1684 1525 1712 et

212 1741 402 1791 pecunias
436 1753 553 1778 avare
587 1748 804 1788 congregat
838 1747 874 1775 et
909 1739 1094 1775 celestem
1128 1737 1361 1773 thesaurum
1386 1734 1526 1772 ovibus

155 1802 193 1833 25
213 1800 360 1838 Christi
404 1812 485 1836 non
528 1800 746 1847 prudenter
791 1796 1005 1834 distribuit.
1060 1798 1108 1832 Et
1152 1795 1264 1844 prior
1315 1795 1527 1830 thesaurus

213 1871 331 1908 quem
366 1866 581 1906 congregat
613 1856 736 1894 trahit
768 1868 932 1893 avarum
966 1853 1203 1903 precipitem
1228 1854 1279 1889 ad
1312 1852 1525 1892 infernum,

213 1926 249 1954 et
294 1917 492 1953 sccundus
537 1916 747 1952 thesaurus
791 1927 909 1963 quem
950 1914 1168 1961 prudenter
1212 1911 1406 1947 tribueret
1443 1918 1526 1946 tam

213 1988 253 2012 se
286 1987 407 2024 quam
441 1974 625 2010 subditos
664 1986 756 2010 suos
797 1973 988 2009 exaltaret
1021 1972 1070 2007 ad
1103 1969 1291 2019 patriam.
1345 1971 1386 2005 In
1420 1967 1528 2004 finali

214 2042 349 2071 autem
384 2032 532 2069 iudicio
567 2034 672 2068 Deus
705 2030 919 2080 premiabit
953 2029 1086 2066 taliter
1118 2028 1309 2065 facientes
1343 2036 1380 2064 et
1403 2027 1529 2063 instar

157 2093 199 2125 30
214 2092 386 2129 aliorum
426 2092 625 2127 bonorum
664 2089 795 2137 ipsum
835 2087 1051 2125 constituet
1090 2099 1210 2135 super
1248 2085 1385 2122 omnia
1424 2086 1529 2121 bona

215 2163 298 2187 sua.
341 2149 381 2186 Si
415 2148 520 2186 enim
554 2148 594 2185 in
625 2147 689 2184 via
720 2148 908 2183 iustorum
943 2153 1030 2182 sunt
1062 2145 1202 2191 omnia,
1244 2156 1315 2192 per
1346 2143 1453 2180 idem
1488 2142 1529 2178 in

214 2208 346 2257 patria
384 2207 484 2244 iuste
523 2205 730 2255 possident
768 2204 905 2241 omnia
946 2205 1052 2240 bona
1085 2202 1170 2239 Dei.
1225 2202 1302 2248 Qui
1335 2201 1441 2238 enim
1475 2200 1530 2236 sic

215 2268 334 2303 habet
368 2268 495 2302 Deum
529 2265 735 2313 quomodo
774 2276 855 2299 non
886 2261 1108 2311 possideret
1139 2260 1277 2297 omnia
1308 2261 1414 2296 bona
1446 2271 1529 2305 sua,

217 2334 253 2361 et
287 2337 377 2361 cum
418 2323 466 2359 sit
506 2324 677 2359 duarum
716 2330 953 2358 naturarum
988 2328 1170 2368 utraque,
1212 2319 1418 2367 quomodo
1451 2329 1531 2353 non

160 2383 199 2417 35
217 2383 318 2419 foret
362 2382 583 2418 secundum
629 2379 859 2416 inferiorem
909 2387 1096 2415 naturam
1143 2389 1262 2425 super
1313 2375 1531 2424 ipsummet

217 2440 423 2477 hominem
469 2438 734 2476 constitutus?
786 2440 876 2474 Non
920 2436 1039 2484 igitur
1091 2444 1147 2472 est
1191 2435 1356 2483 aliquod
1409 2446 1531 2482 genus

218 2507 400 2536 creature
440 2497 536 2546 quin
574 2509 694 2545 super
737 2495 867 2544 ipsum
914 2494 1145 2530 dominatur
1189 2492 1355 2541 quilibet
1394 2493 1532 2528 beatus

218 2558 440 2594 secundum
472 2564 627 2604 partem
663 2554 746 2591 eius
780 2553 956 2602 aliquam
991 2551 1265 2588 subiectivam.

289 2664 312 2684 2.
334 2656 358 2684 E
377 2656 407 2683 in
429 2664 543 2691 marg:
565 2663 590 2683 2.
663 2654 688 2683 3.
710 2655 734 2682 E
753 2654 784 2681 in
806 2662 919 2689 marg:
943 2652 966 2680 3.
1040 2661 1069 2686 4.
1090 2653 1135 2679 A:
1157 2659 1290 2688 persona
1310 2651 1367 2678 vel.
1440 2650 1463 2678 5.
1485 2650 1530 2677 A:

219 2692 303 2719 modi
325 2691 418 2718 deest.
501 2699 542 2718 10.
562 2691 607 2718 A:
629 2698 685 2725 pro
705 2690 808 2724 longo.
888 2688 998 2716 10—18.
1018 2687 1058 2715 E:
1081 2687 1153 2715 dare
1173 2686 1321 2714 cibarium
1342 2701 1376 2705 «-
1395 2689 1455 2712 tem
1468 2692 1534 2711 wore

220 2727 314 2754 deest.
395 2734 429 2753 11.
450 2726 494 2753 A:
516 2725 667 2752 omnium.
748 2732 787 2760 17.
808 2723 877 2751 DE:
899 2722 1027 2750 domini.
1110 2729 1156 2749 20.
1177 2721 1246 2749 DE:
1268 2721 1368 2753 Deus;
1397 2719 1438 2747 ib.
1474 2739 1483 2746 Α
1503 2719 1532 2746 in

220 2769 333 2796 marg:
354 2760 446 2788 Nota.
519 2768 562 2787 22.
584 2760 626 2787 D:
650 2760 799 2795 populum
821 2758 935 2785 statuit.
984 2792 989 2796 .
1009 2756 1052 2784 23.
1072 2757 1097 2784 E
1116 2757 1147 2784 in
1169 2764 1283 2791 marg:

619 2811 814 2839 constitums
844 2795 857 2860 ἑ
879 2792 1140 2854 ἓὺρέιξὲιῐδὶξῑῗπίεῐο.

220 2865 262 2893 32.
283 2865 308 2893 E
327 2865 357 2892 in
379 2872 493 2899 marg:
514 2863 669 2892 Notabile.
743 2862 790 2891 36.
811 2862 880 2890 DE:
900 2861 1012 2889 Nonne
1033 2869 1116 2897 ergo.

289 2925 321 2958 6.
348 2924 513 2958 Matthaei
540 2925 663 2965 XXIV,
689 2925 744 2966 45.
843 2933 896 2955 21.
924 2922 969 2955 ib.
996 2932 1054 2966 47,

1722 279 1796 317 363

1608 1505 1742 1534 Faithful

1572 1545 1713 1568 servants
1734 1548 1783 1567 are

1608 1576 1696 1603 those
1716 1576 1751 1603 ot'

1612 1610 1745 1638 Christ's

1566 1646 1789 1682 appointment.
