1986 3380
186 301 321 329 similo
342 291 411 348 vi]
658 304 872 336 sECUNDA
901 305 1024 336 PARS.
1733 297 1782 342 43

186 412 234 446 ad
268 410 341 445 sibi
374 410 624 446 serviendum
658 410 697 445 in
730 410 898 446 servicio
932 410 986 446 eis
1026 411 1160 446 debito
1201 411 1497 458 prompcicwes:

185 468 300 504 aliter
323 468 427 504 enim
451 470 554 503 Deus
579 468 751 504 dedisset
773 468 848 503 illis
872 468 1001 516 ipsum
1027 470 1224 504 donorum
1250 478 1495 504 crementum

186 526 435 562 frustratorie
453 525 535 561 sine
554 538 685 569 causa,
702 527 770 562 sed
793 526 941 562 iudicet
966 526 1212 573 evangelium
1239 539 1283 562 ac
1307 526 1499 562 naturalis

186 583 294 619 racio
339 583 369 619 si
415 584 542 619 clerus
588 596 629 619 ex
675 583 888 620 dotacione
932 583 1000 619 illa
1045 583 1093 619 sit
1139 583 1329 620 humilior
1374 593 1409 620 ct
1450 586 1498 620 ad

152 641 435 677 5serviendum
473 643 555 677 Deo
588 641 841 689 prompcior;
876 643 983 689 quod
1016 642 1047 677 si
1081 655 1161 677 non
1193 641 1323 687 fuerit,
1372 642 1495 678 mani-

184 699 327 735 festum
362 708 419 735 est
452 701 559 747 quod
594 701 698 735 Deus
731 712 811 735 non
844 699 1007 736 donavit
1040 701 1115 736 hoc
1149 699 1233 736 fieri
1276 701 1343 736 sed
1378 702 1499 736 Satan

186 758 424 805 perturbans
458 757 680 804 profectum
716 757 894 794 ecclesie.

241 814 385 851 Tercio
418 814 573 851 videtur
613 814 724 863 sequi
769 817 877 863 quod
922 827 1158 863 quecunque
1203 815 1292 852 talis
1339 815 1500 852 dotacio

185 874 398 909 adversans
432 872 683 909 ordinacioni
718 872 865 909 Christi
906 873 1009 921 sapit
1054 873 1361 921 blasphemiam,
1409 886 1498 910 cum

132 941 169 961 10
185 929 356 978 imponit
379 930 452 966 sibi
475 930 711 973 stulticiam;
741 944 835 967 nam
859 930 1071 979 scriptura,
1096 931 1204 967 racio
1237 931 1430 967 naturalis
1464 940 1501 967 et

185 988 433 1035 experiencia
465 997 662 1024 testantur
700 990 808 1037 quod
847 988 1067 1036 occupacio
1109 989 1282 1025 hominis
1322 989 1501 1037 dispersa

185 1045 290 1082 circa
324 1046 564 1094 temporalia
603 1048 707 1082 bona
755 1046 975 1094 indisponit
1019 1048 1069 1083 ad
1115 1046 1353 1095 capiendum
1387 1046 1501 1094 spiri-

184 1103 308 1140 tualia
353 1113 389 1140 et
433 1104 519 1152 ipsa
552 1104 757 1141 caritative
790 1105 942 1153 populo
981 1104 1229 1141 seminanda.
1276 1108 1357 1141 Nec
1395 1104 1502 1153 capit

186 1174 296 1198 mens
348 1162 521 1198 hominis
574 1164 780 1211 quomodo
826 1163 1001 1211 prelatus
1046 1162 1101 1199 sic
1147 1164 1308 1199 dotatus
1353 1172 1395 1199 ut
1446 1162 1502 1199 sic

132 1219 168 1251 15
186 1219 411 1268 disponitur
449 1222 499 1256 ad
536 1220 776 1256 vincendum
820 1222 1015 1256 mundum
1053 1221 1114 1256 vel
1154 1220 1235 1257 eius
1275 1220 1499 1257 doctrinam

185 1277 353 1314 subditis
383 1279 711 1326 exemplandum;
746 1287 783 1314 et
815 1278 871 1315 sic
904 1280 951 1315 de
984 1278 1071 1314 aliis
1105 1278 1298 1316 hostibus.
1333 1280 1502 1327 Oportet

186 1348 279 1383 ergo
312 1336 372 1372 vel
404 1349 549 1383 negare
581 1336 822 1384 scripturam
855 1337 916 1372 vel
948 1336 1062 1372 fateri
1096 1336 1243 1373 Christi
1283 1336 1501 1373 stulticiam

185 1394 245 1430 vel
278 1393 443 1429 ecclesie
475 1393 751 1441 ignoranciam
776 1394 1081 1431 ordinacionem
1107 1394 1268 1431 Domini
1290 1394 1501 1431 volicionis

188 1460 379 1499 perpetue
411 1451 494 1487 sine
529 1464 648 1488 causa
680 1451 790 1488 licita
823 1452 878 1488 sic
912 1461 1173 1489 eversantem.

128 1518 170 1540 20
244 1510 321 1545 Sed
353 1509 478 1545 tercio
511 1509 788 1557 principaliter
820 1509 1035 1546 videndum
1070 1519 1126 1546 est
1165 1512 1371 1559 quomodo
1406 1510 1502 1547 dicti
1517 1516 1583 1544 The
1605 1517 1700 1543 saints
1720 1517 1790 1543 who

185 1566 312 1603 sancti
345 1566 583 1615 recipientes
617 1567 726 1604 illam
761 1567 1016 1604 dotacionem
1056 1567 1096 1603 in
1134 1577 1247 1616 parte
1286 1577 1502 1616 potuerunt
1560 1552 1758 1613 ρὲἓξῖξῗῖξῗῃῑ

187 1624 384 1669 excusari3
419 1624 551 1673 potuit
584 1625 689 1662 enim
724 1637 807 1662 esse
838 1626 899 1662 vel
938 1625 1057 1662 fuisse
1100 1627 1207 1674 quod
1247 1626 1503 1662 crediderunt
1608 1621 1704 1648 errcd.

188 1682 382 1719 maiorem
436 1682 556 1719 fuisse
609 1683 782 1731 quietem
838 1683 1004 1720 ecclesie
1057 1692 1094 1720 et
1138 1684 1502 1732 promptitudinem

187 1740 441 1777 ministrandi
465 1741 626 1778 Christo
660 1742 806 1778 habere
839 1741 1094 1778 dotacionem
1119 1742 1240 1778 talem
1267 1750 1502 1790 perpetuam

130 1797 168 1829 25
187 1807 225 1835 et
257 1798 440 1835 servandi
473 1808 753 1847 paupertatem
792 1799 983 1847 priorem,
1023 1800 1294 1837 thesaurizare
1334 1800 1504 1836 fideliter

97 1845 430 1934 Fgssgpauperibus
475 1866 605 1894 totum
650 1858 906 1905 superhabun
935 1853 939 1911 Ι
969 1859 1080 1904 dans,
1126 1857 1227 1895 sicut
1265 1857 1504 1895 videbantur

95 1902 105 1923 ¹
147 1920 151 1921 ⁷
187 1914 325 1951 fecisse
369 1915 497 1951 sancti
542 1915 728 1964 apostoli,
775 1917 937 1964 quando
987 1916 1260 1964 possessiones
1312 1929 1501 1964 agrorum

186 1974 411 2009 vendebant
446 1982 483 2009 et
518 1975 721 2022 ponebant
755 1973 891 2022 precia
925 1983 1017 2010 ante
1051 1975 1171 2022 pedes
1201 1975 1501 2023 apostolorum:

188 2032 256 2067 sed
290 2039 443 2067 certum
479 2040 536 2068 est
569 2032 678 2080 quod
710 2040 805 2068 tunc
837 2032 968 2068 forent
1000 2032 1157 2080 decepti
1191 2045 1234 2068 ex
1273 2032 1503 2069 inordinata

130 2087 172 2120 30
188 2088 406 2125 affeccione
447 2090 496 2126 ad
529 2089 771 2138 temporalia
803 2098 840 2126 et
874 2102 918 2126 ex
955 2089 1202 2139 incompleta
1240 2090 1502 2127 similitudine

187 2146 333 2183 simiali
365 2138 415 2183 'et
464 2160 507 2184 ex
550 2147 848 2184 inadvertencia
892 2149 942 2184 ad
991 2147 1246 2196 scripturam.
1291 2151 1339 2185 Et
1383 2148 1503 2185 fuisse

188 2205 319 2253 potuit
351 2217 397 2241 ac
430 2205 603 2254 supponi
637 2205 773 2242 debuit
806 2207 914 2254 quod
947 2207 995 2243 de
1027 2206 1095 2243 illa
1133 2206 1366 2254 ignorancia
1399 2207 1503 2243 fruc-

187 2271 301 2299 tuose
335 2263 507 2300 finaliter
539 2262 784 2312 penitebant.
828 2265 906 2301 Sed
939 2265 987 2301 de
1030 2264 1100 2301 illo
1143 2264 1288 2302 veniali
1336 2273 1502 2313 peccato

188 2320 309 2357 crevit
355 2322 525 2358 mortale
568 2322 647 2358 late
698 2321 879 2358 inficiens
938 2331 1109 2359 matrem
1161 2331 1355 2368 nostram,
1410 2322 1503 2371 quia

131 2379 170 2411 35
188 2379 381 2426 dyabolus
414 2380 586 2416 saltabat
619 2392 690 2428 per
728 2380 862 2416 locum
896 2393 919 2417 a
957 2380 1103 2417 simiali
1142 2380 1417 2417 similitudine.
1463 2379 1503 2417 Si
1553 2387 1620 2415 The
1643 2386 1750 2426 aex-irs

187 2436 280 2473 licet
313 2437 459 2474 habere
500 2450 674 2486 paucum
713 2437 894 2486 precium
933 2439 1040 2475 ultra
1077 2438 1292 2476 instantem
1333 2438 1503 2475 necessi-
1559 2422 1746 2492 arg‘iffiiiins.

187 2503 311 2531 tatem
345 2496 395 2531 ad
434 2503 593 2543 ternpus
639 2497 768 2542 breve,
816 2508 908 2544 ergo
953 2508 1024 2545 per
1067 2496 1174 2533 idem
1219 2496 1312 2533 licet
1355 2498 1502 2534 habere

189 2561 388 2601 quotquot
440 2553 604 2590 divicias
659 2562 696 2590 et
748 2553 888 2602 predia
940 2567 1013 2603 pro
1066 2563 1263 2603 perpetuo
1323 2554 1501 2591 officium

256 2694 281 2714 2.
302 2686 372 2714 DE:
395 2687 480 2714 daret
499 2686 583 2714 Deus
602 2686 680 2722 ipsis
700 2687 785 2715 illud,
835 2697 864 2722 4.
886 2687 955 2715 DE:
977 2693 1005 2715 et
1025 2689 1120 2716 deest.
1171 2688 1197 2716 8.
1213 2688 1268 2716 ΑΕ
1288 2689 1318 2716 in
1340 2697 1454 2723 marg:
1477 2687 1500 2716 3.

189 2729 217 2756 9.
239 2721 264 2748 D
285 2721 315 2749 in
337 2729 451 2757 marg:
473 2721 674 2757 Temporalia
695 2722 871 2756 impediunt
891 2723 1006 2750 clerum
1027 2723 1057 2750 in
1080 2732 1135 2750 suo
1156 2723 1268 2751 officio.
1397 2732 1436 2750 10.
1458 2723 1501 2750 D:

188 2756 427 2784 racionabilitas.
502 2764 541 2784 12.
562 2757 606 2784 A:
628 2756 849 2792 indisponitur.
919 2757 955 2785 15.
976 2758 1021 2785 A:
1043 2757 1107 2785 eius
1128 2758 1300 2785 victoriam,
1369 2758 1409 2785 16.
1432 2757 1500 2785 DE:

188 2794 215 2817 et
235 2790 352 2818 ceteris.
462 2791 501 2818 18.
522 2792 567 2818 A:
590 2791 784 2819 volicionem.
901 2801 941 2822 ιο.
963 2792 1004 2819 Ε.·
1026 2797 1200 2827 eversante3
1230 2793 1270 2820 ib.
1292 2792 1316 2819 E
1336 2792 1365 2819 in
1388 2801 1500 2828 marg:

189 2824 358 2860 Quomodo
378 2825 475 2853 sancti
497 2831 677 2861 receperunt
698 2825 923 2854 dotacionem.'
975 2835 1022 2854 20.
1043 2827 1113 2854 DE:
1135 2827 1218 2862 quod
1240 2827 1330 2860 dicti;
1360 2827 1400 2854 ib.
1422 2828 1451 2854 A
1471 2827 1500 2854 in

187 2867 300 2921 mari:
314 2859 412 2894 Nota;
433 2860 458 2887 D
473 2860 503 2887 in
519 2868 633 2896 marg.:
650 2860 755 2889 Sancti
769 2861 964 2889 dotacionem
979 2866 1115 2889 tenentes
1130 2861 1289 2897 quomodo
1304 2866 1499 2889 excusantur.

186 2893 294 2956 Ξίθδῖῑ
316 2894 480 2922 servando.
553 2902 598 2931 27.
619 2896 664 2923 A:
687 2896 783 2924 sancti
804 2895 897 2923 deest.
971 2895 1010 2923 31.
1032 2896 1073 2923 D:
1095 2896 1210 2924 fimiali.
1285 2895 1329 2924 38.
1351 2896 1419 2923 DE:
1443 2904 1500 2931 pro
