<?xml version="1.0" encoding="UTF-8"?>
<!DOCTYPE html PUBLIC "-//W3C//DTD XHTML 1.0 Transitional//EN"
    "http://www.w3.org/TR/xhtml1/DTD/xhtml1-transitional.dtd">
<html xmlns="http://www.w3.org/1999/xhtml" xml:lang="en" lang="en">
 <head>
  <title>
</title>
<meta http-equiv="Content-Type" content="text/html;charset=utf-8" />
  <meta name='ocr-system' content='tesseract 3.04.00' />
  <meta name='ocr-capabilities' content='ocr_page ocr_carea ocr_par ocr_line ocrx_word'/>
</head>
<body>
  <div class='ocr_page' id='page_1' title='image "./iohanniswyclifse0702wycl_0061.png"; bbox 0 0 1986 3380; ppageno 0'>
   <div class='ocr_carea' id='block_1_1' title="bbox 183 252 1019 308">
    <p class='ocr_par' dir='ltr' id='par_1_1' title="bbox 183 252 1019 308">
     <span class='ocr_line' id='line_1_1' title="bbox 183 252 1019 308; baseline 0 -18"><span class='ocrx_word' id='word_1_1' title='bbox 183 262 318 290; x_wconf 75' lang='lat' dir='ltr'>sERmo</span> <span class='ocrx_word' id='word_1_2' title='bbox 339 252 394 308; x_wconf 71' lang='lat' dir='ltr'>v]</span> <span class='ocrx_word' id='word_1_3' title='bbox 653 262 866 294; x_wconf 73' lang='lat' dir='ltr'>SECUNDA</span> <span class='ocrx_word' id='word_1_4' title='bbox 894 260 1019 291; x_wconf 75' lang='lat' dir='ltr'>PARs.</span> 
     </span>
    </p>
   </div>
   <div class='ocr_carea' id='block_1_2' title="bbox 75 355 1506 2560">
    <p class='ocr_par' dir='ltr' id='par_1_2' title="bbox 179 355 1496 589">
     <span class='ocr_line' id='line_1_2' title="bbox 179 355 1492 417; baseline -0.008 -9"><span class='ocrx_word' id='word_1_5' title='bbox 179 371 315 407; x_wconf 88' lang='lat' dir='ltr'>iudicii</span> <span class='ocrx_word' id='word_1_6' title='bbox 341 369 535 407; x_wconf 82' lang='lat' dir='ltr'>Dominus</span> <span class='ocrx_word' id='word_1_7' title='bbox 559 369 663 405; x_wconf 88' lang='lat' dir='ltr'>dicet</span> <span class='ocrx_word' id='word_1_8' title='bbox 687 368 762 403; x_wconf 90' lang='lat' dir='ltr'>illis</span> <span class='ocrx_word' id='word_1_9' title='bbox 786 368 920 417; x_wconf 67' lang='lat' dir='ltr'>Euge5</span> <span class='ocrx_word' id='word_1_10' title='bbox 942 375 978 402; x_wconf 90' lang='lat' dir='ltr'>et</span> <span class='ocrx_word' id='word_1_11' title='bbox 1004 378 1046 401; x_wconf 80' lang='lat' dir='ltr'>ex</span> <span class='ocrx_word' id='word_1_12' title='bbox 1070 364 1261 400; x_wconf 84' lang='lat' dir='ltr'>fidelitate</span> <span class='ocrx_word' id='word_1_13' title='bbox 1286 355 1492 399; x_wconf 80' lang='lat' dir='ltr'>meritoria</span> 
     </span>
     <span class='ocr_line' id='line_1_3' title="bbox 180 420 1493 476; baseline -0.008 -11"><span class='ocrx_word' id='word_1_14' title='bbox 180 429 334 465; x_wconf 79' lang='lat' dir='ltr'>servicii</span> <span class='ocrx_word' id='word_1_15' title='bbox 380 441 452 476; x_wconf 88' lang='lat' dir='ltr'>pro</span> <span class='ocrx_word' id='word_1_16' title='bbox 500 426 659 463; x_wconf 88' lang='lat' dir='ltr'>modico</span> <span class='ocrx_word' id='word_1_17' title='bbox 700 433 981 461; x_wconf 82' lang='lat' dir='ltr'>momentaneo</span> <span class='ocrx_word' id='word_1_18' title='bbox 1021 422 1164 458; x_wconf 74' lang='lat' dir='ltr'>sedebit</span> <span class='ocrx_word' id='word_1_19' title='bbox 1204 435 1293 457; x_wconf 90' lang='lat' dir='ltr'>cum</span> <span class='ocrx_word' id='word_1_20' title='bbox 1334 420 1493 457; x_wconf 84' lang='lat' dir='ltr'>Christo</span> 
     </span>
     <span class='ocr_line' id='line_1_4' title="bbox 180 479 1494 532; baseline -0.007 -10"><span class='ocrx_word' id='word_1_21' title='bbox 180 487 219 522; x_wconf 92' lang='lat' dir='ltr'>in</span> <span class='ocrx_word' id='word_1_22' title='bbox 252 486 414 528; x_wconf 76' lang='lat' dir='ltr'>iudicio,</span> <span class='ocrx_word' id='word_1_23' title='bbox 449 493 483 521; x_wconf 83' lang='lat' dir='ltr'>et</span> <span class='ocrx_word' id='word_1_24' title='bbox 506 484 766 520; x_wconf 72' lang='lat' dir='ltr'>dominabitur</span> <span class='ocrx_word' id='word_1_25' title='bbox 784 489 1011 532; x_wconf 70' lang='lat' dir='ltr'>potestatem</span> <span class='ocrx_word' id='word_1_26' title='bbox 1045 481 1186 516; x_wconf 71' lang='lat' dir='ltr'>liabens</span> <span class='ocrx_word' id='word_1_27' title='bbox 1217 492 1335 528; x_wconf 74' lang='lat' dir='ltr'>super</span> <span class='ocrx_word' id='word_1_28' title='bbox 1368 479 1494 514; x_wconf 77' lang='lat' dir='ltr'>decem</span> 
     </span>
     <span class='ocr_line' id='line_1_5' title="bbox 180 536 1496 589; baseline -0.008 -9"><span class='ocrx_word' id='word_1_29' title='bbox 180 545 364 588; x_wconf 71' lang='lat' dir='ltr'>civitates,</span> <span class='ocrx_word' id='word_1_30' title='bbox 395 545 469 579; x_wconf 89' lang='lat' dir='ltr'>hoc</span> <span class='ocrx_word' id='word_1_31' title='bbox 499 551 569 587; x_wconf 86' lang='lat' dir='ltr'>est,</span> <span class='ocrx_word' id='word_1_32' title='bbox 594 554 712 589; x_wconf 89' lang='lat' dir='ltr'>super</span> <span class='ocrx_word' id='word_1_33' title='bbox 742 539 1042 576; x_wconf 86' lang='lat' dir='ltr'>universitatem</span> <span class='ocrx_word' id='word_1_34' title='bbox 1072 536 1334 585; x_wconf 76' lang='lat' dir='ltr'>predestinati</span> <span class='ocrx_word' id='word_1_35' title='bbox 1357 536 1496 583; x_wconf 88' lang='lat' dir='ltr'>populi</span> 
     </span>
    </p>

    <p class='ocr_par' dir='ltr' id='par_1_3' title="bbox 148 593 1498 766">
     <span class='ocr_line' id='line_1_6' title="bbox 148 593 1497 650; baseline -0.008 -11"><span class='ocrx_word' id='word_1_36' title='bbox 148 608 298 650; x_wconf 70' lang='lat' dir='ltr'>§quem</span> <span class='ocrx_word' id='word_1_37' title='bbox 341 600 547 638; x_wconf 87' lang='lat' dir='ltr'>convertit.</span> <span class='ocrx_word' id='word_1_38' title='bbox 594 599 704 635; x_wconf 81' lang='lat' dir='ltr'>Sicut</span> <span class='ocrx_word' id='word_1_39' title='bbox 746 598 851 634; x_wconf 85' lang='lat' dir='ltr'>enim</span> <span class='ocrx_word' id='word_1_40' title='bbox 886 597 1020 634; x_wconf 86' lang='lat' dir='ltr'>anima</span> <span class='ocrx_word' id='word_1_41' title='bbox 1052 596 1158 632; x_wconf 89' lang='lat' dir='ltr'>facta</span> <span class='ocrx_word' id='word_1_42' title='bbox 1191 604 1248 631; x_wconf 90' lang='lat' dir='ltr'>est</span> <span class='ocrx_word' id='word_1_43' title='bbox 1281 595 1393 630; x_wconf 85' lang='lat' dir='ltr'>sedes</span> <span class='ocrx_word' id='word_1_44' title='bbox 1426 593 1497 629; x_wconf 87' lang='lat' dir='ltr'>Dei</span> 
     </span>
     <span class='ocr_line' id='line_1_7' title="bbox 182 651 1498 707; baseline -0.008 -11"><span class='ocrx_word' id='word_1_45' title='bbox 182 661 237 696; x_wconf 84' lang='lat' dir='ltr'>sic</span> <span class='ocrx_word' id='word_1_46' title='bbox 271 660 443 707; x_wconf 84' lang='lat' dir='ltr'>populus</span> <span class='ocrx_word' id='word_1_47' title='bbox 477 660 615 694; x_wconf 88' lang='lat' dir='ltr'>beatus</span> <span class='ocrx_word' id='word_1_48' title='bbox 649 666 706 693; x_wconf 88' lang='lat' dir='ltr'>est</span> <span class='ocrx_word' id='word_1_49' title='bbox 740 656 877 692; x_wconf 86' lang='lat' dir='ltr'>civitas</span> <span class='ocrx_word' id='word_1_50' title='bbox 911 667 1031 703; x_wconf 89' lang='lat' dir='ltr'>quam</span> <span class='ocrx_word' id='word_1_51' title='bbox 1066 655 1171 689; x_wconf 82' lang='lat' dir='ltr'>Deus</span> <span class='ocrx_word' id='word_1_52' title='bbox 1205 651 1403 688; x_wconf 81' lang='lat' dir='ltr'>inhabitat</span> <span class='ocrx_word' id='word_1_53' title='bbox 1444 656 1498 696; x_wconf 89' lang='lat' dir='ltr'>(ut</span> 
     </span>
     <span class='ocr_line' id='line_1_8' title="bbox 184 715 661 766; baseline -0.008 -12"><span class='ocrx_word' id='word_1_54' title='bbox 184 727 293 766; x_wconf 85' lang='lat' dir='ltr'>patet</span> <span class='ocrx_word' id='word_1_55' title='bbox 325 719 451 765; x_wconf 89' lang='lat' dir='ltr'>Apoc.</span> <span class='ocrx_word' id='word_1_56' title='bbox 485 715 661 762; x_wconf 88' lang='lat' dir='ltr'>ultimo).</span> 
     </span>
    </p>

    <p class='ocr_par' dir='ltr' id='par_1_4' title="bbox 184 769 1500 877">
     <span class='ocr_line' id='line_1_9' title="bbox 240 769 1499 822; baseline -0.007 -11"><span class='ocrx_word' id='word_1_57' title='bbox 240 776 293 810; x_wconf 83' lang='lat' dir='ltr'>Et</span> <span class='ocrx_word' id='word_1_58' title='bbox 327 776 428 810; x_wconf 81' lang='lat' dir='ltr'>alter</span> <span class='ocrx_word' id='word_1_59' title='bbox 463 773 529 822; x_wconf 92' lang='lat' dir='ltr'>qui</span> <span class='ocrx_word' id='word_1_60' title='bbox 562 771 817 809; x_wconf 82' lang='lat' dir='ltr'>mediocriter</span> <span class='ocrx_word' id='word_1_61' title='bbox 853 769 1051 807; x_wconf 85' lang='lat' dir='ltr'>laboravit</span> <span class='ocrx_word' id='word_1_62' title='bbox 1081 769 1308 805; x_wconf 86' lang='lat' dir='ltr'>retardatus</span> <span class='ocrx_word' id='word_1_63' title='bbox 1338 780 1381 803; x_wconf 81' lang='lat' dir='ltr'>ex</span> <span class='ocrx_word' id='word_1_64' title='bbox 1410 779 1499 815; x_wconf 90' lang='lat' dir='ltr'>pec-</span> 
     </span>
     <span class='ocr_line' id='line_1_10' title="bbox 184 824 1500 877; baseline -0.008 -7"><span class='ocrx_word' id='word_1_65' title='bbox 184 842 273 870; x_wconf 87' lang='lat' dir='ltr'>cato</span> <span class='ocrx_word' id='word_1_66' title='bbox 313 831 457 869; x_wconf 81' lang='lat' dir='ltr'>veniali</span> <span class='ocrx_word' id='word_1_67' title='bbox 497 831 599 867; x_wconf 90' lang='lat' dir='ltr'>sicut</span> <span class='ocrx_word' id='word_1_68' title='bbox 638 829 805 877; x_wconf 75' lang='lat' dir='ltr'>contigit</span> <span class='ocrx_word' id='word_1_69' title='bbox 844 828 1050 876; x_wconf 88' lang='lat' dir='ltr'>apostolos</span> <span class='ocrx_word' id='word_1_70' title='bbox 1090 827 1189 863; x_wconf 71' lang='lat' dir='ltr'>venit</span> <span class='ocrx_word' id='word_1_71' title='bbox 1222 826 1423 862; x_wconf 77' lang='lat' dir='ltr'>ostendens</span> <span class='ocrx_word' id='word_1_72' title='bbox 1461 824 1500 860; x_wconf 92' lang='lat' dir='ltr'>in</span> 
     </span>
    </p>

    <p class='ocr_par' dir='ltr' id='par_1_5' title="bbox 75 882 1501 1171">
     <span class='ocr_line' id='line_1_11' title="bbox 75 882 1500 938; baseline -0.008 -10"><span class='ocrx_word' id='word_1_73' title='bbox 75 910 77 912; x_wconf 89' lang='lat'>·</span> <span class='ocrx_word' id='word_1_74' title='bbox 129 907 167 928; x_wconf 78' lang='grc' dir='ltr'>ιο</span> <span class='ocrx_word' id='word_1_75' title='bbox 183 892 289 928; x_wconf 82' lang='lat' dir='ltr'>facto</span> <span class='ocrx_word' id='word_1_76' title='bbox 336 903 407 926; x_wconf 91' lang='lat' dir='ltr'>suo</span> <span class='ocrx_word' id='word_1_77' title='bbox 454 890 659 938; x_wconf 88' lang='lat' dir='ltr'>quomodo</span> <span class='ocrx_word' id='word_1_78' title='bbox 706 888 867 936; x_wconf 79' lang='lat' dir='ltr'>quinque</span> <span class='ocrx_word' id='word_1_79' title='bbox 911 898 1020 922; x_wconf 79' lang='lat' dir='ltr'>mnas</span> <span class='ocrx_word' id='word_1_80' title='bbox 1064 897 1135 932; x_wconf 90' lang='lat' dir='ltr'>per</span> <span class='ocrx_word' id='word_1_81' title='bbox 1180 897 1269 920; x_wconf 90' lang='lat' dir='ltr'>eum</span> <span class='ocrx_word' id='word_1_82' title='bbox 1304 882 1500 919; x_wconf 80' lang='lat' dir='ltr'>Dominus</span> 
     </span>
     <span class='ocr_line' id='line_1_12' title="bbox 184 942 1500 998; baseline -0.008 -12"><span class='ocrx_word' id='word_1_83' title='bbox 184 948 353 998; x_wconf 77' lang='lat' dir='ltr'>quesivit</span> <span class='ocrx_word' id='word_1_84' title='bbox 376 950 426 984; x_wconf 88' lang='lat' dir='ltr'>ad</span> <span class='ocrx_word' id='word_1_85' title='bbox 450 946 754 984; x_wconf 79' lang='lat' dir='ltr'>edificacionem</span> <span class='ocrx_word' id='word_1_86' title='bbox 782 944 947 981; x_wconf 79' lang='lat' dir='ltr'>ecclesie</span> <span class='ocrx_word' id='word_1_87' title='bbox 971 952 1008 980; x_wconf 90' lang='lat' dir='ltr'>et</span> <span class='ocrx_word' id='word_1_88' title='bbox 1031 943 1115 991; x_wconf 85' lang='lat' dir='ltr'>ipse</span> <span class='ocrx_word' id='word_1_89' title='bbox 1139 942 1500 990; x_wconf 74' lang='lat' dir='ltr'>correspondentes</span> 
     </span>
     <span class='ocr_line' id='line_1_13' title="bbox 183 1002 1501 1053; baseline -0.007 -10"><span class='ocrx_word' id='word_1_90' title='bbox 183 1005 440 1044; x_wconf 79' lang='lat' dir='ltr'>constituitur</span> <span class='ocrx_word' id='word_1_91' title='bbox 486 1017 604 1053; x_wconf 88' lang='lat' dir='ltr'>super</span> <span class='ocrx_word' id='word_1_92' title='bbox 651 1003 827 1052; x_wconf 87' lang='lat' dir='ltr'>quinque</span> <span class='ocrx_word' id='word_1_93' title='bbox 872 1002 1085 1039; x_wconf 80' lang='lat' dir='ltr'>societates</span> <span class='ocrx_word' id='word_1_94' title='bbox 1130 1009 1362 1037; x_wconf 89' lang='lat' dir='ltr'>sanctorum</span> <span class='ocrx_word' id='word_1_95' title='bbox 1401 1011 1501 1047; x_wconf 88' lang='lat' dir='ltr'>quos</span> 
     </span>
     <span class='ocr_line' id='line_1_14' title="bbox 184 1058 1500 1106; baseline -0.007 -5"><span class='ocrx_word' id='word_1_96' title='bbox 184 1064 378 1101; x_wconf 86' lang='lat' dir='ltr'>convertit</span> <span class='ocrx_word' id='word_1_97' title='bbox 417 1065 468 1100; x_wconf 90' lang='lat' dir='ltr'>ad</span> <span class='ocrx_word' id='word_1_98' title='bbox 500 1062 739 1106; x_wconf 82' lang='lat' dir='ltr'>Dominum3</span> <span class='ocrx_word' id='word_1_99' title='bbox 777 1074 871 1097; x_wconf 90' lang='lat' dir='ltr'>nam</span> <span class='ocrx_word' id='word_1_100' title='bbox 914 1060 1013 1096; x_wconf 88' lang='lat' dir='ltr'>tales</span> <span class='ocrx_word' id='word_1_101' title='bbox 1047 1058 1228 1095; x_wconf 90' lang='lat' dir='ltr'>conversi</span> <span class='ocrx_word' id='word_1_102' title='bbox 1262 1065 1445 1094; x_wconf 88' lang='lat' dir='ltr'>crescunt</span> <span class='ocrx_word' id='word_1_103' title='bbox 1479 1069 1500 1092; x_wconf 86' lang='lat' dir='ltr'>a</span> 
     </span>
     <span class='ocr_line' id='line_1_15' title="bbox 183 1120 1034 1171; baseline -0.005 -13"><span class='ocrx_word' id='word_1_104' title='bbox 183 1122 344 1171; x_wconf 81' lang='lat' dir='ltr'>tugurio</span> <span class='ocrx_word' id='word_1_105' title='bbox 377 1123 486 1158; x_wconf 91' lang='lat' dir='ltr'>luteo</span> <span class='ocrx_word' id='word_1_106' title='bbox 519 1120 559 1157; x_wconf 89' lang='lat' dir='ltr'>in</span> <span class='ocrx_word' id='word_1_107' title='bbox 593 1120 772 1156; x_wconf 88' lang='lat' dir='ltr'>civitates</span> <span class='ocrx_word' id='word_1_108' title='bbox 806 1127 1034 1167; x_wconf 87' lang='lat' dir='ltr'>perpetuas.</span> 
     </span>
    </p>

    <p class='ocr_par' dir='ltr' id='par_1_6' title="bbox 131 1174 1501 1460">
     <span class='ocr_line' id='line_1_16' title="bbox 131 1174 1499 1226; baseline -0.007 -9"><span class='ocrx_word' id='word_1_109' title='bbox 131 1185 166 1218; x_wconf 78' lang='lat'>15</span> <span class='ocrx_word' id='word_1_110' title='bbox 242 1181 319 1217; x_wconf 76' lang='lat' dir='ltr'>Sed</span> <span class='ocrx_word' id='word_1_111' title='bbox 350 1180 492 1216; x_wconf 80' lang='lat' dir='ltr'>tercius</span> <span class='ocrx_word' id='word_1_112' title='bbox 523 1191 660 1215; x_wconf 73' lang='lat' dir='ltr'>servus</span> <span class='ocrx_word' id='word_1_113' title='bbox 699 1190 873 1226; x_wconf 80' lang='lat' dir='ltr'>nequam</span> <span class='ocrx_word' id='word_1_114' title='bbox 907 1176 1070 1212; x_wconf 77' lang='lat' dir='ltr'>ostendit</span> <span class='ocrx_word' id='word_1_115' title='bbox 1102 1174 1185 1211; x_wconf 88' lang='lat' dir='ltr'>sine</span> <span class='ocrx_word' id='word_1_116' title='bbox 1218 1186 1339 1210; x_wconf 89' lang='lat' dir='ltr'>usura</span> <span class='ocrx_word' id='word_1_117' title='bbox 1373 1186 1499 1208; x_wconf 71' lang='lat' dir='ltr'>mnam</span> 
     </span>
     <span class='ocr_line' id='line_1_17' title="bbox 184 1232 1500 1288; baseline -0.008 -13"><span class='ocrx_word' id='word_1_118' title='bbox 184 1251 304 1288; x_wconf 86' lang='lat' dir='ltr'>quam</span> <span class='ocrx_word' id='word_1_119' title='bbox 355 1251 377 1274; x_wconf 90' lang='lat' dir='ltr'>a</span> <span class='ocrx_word' id='word_1_120' title='bbox 422 1237 583 1274; x_wconf 88' lang='lat' dir='ltr'>Christo</span> <span class='ocrx_word' id='word_1_121' title='bbox 628 1244 833 1283; x_wconf 83' lang='lat' dir='ltr'>receperat</span> <span class='ocrx_word' id='word_1_122' title='bbox 878 1235 947 1270; x_wconf 88' lang='lat' dir='ltr'>sed</span> <span class='ocrx_word' id='word_1_123' title='bbox 991 1234 1199 1283; x_wconf 74' lang='lat' dir='ltr'>repositam</span> <span class='ocrx_word' id='word_1_124' title='bbox 1244 1233 1280 1268; x_wconf 90' lang='lat' dir='ltr'>in</span> <span class='ocrx_word' id='word_1_125' title='bbox 1326 1232 1500 1275; x_wconf 72' lang='lat' dir='ltr'>sudario,</span> 
     </span>
     <span class='ocr_line' id='line_1_18' title="bbox 184 1289 1500 1345; baseline -0.007 -12"><span class='ocrx_word' id='word_1_126' title='bbox 184 1296 278 1345; x_wconf 86' lang='lat' dir='ltr'>quia</span> <span class='ocrx_word' id='word_1_127' title='bbox 320 1297 425 1332; x_wconf 87' lang='lat' dir='ltr'>dona</span> <span class='ocrx_word' id='word_1_128' title='bbox 465 1294 536 1331; x_wconf 88' lang='lat' dir='ltr'>Dei</span> <span class='ocrx_word' id='word_1_129' title='bbox 576 1295 828 1331; x_wconf 89' lang='lat' dir='ltr'>abscondunt</span> <span class='ocrx_word' id='word_1_130' title='bbox 870 1301 1065 1341; x_wconf 89' lang='lat' dir='ltr'>quantum</span> <span class='ocrx_word' id='word_1_131' title='bbox 1106 1293 1156 1327; x_wconf 89' lang='lat' dir='ltr'>ad</span> <span class='ocrx_word' id='word_1_132' title='bbox 1196 1289 1500 1326; x_wconf 86' lang='lat' dir='ltr'>edificacionem</span> 
     </span>
     <span class='ocr_line' id='line_1_19' title="bbox 185 1347 1501 1399; baseline -0.007 -8"><span class='ocrx_word' id='word_1_133' title='bbox 185 1354 362 1399; x_wconf 80' lang='lat' dir='ltr'>ecclesie,</span> <span class='ocrx_word' id='word_1_134' title='bbox 397 1355 465 1389; x_wconf 91' lang='lat' dir='ltr'>sed</span> <span class='ocrx_word' id='word_1_135' title='bbox 498 1355 603 1389; x_wconf 89' lang='lat' dir='ltr'>bona</span> <span class='ocrx_word' id='word_1_136' title='bbox 635 1351 835 1388; x_wconf 86' lang='lat' dir='ltr'>naturalia</span> <span class='ocrx_word' id='word_1_137' title='bbox 867 1362 991 1398; x_wconf 90' lang='lat' dir='ltr'>usque</span> <span class='ocrx_word' id='word_1_138' title='bbox 1025 1351 1075 1386; x_wconf 88' lang='lat' dir='ltr'>ad</span> <span class='ocrx_word' id='word_1_139' title='bbox 1108 1350 1296 1385; x_wconf 89' lang='lat' dir='ltr'>sudorem</span> <span class='ocrx_word' id='word_1_140' title='bbox 1331 1347 1501 1383; x_wconf 81' lang='lat' dir='ltr'>excitant</span> 
     </span>
     <span class='ocr_line' id='line_1_20' title="bbox 185 1405 1499 1460; baseline -0.006 -12"><span class='ocrx_word' id='word_1_141' title='bbox 185 1426 257 1460; x_wconf 90' lang='lat' dir='ltr'>pro</span> <span class='ocrx_word' id='word_1_142' title='bbox 287 1411 578 1459; x_wconf 78' lang='lat' dir='ltr'>temporalibus</span> <span class='ocrx_word' id='word_1_143' title='bbox 612 1419 752 1446; x_wconf 88' lang='lat' dir='ltr'>contra</span> <span class='ocrx_word' id='word_1_144' title='bbox 784 1408 999 1444; x_wconf 78' lang='lat' dir='ltr'>utilitatem</span> <span class='ocrx_word' id='word_1_145' title='bbox 1034 1406 1200 1443; x_wconf 90' lang='lat' dir='ltr'>ecclesie</span> <span class='ocrx_word' id='word_1_146' title='bbox 1233 1405 1499 1454; x_wconf 84' lang='lat' dir='ltr'>acquirendis.</span> 
     </span>
    </p>

    <p class='ocr_par' dir='ltr' id='par_1_7' title="bbox 128 1463 1502 1749">
     <span class='ocr_line' id='line_1_21' title="bbox 128 1463 1500 1517; baseline -0.006 -11"><span class='ocrx_word' id='word_1_147' title='bbox 128 1485 169 1506; x_wconf 86' lang='lat'>20</span> <span class='ocrx_word' id='word_1_148' title='bbox 185 1473 232 1506; x_wconf 87' lang='lat' dir='ltr'>Et</span> <span class='ocrx_word' id='word_1_149' title='bbox 254 1479 351 1506; x_wconf 90' lang='lat' dir='ltr'>nota</span> <span class='ocrx_word' id='word_1_150' title='bbox 375 1470 482 1517; x_wconf 90' lang='lat' dir='ltr'>quod</span> <span class='ocrx_word' id='word_1_151' title='bbox 506 1468 579 1504; x_wconf 88' lang='lat' dir='ltr'>iste</span> <span class='ocrx_word' id='word_1_152' title='bbox 609 1467 758 1504; x_wconf 86' lang='lat' dir='ltr'>tercius</span> <span class='ocrx_word' id='word_1_153' title='bbox 783 1479 917 1502; x_wconf 87' lang='lat' dir='ltr'>servus</span> <span class='ocrx_word' id='word_1_154' title='bbox 947 1478 1121 1514; x_wconf 85' lang='lat' dir='ltr'>nequam</span> <span class='ocrx_word' id='word_1_155' title='bbox 1146 1464 1280 1500; x_wconf 84' lang='lat' dir='ltr'>deficit</span> <span class='ocrx_word' id='word_1_156' title='bbox 1303 1463 1344 1499; x_wconf 88' lang='lat' dir='ltr'>in</span> <span class='ocrx_word' id='word_1_157' title='bbox 1365 1464 1500 1509; x_wconf 77' lang='lat' dir='ltr'>verbo,</span> 
     </span>
     <span class='ocr_line' id='line_1_22' title="bbox 185 1521 1500 1576; baseline -0.006 -12"><span class='ocrx_word' id='word_1_158' title='bbox 185 1527 279 1576; x_wconf 88' lang='lat' dir='ltr'>quia</span> <span class='ocrx_word' id='word_1_159' title='bbox 305 1527 459 1563; x_wconf 86' lang='lat' dir='ltr'>ociatus</span> <span class='ocrx_word' id='word_1_160' title='bbox 488 1525 560 1562; x_wconf 89' lang='lat' dir='ltr'>fuit</span> <span class='ocrx_word' id='word_1_161' title='bbox 589 1525 629 1561; x_wconf 88' lang='lat' dir='ltr'>in</span> <span class='ocrx_word' id='word_1_162' title='bbox 657 1524 734 1560; x_wconf 89' lang='lat' dir='ltr'>illis</span> <span class='ocrx_word' id='word_1_163' title='bbox 758 1537 834 1573; x_wconf 86' lang='lat' dir='ltr'>que</span> <span class='ocrx_word' id='word_1_164' title='bbox 867 1532 1088 1559; x_wconf 88' lang='lat' dir='ltr'>sonuerunt</span> <span class='ocrx_word' id='word_1_165' title='bbox 1116 1524 1167 1559; x_wconf 89' lang='lat' dir='ltr'>ad</span> <span class='ocrx_word' id='word_1_166' title='bbox 1197 1521 1500 1558; x_wconf 85' lang='lat' dir='ltr'>edificacionem</span> 
     </span>
     <span class='ocr_line' id='line_1_23' title="bbox 185 1580 1501 1631; baseline -0.006 -9"><span class='ocrx_word' id='word_1_167' title='bbox 185 1585 363 1631; x_wconf 83' lang='lat' dir='ltr'>ecclesie,</span> <span class='ocrx_word' id='word_1_168' title='bbox 396 1598 485 1621; x_wconf 90' lang='lat' dir='ltr'>cum</span> <span class='ocrx_word' id='word_1_169' title='bbox 518 1596 655 1619; x_wconf 89' lang='lat' dir='ltr'>mnam</span> <span class='ocrx_word' id='word_1_170' title='bbox 684 1582 758 1618; x_wconf 88' lang='lat' dir='ltr'>sibi</span> <span class='ocrx_word' id='word_1_171' title='bbox 783 1584 919 1618; x_wconf 84' lang='lat' dir='ltr'>datam</span> <span class='ocrx_word' id='word_1_172' title='bbox 949 1580 1162 1625; x_wconf 84' lang='lat' dir='ltr'>abscondit</span> <span class='ocrx_word' id='word_1_173' title='bbox 1185 1589 1221 1616; x_wconf 91' lang='lat' dir='ltr'>et</span> <span class='ocrx_word' id='word_1_174' title='bbox 1245 1593 1336 1616; x_wconf 91' lang='lat' dir='ltr'>cum</span> <span class='ocrx_word' id='word_1_175' title='bbox 1366 1580 1501 1615; x_wconf 89' lang='lat' dir='ltr'>seculo</span> 
     </span>
     <span class='ocr_line' id='line_1_24' title="bbox 184 1636 1502 1692; baseline -0.006 -12"><span class='ocrx_word' id='word_1_176' title='bbox 184 1643 416 1692; x_wconf 82' lang='lat' dir='ltr'>negociatus</span> <span class='ocrx_word' id='word_1_177' title='bbox 454 1642 540 1687; x_wconf 86' lang='lat' dir='ltr'>fuit,</span> <span class='ocrx_word' id='word_1_178' title='bbox 582 1654 672 1678; x_wconf 91' lang='lat' dir='ltr'>cum</span> <span class='ocrx_word' id='word_1_179' title='bbox 707 1640 880 1688; x_wconf 84' lang='lat' dir='ltr'>dyabolo</span> <span class='ocrx_word' id='word_1_180' title='bbox 922 1638 1099 1675; x_wconf 88' lang='lat' dir='ltr'>militans</span> <span class='ocrx_word' id='word_1_181' title='bbox 1140 1650 1180 1674; x_wconf 89' lang='lat' dir='ltr'>se</span> <span class='ocrx_word' id='word_1_182' title='bbox 1213 1646 1251 1674; x_wconf 88' lang='lat' dir='ltr'>et</span> <span class='ocrx_word' id='word_1_183' title='bbox 1285 1636 1502 1684; x_wconf 88' lang='lat' dir='ltr'>complices</span> 
     </span>
     <span class='ocr_line' id='line_1_25' title="bbox 185 1695 1501 1749; baseline -0.006 -11"><span class='ocrx_word' id='word_1_184' title='bbox 185 1714 280 1738; x_wconf 84' lang='lat' dir='ltr'>suos</span> <span class='ocrx_word' id='word_1_185' title='bbox 298 1700 475 1749; x_wconf 79' lang='lat' dir='ltr'>negociis</span> <span class='ocrx_word' id='word_1_186' title='bbox 491 1699 738 1737; x_wconf 87' lang='lat' dir='ltr'>secularibus</span> <span class='ocrx_word' id='word_1_187' title='bbox 757 1697 990 1746; x_wconf 84' lang='lat' dir='ltr'>implicavit.</span> <span class='ocrx_word' id='word_1_188' title='bbox 1014 1699 1095 1733; x_wconf 91' lang='lat' dir='ltr'>Nec</span> <span class='ocrx_word' id='word_1_189' title='bbox 1110 1697 1215 1732; x_wconf 87' lang='lat' dir='ltr'>valet</span> <span class='ocrx_word' id='word_1_190' title='bbox 1234 1695 1309 1732; x_wconf 89' lang='lat' dir='ltr'>sibi</span> <span class='ocrx_word' id='word_1_191' title='bbox 1334 1696 1501 1730; x_wconf 84' lang='lat' dir='ltr'>mendax</span> 
     </span>
    </p>

    <p class='ocr_par' dir='ltr' id='par_1_8' title="bbox 129 1755 1505 2035">
     <span class='ocr_line' id='line_1_26' title="bbox 129 1755 1504 1803; baseline -0.007 -6"><span class='ocrx_word' id='word_1_192' title='bbox 129 1764 168 1796; x_wconf 80' lang='lat'>25</span> <span class='ocrx_word' id='word_1_193' title='bbox 186 1759 393 1797; x_wconf 80' lang='lat' dir='ltr'>excusacio</span> <span class='ocrx_word' id='word_1_194' title='bbox 423 1760 492 1795; x_wconf 89' lang='lat' dir='ltr'>sed</span> <span class='ocrx_word' id='word_1_195' title='bbox 521 1766 702 1794; x_wconf 87' lang='lat' dir='ltr'>accusat:</span> <span class='ocrx_word' id='word_1_196' title='bbox 739 1756 865 1792; x_wconf 80' lang='lat' dir='ltr'>Timui</span> <span class='ocrx_word' id='word_1_197' title='bbox 891 1756 988 1792; x_wconf 88' lang='lat' dir='ltr'>enim</span> <span class='ocrx_word' id='word_1_198' title='bbox 1017 1762 1052 1791; x_wconf 88' lang='lat' dir='ltr'>te</span> <span class='ocrx_word' id='word_1_199' title='bbox 1074 1755 1160 1803; x_wconf 76' lang='lat' dir='ltr'>quia</span> <span class='ocrx_word' id='word_1_200' title='bbox 1184 1755 1297 1790; x_wconf 82' lang='lat' dir='ltr'>homo</span> <span class='ocrx_word' id='word_1_201' title='bbox 1325 1760 1504 1788; x_wconf 75' lang='lat' dir='ltr'>austerus</span> 
     </span>
     <span class='ocr_line' id='line_1_27' title="bbox 186 1810 1504 1861; baseline -0.007 -6"><span class='ocrx_word' id='word_1_202' title='bbox 186 1831 235 1855; x_wconf 81' lang='lat' dir='ltr'>es.</span> <span class='ocrx_word' id='word_1_203' title='bbox 275 1816 532 1854; x_wconf 87' lang='lat' dir='ltr'>Mendacium</span> <span class='ocrx_word' id='word_1_204' title='bbox 574 1828 618 1852; x_wconf 80' lang='lat' dir='ltr'>ex</span> <span class='ocrx_word' id='word_1_205' title='bbox 654 1815 731 1851; x_wconf 87' lang='lat' dir='ltr'>isto</span> <span class='ocrx_word' id='word_1_206' title='bbox 772 1813 1021 1850; x_wconf 86' lang='lat' dir='ltr'>convincitur</span> <span class='ocrx_word' id='word_1_207' title='bbox 1054 1814 1163 1861; x_wconf 89' lang='lat' dir='ltr'>quod</span> <span class='ocrx_word' id='word_1_208' title='bbox 1195 1812 1287 1848; x_wconf 90' lang='lat' dir='ltr'>licet</span> <span class='ocrx_word' id='word_1_209' title='bbox 1323 1810 1504 1847; x_wconf 88' lang='lat' dir='ltr'>Christus</span> 
     </span>
     <span class='ocr_line' id='line_1_28' title="bbox 186 1870 1504 1919; baseline -0.007 -7"><span class='ocrx_word' id='word_1_210' title='bbox 186 1876 236 1913; x_wconf 85' lang='lat' dir='ltr'>sit</span> <span class='ocrx_word' id='word_1_211' title='bbox 273 1875 390 1912; x_wconf 79' lang='lat' dir='ltr'>iudex</span> <span class='ocrx_word' id='word_1_212' title='bbox 428 1874 714 1919; x_wconf 81' lang='lat' dir='ltr'>severissimus,</span> <span class='ocrx_word' id='word_1_213' title='bbox 749 1881 807 1909; x_wconf 87' lang='lat' dir='ltr'>est</span> <span class='ocrx_word' id='word_1_214' title='bbox 846 1881 981 1908; x_wconf 87' lang='lat' dir='ltr'>tamen</span> <span class='ocrx_word' id='word_1_215' title='bbox 1020 1870 1379 1914; x_wconf 80' lang='lat' dir='ltr'>mansuetissimus,</span> <span class='ocrx_word' id='word_1_216' title='bbox 1414 1881 1504 1904; x_wconf 89' lang='lat' dir='ltr'>cum</span> 
     </span>
     <span class='ocr_line' id='line_1_29' title="bbox 187 1926 1504 1982; baseline -0.008 -11"><span class='ocrx_word' id='word_1_217' title='bbox 187 1934 289 1971; x_wconf 86' lang='lat' dir='ltr'>sicut</span> <span class='ocrx_word' id='word_1_218' title='bbox 310 1946 393 1970; x_wconf 87' lang='lat' dir='ltr'>non</span> <span class='ocrx_word' id='word_1_219' title='bbox 414 1941 545 1982; x_wconf 90' lang='lat' dir='ltr'>potest</span> <span class='ocrx_word' id='word_1_220' title='bbox 561 1931 762 1968; x_wconf 85' lang='lat' dir='ltr'>dimittere</span> <span class='ocrx_word' id='word_1_221' title='bbox 786 1929 985 1966; x_wconf 88' lang='lat' dir='ltr'>iusticiam</span> <span class='ocrx_word' id='word_1_222' title='bbox 1011 1929 1066 1965; x_wconf 90' lang='lat' dir='ltr'>sic</span> <span class='ocrx_word' id='word_1_223' title='bbox 1088 1941 1162 1965; x_wconf 86' lang='lat' dir='ltr'>nec</span> <span class='ocrx_word' id='word_1_224' title='bbox 1186 1926 1504 1964; x_wconf 86' lang='lat' dir='ltr'>misericordiam</span> 
     </span>
     <span class='ocr_line' id='line_1_30' title="bbox 188 1986 1505 2035; baseline -0.007 -6"><span class='ocrx_word' id='word_1_225' title='bbox 188 1992 418 2029; x_wconf 88' lang='lat' dir='ltr'>iudicando.</span> <span class='ocrx_word' id='word_1_226' title='bbox 445 1991 629 2027; x_wconf 86' lang='lat' dir='ltr'>Secundo</span> <span class='ocrx_word' id='word_1_227' title='bbox 653 1990 822 2026; x_wconf 79' lang='lat' dir='ltr'>mendax</span> <span class='ocrx_word' id='word_1_228' title='bbox 845 1987 1052 2024; x_wconf 84' lang='lat' dir='ltr'>excusacio</span> <span class='ocrx_word' id='word_1_229' title='bbox 1083 1996 1142 2023; x_wconf 87' lang='lat' dir='ltr'>est</span> <span class='ocrx_word' id='word_1_230' title='bbox 1165 1999 1241 2035; x_wconf 80' lang='lat' dir='ltr'>qua</span> <span class='ocrx_word' id='word_1_231' title='bbox 1274 1986 1505 2033; x_wconf 87' lang='lat' dir='ltr'>blaspheme</span> 
     </span>
    </p>

    <p class='ocr_par' dir='ltr' id='par_1_9' title="bbox 131 2043 1506 2333">
     <span class='ocr_line' id='line_1_31' title="bbox 131 2043 1505 2098; baseline -0.007 -11"><span class='ocrx_word' id='word_1_232' title='bbox 131 2054 174 2087; x_wconf 83' lang='lat'>30</span> <span class='ocrx_word' id='word_1_233' title='bbox 189 2049 360 2098; x_wconf 88' lang='lat' dir='ltr'>imponit</span> <span class='ocrx_word' id='word_1_234' title='bbox 398 2051 504 2085; x_wconf 89' lang='lat' dir='ltr'>hunc</span> <span class='ocrx_word' id='word_1_235' title='bbox 543 2047 715 2084; x_wconf 87' lang='lat' dir='ltr'>iudicem</span> <span class='ocrx_word' id='word_1_236' title='bbox 756 2048 897 2083; x_wconf 87' lang='lat' dir='ltr'>tollere</span> <span class='ocrx_word' id='word_1_237' title='bbox 936 2047 1043 2094; x_wconf 90' lang='lat' dir='ltr'>quod</span> <span class='ocrx_word' id='word_1_238' title='bbox 1082 2058 1164 2081; x_wconf 89' lang='lat' dir='ltr'>non</span> <span class='ocrx_word' id='word_1_239' title='bbox 1203 2043 1357 2092; x_wconf 80' lang='lat' dir='ltr'>posuit3</span> <span class='ocrx_word' id='word_1_240' title='bbox 1397 2043 1505 2091; x_wconf 90' lang='lat' dir='ltr'>quod</span> 
     </span>
     <span class='ocr_line' id='line_1_32' title="bbox 191 2101 1505 2154; baseline -0.007 -9"><span class='ocrx_word' id='word_1_241' title='bbox 191 2108 329 2145; x_wconf 85' lang='lat' dir='ltr'>exhinc</span> <span class='ocrx_word' id='word_1_242' title='bbox 356 2108 514 2145; x_wconf 88' lang='lat' dir='ltr'>videtur</span> <span class='ocrx_word' id='word_1_243' title='bbox 543 2107 687 2143; x_wconf 86' lang='lat' dir='ltr'>falsum</span> <span class='ocrx_word' id='word_1_244' title='bbox 712 2106 819 2154; x_wconf 89' lang='lat' dir='ltr'>quod</span> <span class='ocrx_word' id='word_1_245' title='bbox 844 2103 1026 2141; x_wconf 89' lang='lat' dir='ltr'>Christus</span> <span class='ocrx_word' id='word_1_246' title='bbox 1056 2104 1203 2139; x_wconf 89' lang='lat' dir='ltr'>nedum</span> <span class='ocrx_word' id='word_1_247' title='bbox 1228 2101 1363 2150; x_wconf 83' lang='lat' dir='ltr'>posuit</span> <span class='ocrx_word' id='word_1_248' title='bbox 1386 2112 1505 2137; x_wconf 90' lang='lat' dir='ltr'>omne</span> 
     </span>
     <span class='ocr_line' id='line_1_33' title="bbox 190 2161 1505 2208; baseline -0.007 -5"><span class='ocrx_word' id='word_1_249' title='bbox 190 2168 339 2203; x_wconf 90' lang='lat' dir='ltr'>bonum</span> <span class='ocrx_word' id='word_1_250' title='bbox 372 2167 440 2202; x_wconf 89' lang='lat' dir='ltr'>sed</span> <span class='ocrx_word' id='word_1_251' title='bbox 472 2165 661 2201; x_wconf 86' lang='lat' dir='ltr'>virtutem</span> <span class='ocrx_word' id='word_1_252' title='bbox 694 2162 930 2199; x_wconf 88' lang='lat' dir='ltr'>incrementi</span> <span class='ocrx_word' id='word_1_253' title='bbox 964 2161 1110 2198; x_wconf 88' lang='lat' dir='ltr'>indidit</span> <span class='ocrx_word' id='word_1_254' title='bbox 1150 2172 1373 2208; x_wconf 89' lang='lat' dir='ltr'>cooperans</span> <span class='ocrx_word' id='word_1_255' title='bbox 1415 2171 1505 2194; x_wconf 91' lang='lat' dir='ltr'>cum</span> 
     </span>
     <span class='ocr_line' id='line_1_34' title="bbox 190 2215 1505 2273; baseline -0.006 -13"><span class='ocrx_word' id='word_1_256' title='bbox 190 2225 368 2273; x_wconf 88' lang='lat' dir='ltr'>qualibet</span> <span class='ocrx_word' id='word_1_257' title='bbox 407 2232 602 2260; x_wconf 86' lang='lat' dir='ltr'>creatura.</span> <span class='ocrx_word' id='word_1_258' title='bbox 642 2224 691 2257; x_wconf 81' lang='lat' dir='ltr'>Et</span> <span class='ocrx_word' id='word_1_259' title='bbox 729 2230 839 2269; x_wconf 86' lang='lat' dir='ltr'>patet</span> <span class='ocrx_word' id='word_1_260' title='bbox 871 2219 996 2256; x_wconf 90' lang='lat' dir='ltr'>tercia</span> <span class='ocrx_word' id='word_1_261' title='bbox 1030 2220 1265 2267; x_wconf 89' lang='lat' dir='ltr'>blasphema</span> <span class='ocrx_word' id='word_1_262' title='bbox 1298 2215 1505 2253; x_wconf 81' lang='lat' dir='ltr'>excusacio</span> 
     </span>
     <span class='ocr_line' id='line_1_35' title="bbox 190 2274 1506 2333; baseline -0.008 -13"><span class='ocrx_word' id='word_1_263' title='bbox 190 2296 268 2333; x_wconf 89' lang='lat' dir='ltr'>qua</span> <span class='ocrx_word' id='word_1_264' title='bbox 308 2282 453 2319; x_wconf 88' lang='lat' dir='ltr'>dicitur</span> <span class='ocrx_word' id='word_1_265' title='bbox 498 2282 602 2317; x_wconf 91' lang='lat' dir='ltr'>hunc</span> <span class='ocrx_word' id='word_1_266' title='bbox 646 2279 818 2315; x_wconf 89' lang='lat' dir='ltr'>iudicem</span> <span class='ocrx_word' id='word_1_267' title='bbox 861 2286 1002 2314; x_wconf 77' lang='lat' dir='ltr'>metere</span> <span class='ocrx_word' id='word_1_268' title='bbox 1040 2278 1142 2326; x_wconf 77' lang='lat' dir='ltr'>quod</span> <span class='ocrx_word' id='word_1_269' title='bbox 1180 2289 1252 2312; x_wconf 84' lang='lat' dir='ltr'>non</span> <span class='ocrx_word' id='word_1_270' title='bbox 1292 2274 1506 2317; x_wconf 74' lang='lat' dir='ltr'>seminavit,</span> 
     </span>
    </p>

    <p class='ocr_par' dir='ltr' id='par_1_10' title="bbox 132 2332 1506 2560">
     <span class='ocr_line' id='line_1_36' title="bbox 132 2332 1506 2390; baseline -0.005 -15"><span class='ocrx_word' id='word_1_271' title='bbox 132 2344 173 2377; x_wconf 85' lang='lat'>35</span> <span class='ocrx_word' id='word_1_272' title='bbox 190 2355 236 2379; x_wconf 92' lang='lat' dir='ltr'>eo</span> <span class='ocrx_word' id='word_1_273' title='bbox 265 2342 374 2390; x_wconf 91' lang='lat' dir='ltr'>quod</span> <span class='ocrx_word' id='word_1_274' title='bbox 402 2339 486 2388; x_wconf 91' lang='lat' dir='ltr'>ipse</span> <span class='ocrx_word' id='word_1_275' title='bbox 514 2337 724 2375; x_wconf 85' lang='lat' dir='ltr'>seminavit</span> <span class='ocrx_word' id='word_1_276' title='bbox 753 2338 919 2374; x_wconf 86' lang='lat' dir='ltr'>verbum</span> <span class='ocrx_word' id='word_1_277' title='bbox 950 2349 1066 2372; x_wconf 86' lang='lat' dir='ltr'>suum</span> <span class='ocrx_word' id='word_1_278' title='bbox 1090 2334 1386 2383; x_wconf 77' lang='lat' dir='ltr'>principaliter;</span> <span class='ocrx_word' id='word_1_279' title='bbox 1416 2332 1506 2368; x_wconf 86' lang='lat' dir='ltr'>ideo</span> 
     </span>
     <span class='ocr_line' id='line_1_37' title="bbox 190 2393 1505 2441; baseline -0.008 -5"><span class='ocrx_word' id='word_1_280' title='bbox 190 2399 371 2437; x_wconf 84' lang='lat' dir='ltr'>Christus</span> <span class='ocrx_word' id='word_1_281' title='bbox 410 2410 522 2434; x_wconf 90' lang='lat' dir='ltr'>more</span> <span class='ocrx_word' id='word_1_282' title='bbox 561 2409 632 2433; x_wconf 87' lang='lat' dir='ltr'>suo</span> <span class='ocrx_word' id='word_1_283' title='bbox 672 2408 716 2431; x_wconf 79' lang='lat' dir='ltr'>ex</span> <span class='ocrx_word' id='word_1_284' title='bbox 754 2393 945 2431; x_wconf 88' lang='lat' dir='ltr'>confessis</span> <span class='ocrx_word' id='word_1_285' title='bbox 984 2393 1189 2441; x_wconf 82' lang='lat' dir='ltr'>redarguit</span> <span class='ocrx_word' id='word_1_286' title='bbox 1227 2400 1505 2440; x_wconf 86' lang='lat' dir='ltr'>peccatorem:</span> 
     </span>
     <span class='ocr_line' id='line_1_38' title="bbox 188 2449 1506 2503; baseline -0.008 -9"><span class='ocrx_word' id='word_1_287' title='bbox 188 2458 257 2494; x_wconf 87' lang='lat' dir='ltr'>Ex</span> <span class='ocrx_word' id='word_1_288' title='bbox 288 2470 356 2494; x_wconf 87' lang='lat' dir='ltr'>ore</span> <span class='ocrx_word' id='word_1_289' title='bbox 387 2464 465 2501; x_wconf 86' lang='lat' dir='ltr'>tuo,</span> <span class='ocrx_word' id='word_1_290' title='bbox 504 2453 647 2503; x_wconf 86' lang='lat' dir='ltr'>inquit,</span> <span class='ocrx_word' id='word_1_291' title='bbox 687 2461 722 2489; x_wconf 88' lang='lat' dir='ltr'>te</span> <span class='ocrx_word' id='word_1_292' title='bbox 754 2453 894 2499; x_wconf 82' lang='lat' dir='ltr'>iudico,</span> <span class='ocrx_word' id='word_1_293' title='bbox 927 2464 1038 2488; x_wconf 74' lang='lat' dir='ltr'>serve</span> <span class='ocrx_word' id='word_1_294' title='bbox 1071 2463 1248 2500; x_wconf 83' lang='lat' dir='ltr'>nequam,</span> <span class='ocrx_word' id='word_1_295' title='bbox 1287 2449 1383 2498; x_wconf 87' lang='lat' dir='ltr'>quia</span> <span class='ocrx_word' id='word_1_296' title='bbox 1415 2460 1506 2484; x_wconf 88' lang='lat' dir='ltr'>cum</span> 
     </span>
     <span class='ocr_line' id='line_1_39' title="bbox 189 2509 1505 2560; baseline -0.009 -8"><span class='ocrx_word' id='word_1_297' title='bbox 189 2517 261 2552; x_wconf 90' lang='lat' dir='ltr'>hec</span> <span class='ocrx_word' id='word_1_298' title='bbox 301 2515 379 2552; x_wconf 90' lang='lat' dir='ltr'>tria</span> <span class='ocrx_word' id='word_1_299' title='bbox 418 2515 466 2549; x_wconf 89' lang='lat' dir='ltr'>de</span> <span class='ocrx_word' id='word_1_300' title='bbox 512 2525 574 2549; x_wconf 91' lang='lat' dir='ltr'>me</span> <span class='ocrx_word' id='word_1_301' title='bbox 618 2520 793 2560; x_wconf 87' lang='lat' dir='ltr'>reputas,</span> <span class='ocrx_word' id='word_1_302' title='bbox 834 2523 954 2559; x_wconf 81' lang='lat' dir='ltr'>qnare</span> <span class='ocrx_word' id='word_1_303' title='bbox 993 2522 1064 2545; x_wconf 86' lang='lat' dir='ltr'>non</span> <span class='ocrx_word' id='word_1_304' title='bbox 1105 2509 1246 2545; x_wconf 84' lang='lat' dir='ltr'>dedisti</span> <span class='ocrx_word' id='word_1_305' title='bbox 1282 2509 1505 2544; x_wconf 79' lang='lat' dir='ltr'>thesaurum</span> 
     </span>
    </p>
   </div>
   <div class='ocr_carea' id='block_1_3' title="bbox 191 2710 1507 2928">
    <p class='ocr_par' dir='ltr' id='par_1_11' title="bbox 191 2710 1507 2928">
     <span class='ocr_line' id='line_1_40' title="bbox 258 2710 1505 2748; baseline -0.009 -1"><span class='ocrx_word' id='word_1_306' title='bbox 258 2717 284 2747; x_wconf 86' lang='lat'>3.</span> <span class='ocrx_word' id='word_1_307' title='bbox 306 2718 378 2747; x_wconf 79' lang='lat' dir='ltr'>DE:</span> <span class='ocrx_word' id='word_1_308' title='bbox 400 2723 428 2746; x_wconf 87' lang='lat' dir='ltr'>et</span> <span class='ocrx_word' id='word_1_309' title='bbox 448 2717 658 2746; x_wconf 84' lang='lat' dir='ltr'>dominabitur</span> <span class='ocrx_word' id='word_1_310' title='bbox 679 2715 772 2743; x_wconf 84' lang='lat' dir='ltr'>deest.</span> <span class='ocrx_word' id='word_1_311' title='bbox 894 2713 920 2741; x_wconf 71' lang='lat'>8.</span> <span class='ocrx_word' id='word_1_312' title='bbox 943 2712 995 2741; x_wconf 66' lang='lat'>1313</span> <span class='ocrx_word' id='word_1_313' title='bbox 1016 2712 1045 2741; x_wconf 81' lang='lat' dir='ltr'>in</span> <span class='ocrx_word' id='word_1_314' title='bbox 1068 2720 1181 2748; x_wconf 63' lang='lat' dir='ltr'>marg:</span> <span class='ocrx_word' id='word_1_315' title='bbox 1204 2710 1366 2739; x_wconf 61' lang='lat' dir='ltr'>secundus</span> <span class='ocrx_word' id='word_1_316' title='bbox 1389 2717 1505 2737; x_wconf 66' lang='lat' dir='ltr'>servus.</span> 
     </span>
     <span class='ocr_line' id='line_1_41' title="bbox 191 2745 1507 2786; baseline -0.008 -4"><span class='ocrx_word' id='word_1_317' title='bbox 191 2753 228 2782; x_wconf 87' lang='lat'>13.</span> <span class='ocrx_word' id='word_1_318' title='bbox 250 2756 293 2782; x_wconf 89' lang='lat' dir='ltr'>A:</span> <span class='ocrx_word' id='word_1_319' title='bbox 315 2754 424 2781; x_wconf 79' lang='lat' dir='ltr'>Deum.</span> <span class='ocrx_word' id='word_1_320' title='bbox 481 2761 522 2786; x_wconf 78' lang='lat'>14.</span> <span class='ocrx_word' id='word_1_321' title='bbox 545 2752 612 2779; x_wconf 72' lang='lat' dir='ltr'>DE:</span> <span class='ocrx_word' id='word_1_322' title='bbox 635 2752 761 2784; x_wconf 67' lang='lat' dir='ltr'>tissario;</span> <span class='ocrx_word' id='word_1_323' title='bbox 782 2751 826 2777; x_wconf 89' lang='lat' dir='ltr'>A:</span> <span class='ocrx_word' id='word_1_324' title='bbox 848 2754 1003 2784; x_wconf 79' lang='lat' dir='ltr'>tugurreo.</span> <span class='ocrx_word' id='word_1_325' title='bbox 1061 2748 1096 2776; x_wconf 79' lang='lat'>15.</span> <span class='ocrx_word' id='word_1_326' title='bbox 1119 2748 1172 2775; x_wconf 84' lang='lat' dir='ltr'>DE</span> <span class='ocrx_word' id='word_1_327' title='bbox 1192 2747 1221 2774; x_wconf 83' lang='lat' dir='ltr'>in</span> <span class='ocrx_word' id='word_1_328' title='bbox 1244 2755 1357 2782; x_wconf 74' lang='lat' dir='ltr'>marg-2</span> <span class='ocrx_word' id='word_1_329' title='bbox 1379 2745 1507 2773; x_wconf 58' lang='lat' dir='ltr'>&#39;I‘crcius</span> 
     </span>
     <span class='ocr_line' id='line_1_42' title="bbox 191 2772 1506 2818; baseline -0.008 -2"><span class='ocrx_word' id='word_1_330' title='bbox 191 2797 308 2816; x_wconf 70' lang='lat' dir='ltr'>servus.</span> <span class='ocrx_word' id='word_1_331' title='bbox 383 2789 422 2815; x_wconf 70' lang='lat'>18.</span> <span class='ocrx_word' id='word_1_332' title='bbox 444 2789 487 2815; x_wconf 85' lang='lat' dir='ltr'>A:</span> <span class='ocrx_word' id='word_1_333' title='bbox 511 2789 591 2814; x_wconf 78' lang='lat' dir='ltr'>bona</span> <span class='ocrx_word' id='word_1_334' title='bbox 612 2772 720 2818; x_wconf 44' lang='lat' dir='ltr'>veiibtu</span> <span class='ocrx_word' id='word_1_335' title='bbox 744 2785 784 2812; x_wconf 89' lang='lat' dir='ltr'>ib.</span> <span class='ocrx_word' id='word_1_336' title='bbox 806 2784 873 2811; x_wconf 59' lang='lat'>1³13:</span> <span class='ocrx_word' id='word_1_337' title='bbox 899 2784 1075 2810; x_wconf 76' lang='lat' dir='ltr'>exercitant.</span> <span class='ocrx_word' id='word_1_338' title='bbox 1149 2790 1195 2809; x_wconf 84' lang='lat'>20.</span> <span class='ocrx_word' id='word_1_339' title='bbox 1219 2782 1285 2808; x_wconf 67' lang='lat' dir='ltr'>DE:</span> <span class='ocrx_word' id='word_1_340' title='bbox 1308 2781 1389 2816; x_wconf 84' lang='lat' dir='ltr'>quod</span> <span class='ocrx_word' id='word_1_341' title='bbox 1413 2780 1506 2806; x_wconf 66' lang='lat' dir='ltr'>deest.</span> 
     </span>
     <span class='ocr_line' id='line_1_43' title="bbox 191 2815 1506 2856; baseline -0.008 -6"><span class='ocrx_word' id='word_1_342' title='bbox 191 2831 237 2850; x_wconf 78' lang='lat'>20.</span> <span class='ocrx_word' id='word_1_343' title='bbox 259 2823 376 2851; x_wconf 87' lang='lat' dir='ltr'>Codd.:</span> <span class='ocrx_word' id='word_1_344' title='bbox 406 2823 507 2850; x_wconf 75' lang='lat' dir='ltr'>delicit</span> <span class='ocrx_word' id='word_1_345' title='bbox 526 2822 555 2849; x_wconf 83' lang='lat' dir='ltr'>iu</span> <span class='ocrx_word' id='word_1_346' title='bbox 578 2821 671 2848; x_wconf 75' lang='lat' dir='ltr'>verbo</span> <span class='ocrx_word' id='word_1_347' title='bbox 692 2819 840 2856; x_wconf 74' lang='lat' dir='ltr'>quesivit;</span> <span class='ocrx_word' id='word_1_348' title='bbox 862 2818 994 2853; x_wconf 75' lang='lat' dir='ltr'>quesivit</span> <span class='ocrx_word' id='word_1_349' title='bbox 1016 2818 1044 2845; x_wconf 83' lang='lat' dir='ltr'>iu</span> <span class='ocrx_word' id='word_1_350' title='bbox 1068 2822 1148 2844; x_wconf 78' lang='lat' dir='ltr'>textu</span> <span class='ocrx_word' id='word_1_351' title='bbox 1172 2824 1334 2852; x_wconf 73' lang='lat' dir='ltr'>perperam</span> <span class='ocrx_word' id='word_1_352' title='bbox 1357 2815 1506 2842; x_wconf 81' lang='lat' dir='ltr'>additum.</span> 
     </span>
     <span class='ocr_line' id='line_1_44' title="bbox 192 2850 1504 2890; baseline -0.008 -4"><span class='ocrx_word' id='word_1_353' title='bbox 192 2858 235 2885; x_wconf 60' lang='grc'>23.</span> <span class='ocrx_word' id='word_1_354' title='bbox 258 2858 324 2885; x_wconf 63' lang='lat' dir='ltr'>lm:</span> <span class='ocrx_word' id='word_1_355' title='bbox 346 2858 446 2886; x_wconf 53' lang='lat' dir='ltr'>fucrit</span> <span class='ocrx_word' id='word_1_356' title='bbox 520 2856 566 2884; x_wconf 76' lang='lat'>26.</span> <span class='ocrx_word' id='word_1_357' title='bbox 583 2858 626 2883; x_wconf 76' lang='lat' dir='ltr'>A:</span> <span class='ocrx_word' id='word_1_358' title='bbox 649 2856 720 2890; x_wconf 81' lang='lat' dir='ltr'>quia</span> <span class='ocrx_word' id='word_1_359' title='bbox 740 2855 818 2882; x_wconf 82' lang='lat' dir='ltr'>licet.</span> <span class='ocrx_word' id='word_1_360' title='bbox 893 2853 938 2880; x_wconf 72' lang='lat'>30.</span> <span class='ocrx_word' id='word_1_361' title='bbox 961 2853 1000 2879; x_wconf 70' lang='lat' dir='ltr'>li:</span> <span class='ocrx_word' id='word_1_362' title='bbox 1025 2860 1084 2879; x_wconf 83' lang='lat' dir='ltr'>uon</span> <span class='ocrx_word' id='word_1_363' title='bbox 1109 2852 1245 2886; x_wconf 47' lang='lat' dir='ltr'>possiam</span> <span class='ocrx_word' id='word_1_364' title='bbox 1277 2851 1316 2877; x_wconf 84' lang='lat' dir='ltr'>ib.</span> <span class='ocrx_word' id='word_1_365' title='bbox 1338 2851 1381 2877; x_wconf 87' lang='lat' dir='ltr'>A:</span> <span class='ocrx_word' id='word_1_366' title='bbox 1405 2850 1504 2884; x_wconf 65' lang='lat' dir='ltr'>posuit</span> 
     </span>
     <span class='ocr_line' id='line_1_45' title="bbox 192 2884 1506 2928; baseline -0.008 -8"><span class='ocrx_word' id='word_1_367' title='bbox 192 2901 262 2920; x_wconf 82' lang='lat' dir='ltr'>cum</span> <span class='ocrx_word' id='word_1_368' title='bbox 283 2893 364 2928; x_wconf 75' lang='lat' dir='ltr'>ipsc3</span> <span class='ocrx_word' id='word_1_369' title='bbox 385 2892 466 2928; x_wconf 84' lang='lat' dir='ltr'>quod</span> <span class='ocrx_word' id='word_1_370' title='bbox 489 2907 521 2910; x_wconf 88' lang='lat'>—</span> <span class='ocrx_word' id='word_1_371' title='bbox 541 2892 653 2918; x_wconf 76' lang='lat' dir='ltr'>nedum</span> <span class='ocrx_word' id='word_1_372' title='bbox 675 2890 769 2917; x_wconf 76' lang='lat' dir='ltr'>deest.</span> <span class='ocrx_word' id='word_1_373' title='bbox 827 2887 869 2916; x_wconf 76' lang='lat'>32.</span> <span class='ocrx_word' id='word_1_374' title='bbox 892 2888 957 2914; x_wconf 77' lang='lat' dir='ltr'>hE:</span> <span class='ocrx_word' id='word_1_375' title='bbox 980 2887 1138 2914; x_wconf 70' lang='lat' dir='ltr'>crementi.</span> <span class='ocrx_word' id='word_1_376' title='bbox 1195 2885 1240 2922; x_wconf 82' lang='lat'>37.</span> <span class='ocrx_word' id='word_1_377' title='bbox 1255 2887 1299 2912; x_wconf 88' lang='lat' dir='ltr'>A:</span> <span class='ocrx_word' id='word_1_378' title='bbox 1322 2884 1404 2920; x_wconf 78' lang='lat' dir='ltr'>quod</span> <span class='ocrx_word' id='word_1_379' title='bbox 1427 2891 1506 2911; x_wconf 80' lang='lat' dir='ltr'>cum.</span> 
     </span>
    </p>
   </div>
   <div class='ocr_carea' id='block_1_4' title="bbox 1734 249 1775 283">
    <p class='ocr_par' dir='ltr' id='par_1_12' title="bbox 1734 249 1775 283">
     <span class='ocr_line' id='line_1_46' title="bbox 1734 249 1775 283; baseline 0 0"><span class='ocrx_word' id='word_1_380' title='bbox 1734 249 1775 283; x_wconf 82' lang='lat'>31</span> 
     </span>
    </p>
   </div>
   <div class='ocr_carea' id='block_1_5' title="bbox 1545 775 1757 941">
    <p class='ocr_par' dir='ltr' id='par_1_13' title="bbox 1545 775 1757 941">
     <span class='ocr_line' id='line_1_47' title="bbox 1551 775 1749 802; baseline -0.005 0"><span class='ocrx_word' id='word_1_381' title='bbox 1551 775 1616 802; x_wconf 52' lang='lat' dir='ltr'>Tin·</span> <span class='ocrx_word' id='word_1_382' title='bbox 1639 776 1749 802; x_wconf 66' lang='lat' dir='ltr'>second</span> 
     </span>
     <span class='ocr_line' id='line_1_48' title="bbox 1545 811 1757 837; baseline 0 -1"><span class='ocrx_word' id='word_1_383' title='bbox 1545 811 1631 836; x_wconf 63' lang='lat' dir='ltr'>those</span> <span class='ocrx_word' id='word_1_384' title='bbox 1654 811 1757 837; x_wconf 66' lang='lat' dir='ltr'>whose</span> 
     </span>
     <span class='ocr_line' id='line_1_49' title="bbox 1587 846 1719 871; baseline 0.023 -2"><span class='ocrx_word' id='word_1_385' title='bbox 1587 846 1669 871; x_wconf 64' lang='grc' dir='ltr'>κκιικκ</span> <span class='ocrx_word' id='word_1_386' title='bbox 1696 846 1719 871; x_wconf 77' lang='lat' dir='ltr'>is</span> 
     </span>
     <span class='ocr_line' id='line_1_50' title="bbox 1546 880 1753 906; baseline -0.005 -1"><span class='ocrx_word' id='word_1_387' title='bbox 1546 880 1691 906; x_wconf 59' lang='lat' dir='ltr'>hindei-cd</span> <span class='ocrx_word' id='word_1_388' title='bbox 1717 881 1753 905; x_wconf 72' lang='lat' dir='ltr'>bv</span> 
     </span>
     <span class='ocr_line' id='line_1_51' title="bbox 1564 912 1742 941; baseline 0.006 -2"><span class='ocrx_word' id='word_1_389' title='bbox 1564 914 1658 941; x_wconf 65' lang='lat' dir='ltr'>xenia!</span> <span class='ocrx_word' id='word_1_390' title='bbox 1682 912 1742 941; x_wconf 70' lang='lat' dir='ltr'>siuJ</span> 
     </span>
    </p>
   </div>
   <div class='ocr_carea' id='block_1_6' title="bbox 1517 1180 1790 1347">
    <p class='ocr_par' dir='ltr' id='par_1_14' title="bbox 1517 1180 1790 1284">
     <span class='ocr_line' id='line_1_52' title="bbox 1569 1180 1737 1208; baseline 0 -1"><span class='ocrx_word' id='word_1_391' title='bbox 1569 1180 1635 1208; x_wconf 75' lang='lat' dir='ltr'>The</span> <span class='ocrx_word' id='word_1_392' title='bbox 1657 1181 1737 1208; x_wconf 79' lang='lat' dir='ltr'>third</span> 
     </span>
     <span class='ocr_line' id='line_1_53' title="bbox 1517 1216 1790 1242; baseline 0.004 0"><span class='ocrx_word' id='word_1_393' title='bbox 1517 1216 1603 1242; x_wconf 80' lang='lat' dir='ltr'>those</span> <span class='ocrx_word' id='word_1_394' title='bbox 1625 1216 1694 1242; x_wconf 70' lang='lat' dir='ltr'>who</span> <span class='ocrx_word' id='word_1_395' title='bbox 1716 1217 1790 1242; x_wconf 71' lang='lat' dir='ltr'>hux-e</span> 
     </span>
     <span class='ocr_line' id='line_1_54' title="bbox 1517 1251 1790 1284; baseline 0 -7"><span class='ocrx_word' id='word_1_396' title='bbox 1517 1251 1595 1277; x_wconf 79' lang='lat' dir='ltr'>douc</span> <span class='ocrx_word' id='word_1_397' title='bbox 1615 1251 1743 1284; x_wconf 67' lang='lat' dir='ltr'>nothing</span> <span class='ocrx_word' id='word_1_398' title='bbox 1761 1256 1790 1278; x_wconf 78' lang='lat' dir='ltr'>to</span> 
     </span>
    </p>

    <p class='ocr_par' dir='ltr' id='par_1_15' title="bbox 1578 1286 1728 1321">
     <span class='ocr_line' id='line_1_55' title="bbox 1578 1286 1728 1321; baseline -0.007 -9"><span class='ocrx_word' id='word_1_399' title='bbox 1578 1286 1659 1321; x_wconf 52' lang='lat' dir='ltr'>editi*</span> <span class='ocrx_word' id='word_1_400' title='bbox 1680 1286 1728 1311; x_wconf 73' lang='lat' dir='ltr'>the</span> 
     </span>
    </p>

    <p class='ocr_par' dir='ltr' id='par_1_16' title="bbox 1587 1320 1721 1347">
     <span class='ocr_line' id='line_1_56' title="bbox 1587 1320 1721 1347; baseline -0.007 -2"><span class='ocrx_word' id='word_1_401' title='bbox 1587 1320 1721 1347; x_wconf 72' lang='lat' dir='ltr'>(jhurch.</span> 
     </span>
    </p>
   </div>
  </div>
 </body>
</html>
