1986 3380
202 271 338 301 SERMO
355 259 508 318 xxv111.]
671 270 883 304 SECUNDA
909 269 1035 302 PARS.

200 381 298 427 suis;
352 382 419 417 sed
473 380 675 428 signanter
724 377 929 413 modificat
984 377 1091 424 quod
1145 375 1219 411 sint
1267 374 1431 410 suhz'ecte
1474 372 1509 407 in

200 440 387 483 Donn'no‚·
419 439 562 475 debent
595 436 699 473 enim
724 448 864 471 uxores
893 434 986 471 viris
1009 434 1090 470 suis
1114 442 1321 480 tamquam
1346 430 1510 467 domino

200 497 410 539 deservire,
457 505 499 532 ut
545 496 660 531 docet
708 496 845 530 Petrus
891 494 939 529 de
984 493 1082 528 Sara
1127 499 1163 527 et
1208 490 1425 526 Abraham.
1471 487 1510 523 Si

200 564 334 592 autem
368 554 442 591 viri
475 555 523 590 ab
556 552 745 588 uxoribus
778 551 857 587 suis
896 549 1112 599 quicquam
1153 548 1310 595 exigant
1349 547 1456 595 quod
1490 558 1511 581 a

166 616 181 647 5
200 616 283 649 Deo
318 622 374 649 est
406 612 585 657 vetitum,
620 620 714 646 tunc
738 622 818 645 non
843 610 987 645 debent
1016 607 1056 643 in
1080 605 1355 654 complecione
1378 603 1512 640 huius-

200 670 309 707 modi
343 683 426 707 esse
458 669 614 705 subdite
646 667 740 705 viris
774 667 867 712 suis,
908 666 1001 714 quia
1033 674 1128 701 tunc
1161 677 1241 700 non
1276 664 1405 699 forent
1438 661 1513 697 illis

199 729 356 765 subdite
388 728 427 763 in
452 726 638 764 Domino.
673 728 720 761 Et
753 738 823 773 per
856 725 990 761 locum
1024 736 1046 760 a
1070 722 1232 759 maiori:
1267 721 1298 757 si
1331 719 1514 770 superior

199 788 259 823 vel
294 787 470 835 prelatus
503 784 669 822 ecclesie
702 783 882 819 subiecto
921 795 992 818 suo
1033 781 1249 830 quicquam
1289 777 1514 827 preceperit

200 847 307 893 quod
353 844 531 880 dissonat
570 842 645 891 legi
685 841 846 887 Christi,
888 849 983 876 tunc
1028 840 1145 875 debet
1192 851 1235 875 ex
1278 835 1515 874 obediencia

147 916 184 937 ιο
200 902 334 939 debita
358 901 516 939 Christo
551 909 587 937 et
609 899 667 936 illi
689 900 844 948 prelato
869 897 1073 934 humiliter
1103 897 1308 933 rebellare.
1343 895 1514 941 Quando

201 960 306 997 enim
340 962 419 996 duo
453 959 594 1007 prelati
640 971 811 1007 quorum
856 969 958 993 unus
1003 964 1060 992 est
1105 954 1288 1003 superior
1332 962 1369 989 et
1415 952 1515 989 alius

202 1018 366 1054 inferior
400 1018 593 1054 mandant
626 1015 842 1061 contraria,
883 1013 1080 1063 superiori
1114 1012 1154 1049 in
1187 1010 1424 1049 racionabili
1458 1018 1516 1046 est

201 1078 438 1125 parendum.
485 1077 585 1111 Cum
620 1087 713 1122 ergo
744 1074 925 1110 Christus
966 1072 1014 1108 sit
1055 1070 1238 1120 superior
1276 1080 1516 1119 quocunque

202 1135 356 1183 prelato
380 1136 428 1170 ab
453 1133 615 1169 homine
639 1132 833 1178 instituto,
858 1143 931 1168 nec
954 1139 1087 1179 potest
1110 1129 1184 1165 nisi
1208 1127 1454 1166 racionabile
1478 1135 1515 1162 et

150 1196 185 1228 15
201 1193 348 1229 iustum
366 1193 558 1228 mandare
574 1191 896 1239 cuiqt1a1n‚patet
912 1190 1019 1237 quod
1036 1187 1227 1236 quicquid
1236 1185 1433 1224 voluntati
1449 1197 1517 1221 sue

202 1250 450 1287 contrarium
484 1262 590 1298 papa
622 1250 683 1286 vel
707 1248 934 1297 quicunque
958 1247 1136 1295 prelatus
1160 1254 1517 1295 quantumcunque

202 1309 337 1345 stricte
361 1308 611 1344 mandaverit
633 1320 705 1344 suo
729 1306 902 1351 subdito,
929 1306 1044 1341 debet
1069 1313 1208 1341 contra
1232 1304 1329 1339 illud
1352 1301 1518 1339 viriliter

204 1368 415 1411 rebellare3
448 1379 541 1402 nam
576 1365 758 1402 faciendo
791 1363 1023 1413 oppositum
1058 1370 1243 1411 peccaret
1276 1360 1461 1410 graviter.

261 1427 316 1461 Ex
360 1424 504 1473 quibus
545 1432 654 1473 patet
692 1424 801 1472 quod
838 1431 920 1459 tarn
961 1422 1139 1469 prelatus
1178 1433 1298 1469 quam
1337 1417 1519 1455 subditus

147 1497 189 1518 20
205 1484 321 1519 debet
344 1495 585 1531 cognoscere
613 1480 910 1529 beneplacitum
936 1478 1088 1516 domini
1111 1480 1201 1515 Jesu
1226 1477 1392 1523 Christi3
1425 1489 1518 1513 narn

204 1541 286 1577 sine
319 1540 555 1577 obediencia
588 1540 646 1576 sui
680 1538 824 1588 privati
858 1537 1051 1587 prepositi
1083 1545 1214 1585 potest
1236 1534 1393 1581 salvari,
1427 1547 1518 1571 cum

204 1612 284 1636 non
316 1598 436 1645 iuvat,
470 1598 546 1634 nisi
580 1600 627 1634 de
672 1606 822 1646 quanto
867 1604 1078 1645 promovet
1122 1594 1162 1630 in
1207 1592 1519 1631 racionabilibus

205 1659 254 1694 ad
277 1656 557 1694 obedienciam
583 1655 748 1692 domino
770 1657 861 1692 Jesu
877 1654 1050 1691 Christo.
1076 1654 1153 1689 Sed
1177 1653 1261 1689 sine
1284 1650 1520 1688 obediencia

205 1715 352 1752 Christi
386 1728 467 1751 non
499 1723 577 1751 stat
610 1715 718 1763 quod
751 1712 895 1762 aliquis
928 1712 977 1748 sit
1010 1712 1203 1757 salvatus3
1238 1710 1328 1747 ideo
1359 1711 1407 1746 ad
1442 1709 1519 1745 dis-

149 1777 188 1810 25
206 1775 376 1810 cendum
411 1773 559 1810 Christi
592 1773 770 1820 regulam
804 1772 948 1807 debent
994 1769 1137 1818 privati
1182 1769 1343 1805 ordines
1388 1767 1519 1816 primo

206 1831 411 1868 intendere
445 1840 481 1868 et
514 1831 545 1867 si
578 1831 737 1867 fuerunt
770 1829 825 1866 ita
857 1828 992 1865 stolidi
1025 1829 1133 1877 quod
1167 1840 1237 1876 per
1269 1839 1309 1863 se
1342 1826 1450 1874 ipsos
1483 1833 1520 1861 et

206 1890 353 1926 Christi
387 1890 565 1938 regulam
598 1902 677 1925 non
710 1887 910 1925 sufficiant
948 1885 1134 1935 regulari,
1175 1894 1270 1921 tunc
1310 1884 1520 1921 consulant

205 1948 454 1997 superiorem
470 1947 616 1984 intuitu
632 1946 810 1984 caritatis
826 1954 868 1982 ut
884 1958 951 1982 eos
977 1943 1290 1981 misericorditer
1313 1942 1458 1990 dirigat
1481 1941 1521 1977 in

205 2007 381 2055 agendis
407 2006 446 2042 Si
470 2015 604 2043 autem
629 2004 844 2053 improvise
867 2002 1033 2051 obligati
1057 2002 1202 2038 fuerint
1227 2000 1442 2038 maledicto
1461 2000 1522 2036 vel

150 2068 191 2101 30
205 2065 344 2113 ignaro
367 2064 586 2113 preposito,
612 2064 830 2100 dissolvant
853 2062 988 2098 statim
1012 2062 1116 2097 hunc
1139 2073 1282 2097 nexum
1306 2060 1459 2096 fatuum
1485 2066 1522 2094 et

204 2124 266 2160 vel
280 2123 412 2160 Vivant
426 2124 645 2171 prudenter
660 2122 879 2159 secundum
895 2120 1017 2157 alium
1033 2119 1094 2156 vel
1109 2126 1270 2155 teneant
1286 2117 1520 2166 religionem

207 2181 465 2218 christianam
483 2180 708 2229 simplicem
723 2192 821 2229 pure
837 2180 1055 2215 secundum
1067 2178 1253 2214 abbatem
1264 2187 1522 2213 communem

207 2239 414 2275 dominum
424 2241 515 2276 Jesu
525 2238 742 2276 Christum.
760 2240 807 2274 Et
823 2237 914 2273 licet
930 2236 969 2272 in
984 2236 1114 2272 stultis
1132 2234 1285 2272 maritis
1301 2234 1403 2270 iacet
1419 2232 1522 2281 peri-

208 2298 355 2344 culum,
386 2306 521 2334 tamen
550 2298 666 2345 longe
696 2297 784 2345 plus
814 2295 852 2331 in
881 2294 1011 2331 stultis
1035 2293 1199 2343 prelatis
1223 2292 1291 2341 qui
1313 2292 1354 2328 in
1378 2290 1522 2328 maiori

153 2358 191 2390 ³5
208 2364 321 2404 parte
350 2355 508 2404 exigunt
537 2368 558 2392 a
582 2354 770 2391 subiectis
793 2355 901 2402 quod
925 2353 1110 2401 ignorant
1133 2364 1218 2388 esse
1241 2350 1313 2387 Dei
1336 2349 1524 2398 benepla-

209 2413 331 2450 citum
354 2415 415 2451 vel
437 2415 582 2450 debent
603 2424 845 2461 cognoscere
867 2423 950 2448 esse
966 2412 1158 2447 mandato
1174 2422 1245 2446 suo
1262 2408 1522 2445 contrarium.

279 2557 299 2576 1.
319 2549 363 2576 A:
385 2557 455 2576 cum
477 2548 547 2575 sint.
639 2556 660 2583 1,
681 2555 707 2575 2.
728 2547 773 2574 A:
796 2546 930 2574 subiecte
951 2545 1102 2573 dominio.
1192 2544 1217 2577 5,
1239 2543 1269 2571 6.
1289 2544 1334 2571 A:
1356 2541 1521 2570 eiusmodi.

210 2584 239 2611 6.
261 2584 330 2611 DE:
353 2584 498 2611 subiecte.
602 2582 630 2615 6,
652 2591 677 2621 7.
700 2582 741 2609 D:
762 2582 822 2609 illis
844 2581 994 2613 subiecte;
1016 2581 1055 2608 E:
1078 2580 1129 2607 illo
1150 2579 1295 2606 subiecte.
1398 2586 1424 2612 7.
1445 2578 1472 2604 A
1494 2577 1523 2604 in

209 2627 322 2654 marg-z
343 2618 425 2646 Nota
447 2618 484 2645 de
503 2617 693 2645 obediencia.
791 2617 819 2644 8.
839 2617 883 2643 A:
906 2623 961 2643 suo
982 2616 1076 2643 deest.
1174 2622 1202 2650 9.
1224 2613 1249 2640 E
1269 2613 1298 2640 in
1320 2620 1434 2647 marg:
1456 2613 1525 2639 Pre-

209 2654 289 2681 latus
309 2653 334 2680 si
354 2653 544 2680 contrarium
566 2652 691 2680 Christo
713 2651 844 2687 precipit
864 2658 924 2677 non
945 2655 991 2678 est
1010 2650 1117 2678 fidelis.
1262 2656 1299 2675 12.
1321 2649 1365 2675 A:
1388 2647 1523 2674 mandat.

210 2688 248 2716 15.
270 2689 314 2716 A:
335 2688 518 2724 quicquam;
545 2687 585 2715 ib.
608 2687 631 2714 E
651 2687 681 2714 in
703 2695 816 2714 marcu:
840 2686 883 2713 De
903 2685 1095 2721 obligaeione
1116 2683 1244 2719 privatis
1266 2682 1432 2718 prepositis
1454 2686 1525 2708 nota

209 2723 299 2750 infra.
416 2731 454 2758 17.
477 2722 545 2749 DE:
567 2722 723 2749 humiliter
744 2708 935 2748 rebellarent.
1044 2728 1086 2752 10.
1108 2721 1136 2746 A
1157 2719 1187 2746 in
1209 2726 1323 2745 marm:
1345 2716 1523 2744 Conclusio.

210 2766 253 2786 22.
276 2758 344 2785 DE:
364 2758 394 2785 in
416 2757 655 2785 racionabilibus
676 2757 772 2784 deest.
922 2755 968 2782 26.
990 2756 1034 2782 A:
1055 2752 1258 2781 intenderent.
1278 2738 1323 2779 ᾖα
1344 2752 1404 2780 Sex
1422 2751 1523 2786 Jugis:

210 2793 344 2820 tendere.
409 2800 453 2828 27.
476 2791 593 2820 Codd.:
616 2792 762 2827 regulare.
786 2789 874 2818 Corr.
896 2798 910 2816 e
930 2790 975 2817 De
996 2791 1056 2818 Sex
1074 2789 1170 2824 Jugis.
1233 2795 1280 2822 29.
1302 2786 1370 2814 DE:
1392 2786 1524 2814 fuerunt.

210 2827 253 2855 32.
274 2829 318 2855 A:
342 2835 417 2863 pure
437 2827 531 2854 deest.
604 2825 648 2854 32.
670 2826 738 2853 DE:
761 2833 959 2853 communem
981 2824 1076 2852 deest.
1149 2822 1196 2857 34.
1218 2823 1286 2850 DE:
1309 2821 1436 2849 maiore.

275 2900 326 2933 33.
338 2899 498 2932 abbatem
510 2907 737 2930 communem
756 2898 789 2929 in
806 2904 961 2929 conti-ast
977 2903 1012 2928 to
1027 2896 1088 2928 the
1103 2895 1208 2928 abbat
1221 2893 1408 2937 ofprivate
1422 2899 1525 2925 sects.

1531 671 1638 698 Limits
1654 672 1687 698 ol*
1700 672 1800 707 wisc-ly

1579 706 1753 733 obedit-nce.
