1986 3380
231 259 367 288 SERMO
388 249 466 307 Lx]
702 262 912 295 SECUNDA
941 262 1066 293 PARS.
1747 258 1796 301 45
1814 270 1821 292 1

230 370 407 406 secundo
440 369 534 417 quia
567 369 749 406 Christus
790 378 879 417 post
921 368 1337 405 communicacionem
1373 370 1540 406 istorum

232 429 443 463 verborum
468 427 561 475 quia
591 428 690 464 bene
723 427 886 473 dixerat,
921 435 1148 474 assumptus
1183 435 1238 463 est
1272 427 1311 462 in
1345 429 1472 463 celum
1507 436 1543 464 et

233 494 426 533 perpetuo
450 484 618 533 quiescit
646 485 685 521 in
709 484 823 521 bonis
846 484 918 521 Dei
943 484 1173 533 pocioribus
1197 486 1304 533 quod
1330 486 1542 522 confirmat

232 542 458 579 evidencius
493 543 639 579 Christi
672 544 805 579 verba.

199 602 214 633 5
289 602 367 637 Sed
411 600 534 637 tercia
579 600 841 637 confirmacio
887 600 1035 638 Christi
1088 600 1288 637 sentencie
1335 609 1391 637 est
1436 602 1542 649 quod

231 658 405 707 apostoli
438 658 478 694 in
511 657 654 707 quibus
694 659 880 695 lucebant
919 667 977 695 tot
1016 657 1211 695 miracula
1245 671 1288 695 ex
1320 658 1396 695 isto
1433 672 1543 695 man-

230 718 324 752 dato
359 715 505 753 Christi
545 716 713 764 profecti
753 725 856 762 sunt,
897 729 977 753 non
1021 716 1259 753 incarcerati
1297 716 1337 753 in
1370 717 1543 753 claustro

230 783 272 810 ut
310 773 440 810 timidi
479 774 539 810 vel
579 774 768 819 latrones,
809 776 878 810 sed
917 774 1224 822 predicaverunt
1268 774 1430 824 ubique,
1476 775 1542 811 ubi

230 831 309 868 sint
339 831 471 868 vocati
505 831 652 868 Christi
687 845 908 868 consonum
949 841 1033 869 tota
1065 833 1263 870 Trinitate
1296 842 1539 881 cooperante

178 901 215 922 ¹0
231 899 267 926 et
299 901 503 926 sermones
536 902 628 926 suos
662 890 927 926 confirmante
960 891 1217 939 sequentibus
1250 890 1383 939 signis.

287 947 403 984 Circa
456 948 531 984 hoc
577 948 825 996 evangelium
873 947 1078 985 dubitatur
1128 958 1262 985 utrum
1317 948 1542 997 expedicius
1650 957 1753 996 char

229 1005 329 1042 foret
362 1005 527 1042 ecclesie
561 1007 669 1054 quod
708 1005 1009 1043 iurisdicciones
1048 1007 1179 1044 forent
1212 1019 1459 1052 communes,
1500 1015 1543 1043 ut
1579 992 1812 1060 (ἷξῗξξᾷζᾷἷξὲζῑζι)

227 1063 447 1100 sentenciat
487 1064 563 1100 hoc
604 1063 852 1112 evangelium
893 1077 1012 1113 quam
1059 1077 1103 1101 ex
1141 1065 1258 1102 certis
1304 1064 1541 1114 evangelicis
1607 1061 1777 1123 {ggfflsswgb

227 1122 370 1168 forent,
404 1130 447 1157 ut
480 1122 605 1158 multo
639 1122 802 1170 proprie
835 1122 1018 1159 limitate.
1073 1124 1149 1159 Sed
1184 1136 1255 1171 ego
1288 1136 1368 1160 non
1401 1122 1540 1159 dubito
1691 1118 1695 1122 *
1771 1118 1775 1123 ¹

174 1179 211 1212 15
227 1179 323 1228 quin
366 1179 505 1216 melius
543 1180 646 1216 foret
683 1181 902 1217 secundum
943 1181 1191 1228 evangelium
1239 1181 1386 1218 Christi
1432 1182 1539 1230 quod

227 1246 371 1274 cuncta
403 1238 505 1274 foret
539 1238 782 1275 communia.
836 1239 913 1274 Sed
946 1238 1038 1275 hinc
1071 1248 1275 1287 oporteret
1308 1239 1540 1276 dotaciones

228 1295 361 1332 civiles
395 1295 596 1333 dimittere
630 1305 666 1332 et
699 1296 926 1345 ubicunque
950 1297 1067 1333 flatus
1091 1297 1262 1345 Spiritus
1286 1297 1421 1334 Sancti
1454 1298 1540 1346 pul·

228 1353 375 1391 saverit
408 1354 458 1390 ad
491 1355 579 1402 plus
614 1354 883 1391 edificandum
923 1354 1132 1391 ecclesiam
1166 1355 1259 1392 illuc
1292 1357 1467 1402 tendere,
1503 1364 1540 1392 et

228 1424 299 1460 per
331 1424 580 1461 consequens
614 1412 765 1449 dictum
799 1412 982 1461 Apostoli
1016 1414 1123 1462 quod
1157 1426 1229 1449 non
1262 1414 1448 1450 habemus
1480 1414 1540 1449 lzic

171 1480 211 1502 20
228 1477 440 1507 manentem
457 1470 648 1507 civitatem
671 1471 739 1507 sed
749 1471 935 1519 futuram
951 1471 1178 1520 inquirimus
1193 1473 1334 1508 devote
1348 1472 1537 1511 recolere.

228 1529 305 1564 Sed
337 1528 419 1564 scio
453 1529 561 1577 quod
599 1528 824 1577 proprietas
864 1528 1022 1565 caritati
1062 1529 1265 1566 contraria
1298 1531 1348 1566 ad
1381 1538 1537 1566 tantum

227 1585 417 1623 infecerat
456 1587 583 1634 legem
618 1586 765 1623 Christi
804 1588 911 1635 quod
950 1586 1199 1635 impossibile
1238 1596 1295 1624 est
1333 1600 1421 1624 cum
1463 1587 1538 1624 isto

227 1643 300 1680 reti
334 1643 483 1680 diaboli
517 1645 620 1681 hanc
653 1644 898 1681 sentenciam
940 1645 1213 1693 evangelicam
1249 1646 1455 1682 suscitare.
1490 1647 1538 1681 Et

227 1710 404 1738 moveret
437 1703 487 1738 ad
508 1702 718 1738 veritatem
744 1702 853 1738 dubii
887 1704 1186 1740 concedendam
1213 1705 1321 1751 quod
1356 1703 1537 1740 Christus

169 1759 208 1792 25
226 1759 468 1797 omnisciens
513 1761 678 1797 mandat
723 1760 802 1797 suis
847 1761 1040 1809 apostolis
1086 1770 1123 1797 et
1170 1761 1209 1797 in
1262 1761 1338 1797 illis
1385 1761 1537 1798 cunctis

227 1818 375 1856 Christi
408 1818 685 1855 sacerdotibus
709 1818 764 1855 ire
798 1819 1071 1855 indifferenter
1100 1819 1140 1855 in
1174 1821 1369 1855 mundum
1404 1821 1536 1868 quoad

224 1876 526 1913 iurisdicciones
559 1876 790 1913 huiusmodi
825 1886 861 1913 et
894 1877 1143 1925 evangelium
1177 1877 1399 1925 predicare.
1434 1879 1535 1914 Cum

224 1947 318 1983 ergo
355 1947 429 1971 nec
467 1936 507 1971 in
546 1934 706 1972 Christo
746 1947 819 1971 nec
856 1935 897 1971 in
935 1935 1129 1984 apostolis
1177 1944 1287 1983 patet
1326 1935 1536 1973 revocacio

222 1992 403 2041 precepti
442 2001 525 2029 tam
566 1992 757 2030 autentici
803 2002 923 2042 atque
961 1993 1104 2044 gravis,
1143 2002 1253 2042 patet
1298 1994 1536 2031 malediccio

164 2050 207 2082 30
223 2050 370 2088 Christi
403 2050 443 2087 in
476 2063 542 2088 eos
576 2051 643 2100 qui
675 2050 825 2088 violant
857 2053 934 2088 hoc
967 2053 1218 2088 mandatum.

279 2111 391 2155 Item,
426 2109 763 2146 excommunicati
796 2118 887 2146 sunt
920 2109 987 2158 qui
1020 2110 1166 2146 tollunt
1197 2122 1310 2146 veras
1334 2110 1537 2147 libertates
1571 2116 1683 2144 priests
1704 2117 1813 2145 should

222 2166 401 2213 ecclesie,
436 2169 505 2203 sed
527 2180 620 2204 vera
643 2167 807 2204 libertas
841 2176 899 2204 est
922 2169 1031 2216 quod
1054 2167 1285 2216 quicunque
1308 2169 1537 2205 sacerdotes
1571 2152 1807 2221 gssessssfi‘ssfffeffff

222 2238 322 2274 quos
355 2227 461 2262 Deus
495 2225 665 2262 moverit
688 2234 854 2274 possunt
877 2225 1001 2262 libere
1024 2225 1158 2262 taliter
1180 2225 1408 2274 predicare3
1443 2238 1537 2274 ergo
1779 2219 1785 2223 ⁵

221 2283 332 2320 illam
365 2283 591 2320 libertatem
626 2283 812 2320 tollentes
835 2283 1045 2320 incurrunt
1068 2283 1537 2320 excommunicacionem

163 2340 204 2373 35
221 2341 452 2378 horribilem
484 2343 592 2390 apud
615 2341 832 2378 Christum.
856 2341 997 2378 Talem
1027 2354 1120 2390 ergo
1149 2341 1538 2378 excommunicacio-

220 2412 313 2436 nem
336 2399 525 2436 timerent
558 2400 695 2436 fideles
719 2408 755 2436 et
778 2412 859 2436 non
882 2399 1325 2436 excommunicaciones
1357 2399 1537 2437 inventas

222 2457 453 2494 humanitus
469 2470 542 2505 pro
559 2457 712 2494 diviciis
735 2470 781 2494 ac
803 2457 924 2494 lucris
947 2458 1239 2506 temporalibus
1263 2466 1299 2494 et
1324 2458 1537 2495 mundanis

222 2515 438 2563 privilegiis
462 2515 715 2552 roborandis.
750 2517 825 2552 Per
848 2516 925 2552 hoc
950 2516 1055 2552 enim
1083 2515 1252 2553 ecclesia
1285 2516 1388 2553 foret
1411 2516 1535 2554 libera

221 2572 391 2619 iusticie,
424 2572 492 2609 ubi
525 2573 606 2610 iam
638 2573 766 2610 libera
798 2582 855 2610 est
887 2582 1068 2622 peccato.

292 2726 325 2745 11.
346 2718 375 2745 A
395 2717 425 2745 in
447 2726 561 2754 marg.:
583 2719 730 2747 Dubium.
831 2717 869 2747 13.
891 2720 1076 2755 sentenciat;
1098 2702 1195 2748 solvin
1217 2719 1286 2747 cod.
1387 2727 1429 2754 14.
1452 2720 1482 2747 A
1501 2719 1532 2747 in

221 2760 336 2788 marg:
356 2752 539 2788 Responsio.
618 2761 662 2789 22,
678 2753 721 2782 23.
737 2753 786 2782 isti
809 2754 862 2782 reti
883 2754 914 2782 in
935 2755 1002 2782 cod.
1086 2762 1133 2790 24.
1154 2755 1185 2782 in
1206 2763 1320 2790 marg:
1343 2763 1362 2783 1.
1445 2753 1483 2782 31.
1505 2754 1534 2782 in

221 2796 335 2822 marg:
356 2795 382 2816 2.

295 2892 345 2926 ¹9·
374 2883 460 2915 Heb.
489 2883 578 2923 XIII,
601 2894 650 2925 14.

1333 2942 1405 2986 29ὗε
