1986 3380
193 311 329 338 serito
355 298 467 358 xvir]
665 310 874 342 SECUNDA
905 310 1029 340 rius.
1715 301 1784 335 125

185 420 286 456 sicut
303 429 431 456 totum
448 431 570 467 genus
588 417 794 454 hominum
813 418 870 463 (ut
888 416 983 452 dicit
1001 414 1263 462 l’orphirius),
1280 415 1499 449 secundum

186 479 342 525 regulas
366 476 521 514 consilii
546 474 737 523 evangelii
762 474 962 522 superflue
987 474 1104 509 habet
1124 473 1262 517 multa,
1282 472 1501 507 secundum

187 537 260 572 hoc
301 535 512 572 consilium
546 534 735 570 venderet
774 532 858 580 ipsa
901 540 937 568 et
977 531 1123 567 rediret
1163 531 1211 566 ad
1246 529 1366 565 vitam
1408 542 1503 576 apo-

185 593 369 630 stolicam
409 591 667 641 primitivam.
707 593 796 626 Non
836 589 939 626 enirn
982 589 1202 637 proderunt
1234 587 1310 623 illis
1351 588 1503 623 cautele

153 651 345 699 §dyaboli
380 652 487 699 quod
520 649 595 698 ipsi
628 648 750 684 nichil
785 649 944 692 habent,
985 648 1053 683 sed
1086 659 1190 694 papa
1225 654 1281 681 est
1316 644 1503 681 dominus

187 718 424 745 cunctorum
458 720 534 756 que
572 715 772 754 occupant
805 706 865 742 vel
904 703 1173 741 elemosinarii
1213 703 1280 752 qui
1319 703 1390 738 hec
1431 701 1791 747 sibim-mr<dore-2115-

188 769 380 803 dederant
419 768 468 802 ad
508 765 824 813 prodessendum
867 763 1031 799 ecclesie
1071 763 1290 798 secundum
1326 761 1501 808 regulam
1533 749 1602 774 '¹⁰¹³
1626 753 1781 782 prupem.

188 825 297 873 parci
336 837 441 860 usus.
483 825 648 860 Constat
682 822 841 871 quidem
878 822 984 869 quod
1025 821 1171 856 habent
1209 818 1502 867 possessionem

189 895 281 918 usus
326 882 609 930 temporalium
665 889 700 916 et
745 879 990 915 secularibus
1043 877 1244 926 copiosius
1290 885 1326 913 et
1371 877 1504 924 quoad

135 939 516 988 ioperturbaciones
548 938 670 974 seculi
704 938 791 986 plus
825 937 975 985 quiete3
1017 949 1142 985 quare
1176 947 1269 983 ergo
1302 947 1382 970 non
1416 947 1505 982 pos-

188 998 341 1034 sident?
365 999 412 1032 Et
432 1010 521 1033 cum
546 996 740 1043 contingit
764 1008 830 1031 eos
848 1008 889 1031 ex
908 996 1033 1031 abusu
1050 1003 1086 1030 et
1101 992 1504 1041 superhabundancia

187 1054 472 1104 temporalium
513 1067 535 1091 a
575 1054 747 1090 termino
787 1053 957 1098 deviare,
999 1064 1122 1101 quare
1167 1064 1247 1087 non
1292 1052 1505 1087 observant

187 1115 237 1151 ad
282 1113 341 1149 sui
387 1112 679 1161 perfeccionem
728 1120 764 1147 et
803 1110 975 1147 aliorum
1022 1109 1362 1157 exemplacionem
1402 1108 1506 1143 istud

189 1171 414 1210 consilium,
455 1170 682 1218 specialiter
722 1182 810 1205 cum
846 1169 983 1205 dicunt
1021 1181 1061 1204 se
1100 1169 1150 1204 ad
1190 1166 1326 1204 omnia
1360 1165 1504 1203 Christi

135 1229 354 1266 15eonsilia
393 1241 475 1265 esse
521 1227 770 1264 strictissime
808 1227 1029 1275 obligatos?
1070 1226 1133 1262 Sic
1173 1225 1276 1262 enim
1312 1224 1506 1260 Martinus

192 1287 300 1324 dedit
315 1286 482 1335 pauperi
500 1288 547 1322 de
570 1286 649 1321 suis
674 1285 803 1333 parcis
820 1285 992 1321 vestibus
1017 1284 1056 1319 in
1080 1285 1219 1332 hyeme
1236 1282 1506 1331 frigidissima.

192 1354 357 1394 propter
391 1345 497 1393 quod
538 1357 558 1380 a
600 1343 717 1379 sociis
752 1352 808 1379 est
841 1343 1006 1379 derisus.
1047 1343 1174 1378 Multo
1209 1341 1334 1388 magis
1368 1341 1508 1376 fratres

190 1405 405 1440 venderent
436 1411 579 1439 cuncta
604 1414 680 1450 que
704 1400 908 1449 possident
932 1401 1057 1437 eciam
1090 1412 1214 1448 usque
1244 1400 1292 1435 ad
1324 1398 1507 1434 basilicas

191 1471 227 1497 et
268 1473 412 1509 egenos
453 1472 552 1507 quos
592 1460 686 1495 satis
726 1468 919 1495 noverant
958 1459 1191 1494 relevarent.
1237 1456 1362 1492 Aliter
1402 1455 1506 1491 enim

134 1521 278 1568 2oplus
317 1527 499 1555 amarent
538 1517 691 1565 lapides
724 1517 785 1552 vel
818 1516 1088 1564 possessiones
1126 1515 1348 1563 superfluas
1387 1527 1506 1562 quam

192 1576 421 1613 huiusmodi
454 1576 594 1612 fratres
628 1588 739 1617 suos;
773 1576 840 1611 sed
874 1576 948 1610 hoc
983 1575 1077 1610 dato
1111 1573 1263 1621 lapides
1297 1582 1333 1608 et
1357 1572 1509 1619 reliqua

191 1636 297 1671 iuxta
336 1646 412 1683 que
450 1633 656 1681 possident
700 1632 740 1668 in
779 1632 874 1680 ipsis
913 1632 1185 1679 extinguerent
1224 1630 1431 1667 caritatem
1473 1638 1509 1665 et

191 1701 401 1741 gravarent
416 1701 623 1740 tamquam
641 1690 836 1727 hereticos
861 1699 980 1738 atque
1004 1698 1208 1738 apostatas
1232 1690 1281 1724 ad
1297 1688 1508 1724 infernum.

192 1753 269 1787 Sed
308 1750 504 1799 numquid
544 1750 615 1786 hec
655 1757 712 1786 est
744 1748 806 1785 via
840 1761 916 1797 que
950 1748 1057 1784 ducit
1091 1748 1140 1784 ad
1174 1747 1328 1783 celum?
1368 1748 1409 1781 In
1443 1745 1509 1780 illo

137 1815 175 1848 25
193 1822 286 1857 ergo
321 1810 427 1857 quod
461 1807 586 1855 magis
624 1808 766 1843 fratres
808 1805 1021 1855 imperficit
1060 1814 1096 1842 et
1135 1805 1325 1847 retardat,
1360 1812 1401 1839 ut
1435 1802 1511 1838 dis-

194 1868 348 1915 cipulos
371 1865 518 1903 Christi
551 1873 825 1914 sequerentur,
859 1864 1028 1901 similius
1062 1864 1206 1900 debent
1237 1861 1383 1898 Christi
1419 1874 1510 1897 con-

194 1925 281 1962 silia
314 1924 504 1973 precipue
537 1925 762 1960 observare.

253 1984 300 2019 Et
339 1991 532 2032 quantum
573 1983 623 2018 ad
661 1980 876 2029 ypocrisim
917 1982 965 2016 de
1004 1979 1083 2016 suis
1122 1978 1297 2015 basilicis
1338 1986 1374 2014 et
1414 1976 1512 2013 alias

195 2041 434 2090 sophisticas
477 2041 652 2077 cautelas
692 2039 865 2087 dyaboli,
905 2047 1014 2087 patet
1053 2038 1160 2086 quod
1207 2036 1379 2073 finaliter
1418 2034 1513 2083 ipsis

138 2106 276 2139 3onon
320 2100 542 2147 proderunt
580 2099 648 2134 sed
696 2110 831 2134 coram
879 2109 1037 2133 summo
1083 2095 1214 2132 iudice
1253 2095 1512 2131 accusabunt.

197 2160 297 2195 Cum
328 2169 421 2205 ergo
449 2156 633 2193 basilicas
657 2156 755 2192 tales
779 2154 974 2191 Dominus
997 2153 1251 2203 parvipendit
1275 2161 1312 2189 et
1341 2150 1513 2200 apostoli
1539 2161 1656 2196 [mages
1678 2159 1741 2187 said
1764 2163 1794 2186 to

197 2214 373 2252 construi
412 2215 518 2263 ipsas
549 2214 728 2250 fecerunt
766 2225 839 2261 pro
878 2212 999 2261 laycis
1037 2221 1074 2248 et
1106 2211 1312 2260 ymagines
1351 2223 1396 2246 ac
1437 2209 1514 2246 alia
1531 2197 1565 2223 be
1586 2196 1752 2257 tiifxiiffiifs
1772 2194 1809 2221 of

196 2274 308 2322 signa
347 2272 549 2309 sensibilia
588 2272 628 2308 in
661 2271 745 2319 lege
778 2270 925 2307 Christi
959 2269 1225 2306 infundabilia
1256 2269 1318 2306 vel
1350 2267 1514 2304 remisse
1631 2262 1637 2266 ’

198 2340 289 2368 sunt
333 2331 552 2367 secundum
599 2328 875 2366 moderniores
920 2337 1079 2365 sanctos
1123 2327 1214 2363 libri
1258 2325 1515 2374 singulariter

140 2390 408 2435 35laicorurn,
442 2387 640 2437 numquid
673 2386 873 2424 credimus
906 2387 1047 2424 fratres
1080 2398 1120 2422 se
1153 2385 1261 2434 ipsos
1294 2395 1444 2433 ponere
1477 2383 1516 2419 in

270 2520 289 2539 1.
311 2511 378 2539 DE:
400 2515 428 2538 et
449 2510 628 2538 secundum.
703 2517 727 2536 2.
744 2509 788 2536 A:
810 2508 861 2544 qui
884 2508 1046 2545 superflue.
1120 2507 1146 2535 3.
1162 2508 1190 2535 A
1211 2508 1240 2535 in
1263 2515 1378 2542 marg.:
1401 2506 1516 2533 Contra

199 2546 317 2574 fratres.
380 2555 410 2580 4.
428 2546 452 2573 D
468 2546 499 2573 in
515 2553 628 2580 marg:
651 2544 877 2579 Proprietarius
898 2548 943 2571 est
963 2548 1045 2570 totus
1065 2547 1236 2570 conventus
1257 2542 1309 2569 sed
1331 2550 1391 2568 non
1414 2541 1516 2568 frater.

199 2582 223 2609 5.
245 2581 314 2608 DE:
336 2581 386 2607 sed
409 2585 572 2616 propterea
592 2584 646 2607 est.
754 2579 791 2607 15.
812 2578 880 2606 DE:
902 2587 968 2606 esse
989 2578 1083 2605 deest.
1188 2578 1229 2605 16.
1249 2578 1295 2604 A:
1339 2576 1515 2611 auperibus.

200 2624 244 2643 22.
265 2615 333 2643 DE:
355 2615 449 2643 mixta
469 2623 537 2650 que.
646 2612 689 2641 23.
710 2613 778 2640 DE:
801 2618 829 2640 et
848 2618 1016 2649 apostatas.
1125 2620 1172 2646 24.
1194 2612 1263 2639 DE:
1285 2620 1301 2638 a
1345 2610 1516 2638 Christum.

201 2652 247 2679 26.
264 2651 303 2678 E:
326 2653 591 2685 persequerentur.
664 2648 710 2675 28.
725 2649 770 2675 A:
835 2648 960 2675 oei-isim
983 2656 1059 2675 esse.
1132 2655 1179 2683 29.
1196 2646 1266 2675 DE:
1287 2646 1359 2682 quia
1378 2645 1516 2672 finaliter.

201 2685 239 2713 31.
260 2685 397 2713 Rectius:
420 2692 474 2711 nec
494 2683 637 2719 apostoli.
720 2682 764 2710 32.
785 2656 854 2710 3133:
877 2682 1034 2710 constitui.
1117 2681 1163 2715 34.
1185 2681 1225 2709 E:
1248 2681 1350 2714 libris;
1382 2680 1422 2707 ib.
1444 2679 1467 2707 E
1487 2679 1517 2706 in

203 2728 317 2755 marg:
338 2719 504 2754 Ymagines
524 2719 554 2746 in
576 2719 640 2754 lege
661 2717 778 2745 Christi
799 2717 1014 2745 infundabilia.

278 2803 304 2824 1.
324 2790 507 2834 Porphyrii
527 2788 742 2822 Introductio
762 2799 840 2821 cum
860 2788 934 2821 aliis
954 2789 1215 2821 commentariis
1235 2788 1266 2819 in
1287 2786 1514 2819 Aristotelem

204 2839 258 2870 ed.
274 2839 397 2869 Venet.
422 2835 518 2870 1562.
547 2836 600 2868 Cf.
621 2837 670 2867 De
688 2836 858 2876 Ecclesia,
878 2846 956 2878 pag.
974 2846 1055 2876 401,
1072 2845 1152 2877 40²·
1179 2833 1348 2875 Trialog„
1369 2842 1446 2875 pag.
1463 2831 1518 2874 78.

205 2884 308 2926 Engl.
336 2882 468 2915 Works
501 2882 541 2914 of
571 2881 713 2925 Wyc1if,
746 2892 849 2925 pagg.
880 2891 961 2926 447,
1002 2881 1077 2914 533.
1128 2881 1180 2913 Cf.
1211 2879 1288 2912 Pol.
1314 2879 1446 2911 Works
1484 2877 1524 2909 of

208 2929 351 2974 Wyclif,
378 2939 481 2973 pagg.
511 2928 589 2970 325,
614 2927 694 2971 706.
