1986 3380
208 266 343 295 SERMO
366 256 487 312 LV111.]
681 265 893 298 SECUNDA
921 264 1034 296 PARs

210 386 246 413 et
280 375 376 412 emit
410 374 673 423 spiritualiter
705 385 846 421 agrum
880 371 1006 416 illum,
1047 378 1179 406 certus
1220 382 1263 405 ex
1302 369 1379 406 fide
1413 370 1520 417 quod

209 436 419 470 thesaurus
452 432 525 469 iste
558 431 631 468 sibi
665 430 832 467 fodienti
879 438 915 466 et
949 428 1081 465 debite
1122 427 1161 463 in
1195 440 1290 475 agro
1324 427 1521 475 scripture

209 491 470 540 spiritualiter
485 489 683 527 laboranti
708 487 948 537 germinabit
970 487 1143 523 fructum
1168 485 1297 534 patrie
1320 485 1519 521 infinitum

209 549 527 598 prestanciorem
574 560 696 596 quam
741 555 832 583 sunt
865 557 1004 582 omnes
1037 553 1194 581 terrene
1239 543 1394 580 divicie.
1441 546 1521 579 Nec

177 611 269 645 §est
302 606 584 644 inconveniens
630 606 739 654 quod
784 617 950 652 regnum
998 604 1177 640 celorum
1224 601 1273 638 sit
1312 602 1522 638 thesaurus

211 675 247 702 et
281 678 374 713 ager
406 664 446 701 in
479 676 558 713 quo
593 663 853 700 absconditur
886 662 1106 699 secundum
1152 659 1354 708 disparem
1396 659 1522 695 racio-

210 736 300 760 nem
336 722 429 771 quia
463 721 559 758 satis
593 730 651 758 est
696 722 803 769 quod
849 720 889 757 in
922 719 1051 756 verbis
1097 718 1291 767 parabole
1324 717 1373 753 sit
1406 717 1523 753 realis

211 780 425 829 disparitas
476 789 513 816 et
564 779 604 816 in
657 791 775 815 sensu
821 778 1013 826 parabole
1067 776 1282 825 disparitas
1335 775 1522 820 racionis,

212 838 393 875 Christus
426 850 520 886 ergo
553 838 773 874 seeundum
808 838 915 885 quod
962 845 1083 884 caput
1128 843 1164 871 et
1203 847 1323 871 causa
1358 833 1524 870 ecclesie

158 909 195 930 ¹0
209 905 376 934 vocatur
408 908 573 944 regnum
608 896 800 932 celorum.

269 955 454 992 Secundo
487 962 654 990 vocatur
685 954 897 989 thesaurus
942 952 1160 988 secundum
1207 949 1411 987 racionem
1446 962 1524 998 qua

211 1022 268 1050 est
301 1012 602 1049 fundamentale
636 1011 764 1047 iocale
798 1019 834 1046 et
868 1009 1117 1046 necessarius
1149 1009 1361 1045 thesaurus
1393 1007 1523 1044 tocius

211 1071 389 1108 ecclesie.
424 1073 510 1118 Ipse
555 1070 660 1106 enim
709 1070 930 1105 secundum
963 1067 1202 1116 Apostolum
1239 1075 1296 1103 est
1329 1066 1454 1102 omnia
1488 1066 1523 1101 in

211 1130 403 1174 omnibus;
435 1137 471 1165 et
495 1127 621 1164 tercio
645 1128 864 1164 secundum
889 1126 1094 1162 racionem
1119 1124 1278 1161 unionis
1300 1123 1524 1173 ypostatice

158 1189 289 1236 15qua
322 1196 379 1224 est
412 1186 512 1223 liber
551 1186 724 1234 scriptus
756 1184 863 1221 intus
897 1192 934 1220 et
967 1183 1062 1220 foris
1086 1192 1252 1221 vocatur
1284 1195 1377 1230 ager
1400 1182 1524 1230 scrip-

211 1255 298 1282 ture
343 1245 449 1281 iuxta
494 1244 592 1280 illud
638 1242 845 1285 (Johannis
891 1244 958 1288 XO,
1007 1241 1094 1292 36):
1141 1242 1227 1277 Non
1268 1248 1397 1290 potest
1427 1240 1527 1276 solvi

210 1304 407 1353 scriptura
453 1315 560 1351 quem
589 1310 706 1352 pater
749 1300 1001 1350 sanctificavit
1045 1308 1079 1336 et
1124 1299 1225 1335 misit
1256 1300 1292 1335 in
1325 1299 1522 1334 mundum.

212 1364 324 1398 Patet
358 1361 482 1398 eciam
518 1360 664 1397 veritas
698 1359 811 1396 istius
836 1359 1028 1407 parabole
1063 1359 1110 1394 de
1145 1356 1293 1394 Christi
1318 1356 1524 1405 discipulis

212 1428 249 1456 et
281 1418 539 1468 sequentibus
584 1418 731 1455 sanctis
772 1416 1006 1454 doctoribus
1051 1415 1117 1464 qui
1165 1415 1253 1464 plus
1298 1416 1525 1463 gaudebant

155 1479 260 1514 20de
303 1477 470 1514 veritate
517 1477 714 1525 scripture
764 1488 883 1524 quam
937 1476 984 1510 de
1029 1473 1217 1510 omnibus
1270 1472 1358 1509 aliis
1410 1472 1525 1509 bonis

213 1535 364 1584 mundi,
398 1544 440 1571 ut
474 1536 521 1571 de
553 1533 782 1579 Ambrosio,
816 1532 1040 1581 Augustino
1086 1541 1122 1568 et
1157 1531 1386 1580 specialiter
1417 1532 1525 1567 Jero-

211 1606 345 1642 nymo,
380 1592 529 1629 Basilio
564 1601 599 1629 et
634 1592 716 1628 eius
749 1591 966 1632 similibus:
1007 1599 1044 1627 et
1084 1590 1148 1627 isti
1181 1591 1369 1627 doctores
1404 1590 1525 1625 modo

212 1651 387 1688 mirabili
420 1651 625 1688 inventum
659 1651 808 1687 habent
841 1650 1074 1686 thesaurum
1105 1661 1225 1697 quem
1254 1647 1294 1684 in
1326 1647 1406 1684 suis
1440 1660 1526 1684 cor-

213 1710 327 1746 dibus
369 1710 687 1755 absconderunt;
732 1720 802 1756 per
842 1709 918 1744 hoc
959 1706 1062 1744 enim
1099 1706 1240 1743 elevati
1274 1707 1324 1743 ad
1364 1705 1526 1742 celestia

158 1768 194 1800 25
212 1767 535 1805 thesaurizarunt
568 1767 643 1803 sibi
666 1768 900 1803 thesaurum
927 1764 1059 1802 meriti
1083 1764 1345 1801 beatitudinis
1370 1764 1434 1813 qui
1455 1776 1527 1800 non

214 1826 418 1864 veterascit
461 1825 569 1862 iuxta
614 1824 842 1862 doctrinam
883 1823 1033 1860 Christi
1068 1822 1250 1869 (Matthei
1281 1824 1402 1870 V110).
1450 1823 1527 1858 Sed

214 1886 290 1921 heu
324 1883 468 1933 prelati
502 1883 685 1920 moderni
718 1895 792 1919 nec
826 1890 1077 1930 cognoscunt
1100 1882 1266 1917 herbam
1290 1881 1352 1917 vel
1385 1880 1526 1916 florem

215 1943 331 1979 huius
354 1942 531 1979 thesauri
555 1953 627 1978 nec
657 1942 843 1978 laborant
872 1941 1081 1977 vendendo
1115 1948 1258 1976 cuncta
1293 1951 1369 1987 que
1402 1937 1527 1986 possi-

216 2002 308 2038 dent
354 2009 395 2037 ut
441 2008 698 2048 cognoscant,
744 1998 835 2036 ideo
885 1997 1150 2047 probabiliter
1199 1997 1424 2034 timendum
1471 2005 1527 2032 est

156 2060 198 2092 30
215 2060 323 2108 quod
359 2067 473 2095 erunt
506 2067 700 2106 perpetuo
733 2065 912 2105 expertes
944 2055 1079 2104 gaudii
1113 2055 1195 2092 eius
1227 2056 1392 2092 fructus.

273 2117 350 2153 Alii
384 2125 516 2153 autem
562 2116 719 2153 variant
762 2115 803 2151 in
842 2127 959 2151 sensu
1003 2114 1119 2150 huius
1152 2114 1357 2162 parabole,
1398 2121 1440 2148 ut
1474 2112 1528 2148 hii

216 2177 323 2224 quod
356 2188 523 2223 regnum
564 2175 742 2211 celorum
785 2181 842 2210 est
881 2171 1082 2222 premium
1122 2172 1266 2208 celeste
1299 2173 1407 2220 quod
1440 2172 1528 2207 abs-

216 2233 404 2271 conditur
449 2232 662 2270 causaliter
707 2232 748 2268 in
794 2230 946 2268 meritis
993 2229 1159 2267 ecclesie
1203 2242 1279 2279 que
1324 2238 1382 2266 est
1421 2241 1527 2277 ager,

215 2294 337 2328 homo
370 2293 604 2328 thesaurum
638 2290 758 2327 istum
782 2289 986 2326 inveniens
1020 2297 1077 2325 est
1099 2300 1273 2337 persona
1295 2295 1528 2324 sanctorum

158 2351 198 2383 35
216 2352 430 2387 doctorum
464 2349 531 2398 qui
564 2357 655 2398 post
687 2349 867 2385 laborem
901 2347 941 2383 in
973 2345 1266 2395 philosophicis
1312 2345 1529 2383 scienciam

215 2408 398 2457 sapidam
432 2407 669 2444 invenerunt
703 2415 739 2443 et
761 2414 889 2443 totam
922 2404 1033 2454 prius
1055 2405 1281 2441 laboratam
1315 2403 1529 2441 scienciam

215 2468 265 2503 ad
318 2465 563 2514 sapienciam
617 2464 888 2513 theologicam
942 2471 1239 2500 converterunt.
1310 2463 1386 2499 Sed
1439 2470 1530 2510 post

285 2620 310 2639 2.
332 2611 400 2639 DE:
421 2611 480 2639 sibi
501 2612 594 2639 deest.
667 2611 694 2638 8.
710 2611 752 2638 D:
774 2611 914 2646 dispitas.
988 2617 1028 2643 12,
1050 2608 1087 2637 13.
1108 2609 1148 2637 E:
1170 2609 1269 2636 tocius
1290 2609 1416 2636 ecclesie
1436 2609 1530 2636 deest.

216 2648 257 2674 18.
273 2647 318 2674 A:
339 2646 435 2674 eciam
457 2646 551 2674 deest.
608 2654 651 2674 22.
672 2646 697 2673 D
718 2646 748 2673 in
771 2654 837 2672 mar
862 2655 884 2673 .:
904 2643 1181 2672 Recommendacio
1202 2648 1334 2680 quatuor
1355 2648 1531 2671 sanctorum

216 2682 389 2709 doctorum.
463 2680 506 2708 23.
552 2689 620 2708 uem
641 2681 726 2708 deest
745 2681 776 2708 in
797 2653 887 2707 codd.
909 2679 1037 2707 Addidi.
1111 2687 1158 2714 24.
1173 2679 1219 2706 A:
1240 2679 1319 2705 clati.
1394 2677 1432 2705 31.
1455 2678 1478 2705 E
1499 2678 1527 2705 in

217 2725 330 2751 marg:
351 2716 442 2743 Alius
462 2716 533 2743 intel
549 2720 643 2743 ectus.
719 2714 766 2743 313.
788 2716 832 2742 A:
853 2715 1022 2742 invenerat.

292 2799 342 2832 13.
368 2799 444 2831 Col.
471 2799 526 2839 111,
550 2810 599 2831 11.
735 2799 789 2830 25.
819 2798 957 2830 Rectius
976 2798 1033 2838 VI,
1057 2807 1114 2841 19:
1142 2797 1260 2830 Nolite
1285 2796 1532 2840 thesaurizare

217 2846 312 2878 vobis
338 2846 523 2878 thesauros
549 2846 582 2878 in
610 2850 710 2878 terra
737 2848 800 2878 etc.
827 2844 878 2876 Cf.
898 2851 931 2876 et
951 2845 1067 2876 Lucae
1095 2844 1168 2884 ΧΙΙ,
1189 2843 1248 2876 33:
1278 2843 1448 2875 sacculos
1474 2843 1534 2885 qui

219 2902 286 2924 non
314 2896 546 2924 veterascunt.

1550 953 1616 981 The
1637 954 1702 982 Scri
1716 959 1796 981 iture

1575 990 1600 1015 is
1620 990 1668 1016 the
1690 964 1772 1016 chief

1591 1024 1673 1057 icwel
1696 1025 1753 1050 aud

1546 1063 1682 1086 treasure
1703 1060 1736 1085 os
1754 1059 1802 1085 the

1608 1093 1743 1121 Clulrch.

1555 2153 1561 2157 Ι
1635 2118 1744 2156 Other·

1554 2157 1807 2188 interpretations

1554 2189 1589 2216 of
1604 2189 1654 2215 the
1674 2187 1808 2223 parable.
