1986 3380
139 295 157 321 l»)

167 286 189 321 0»

196 284 218 320 ΕΚ)

234 710 315 736 κἰηιν

167 745 380 771 mnclnsion-:

173 881 191 899 1.
214 872 262 899 No
283 871 372 899 cleric

175 916 245 943 inay
265 911 370 941 accept

172 944 309 980 primacv
331 944 377 971 for

205 976 335 1016 w‹)1*ldl)'

202 1023 340 1042 reasons.

138 1348 162 1368 2.
181 1341 311 1367 l'relales
331 1346 410 1367 nnis-1

139 1381 188 1403 not
212 1376 246 1402 be
264 1375 410 1410 occupied

151 1411 244 1437 about
266 1410 394 1446 worldly

208 1449 344 1472 matters.

141 2095 155 2123 3
182 2096 263 2122 Such
284 2096 413 2131 pre-lates

197 2130 284 2158 lun-m
306 2131 355 2157 the

210 2165 344 2193 Clnn'cli.

703 297 926 328 *1011fole
948 297 1127 327 WYCMF
1147 296 1406 329 SERMONUM
1438 283 1588 340 [ΞΓ-ΝΜΟ
1606 294 1742 322 XXXV!-

427 417 579 440 veneno
624 418 692 441 sue
737 403 909 440 avaricie
955 403 1163 440 maculari.
1219 403 1281 439 Sic
1328 403 1431 439 enim
1479 403 1660 440 Christus
1706 415 1741 440 et

427 462 598 510 apostoli
645 471 925 498 conversantes
965 461 1002 497 in
1045 463 1208 500 mundo,
1250 461 1341 498 licet
1382 462 1429 498 de
1472 463 1622 498 mundo
1662 475 1742 498 non

426 521 594 558 fuerant.
621 520 909 567 1·eg.:ulatissirne
934 521 1008 556 hoc
1032 521 1256 556 servabant.
1290 520 1402 556 Unde
1427 519 1519 567 quia
1543 521 1742 556 seculares

427 578 578 614 domini
619 580 763 614 debent
803 579 903 614 hanc
940 578 1064 625 legem
1101 577 1248 613 Christi
1282 577 1472 625 precipue
1506 578 1742 626 potestative

427 637 652 673 defendere.
687 649 775 672 cum
818 635 933 672 aliter
973 648 1015 671 ex
1061 648 1257 672 consensu
1297 636 1424 671 forent
1465 635 1774 683 dampnabiles5

427 703 552 731 totam
600 693 891 741 rempublicam
939 695 1200 733 destruentes,
1248 693 1337 729 ideo
1383 703 1539 741 ponunt
1578 693 1741 742 quidam

427 761 601 801 quatuor
646 752 922 788 conclusiones
968 764 1043 800 que
1094 753 1314 788 secundum
1368 751 1484 788 istam
1533 751 1742 788 materiam

429 820 674 847 concernunt
708 819 855 846 statum
892 810 1071 847 ecclesie.

487 868 637 904 Prima:
685 869 824 904 Nullus
865 869 1031 905 clericus
1070 868 1269 916 acciperet
1314 867 1532 916 primatum
1579 867 1744 904 ecclesie

427 935 592 974 propter
616 927 760 962 fastum
788 935 854 962 aut
879 935 1063 975 questum
1090 927 1335 963 mundanum
1365 927 1433 961 sed
1458 938 1556 974 pure
1581 935 1744 974 propter
1764 940 1801 960 10

427 984 715 1020 beatitudinem
763 984 835 1021 sibi
883 995 919 1021 et
957 984 1126 1020 subditis
1172 985 1498 1032 promerendam.
1545 985 1657 1020 Patet
1701 997 1742 1020 ex

428 1043 503 1078 fide
520 1042 685 1079 Matthei
702 1044 804 1083 XX‘),
825 1053 888 1080 22.
915 1042 980 1079 ubi
1006 1042 1074 1079 filii
1091 1042 1260 1079 Zebedei
1285 1043 1404 1079 talem
1430 1042 1648 1090 primatum
1675 1055 1744 1089 per

428 1110 597 1136 matrem
633 1113 744 1137 suam
777 1114 798 1137 a
829 1101 989 1137 Christo
1020 1100 1225 1148 pecierunt
1254 1102 1320 1136 sed
1351 1103 1400 1137 ab
1431 1113 1475 1136 eo
1507 1112 1741 1147 responsum

428 1158 727 1206 reprobativum
783 1168 1016 1207 receperant
1067 1160 1168 1207 quod
1216 1171 1325 1194 suum
1377 1159 1533 1195 calicem
1586 1166 1621 1194 et
1671 1171 1742 1193 mm

428 1218 592 1252 houm-'es
616 1218 918 1266 mundificet-ant
941 1218 1107 1253 bibituri.
1134 1220 1179 1253 Et
1200 1217 1273 1253 ista
1290 1216 1500 1265 responsio
1523 1217 1742 1252 secundum
1767 1218 1800 1250 15

427 1274 721 1311 Crisostomum
758 1276 960 1312 sufficeret
994 1276 1190 1312 instruere
1224 1284 1352 1311 totum
1389 1276 1597 1310 mundum.

486 1335 670 1370 Secunda
705 1333 928 1370 conclusio:
970 1333 1135 1381 Signum
1177 1333 1336 1370 evidens
1370 1342 1427 1369 est
1460 1334 1566 1381 quod
1602 1332 1743 1380 prelati

428 1391 466 1426 in
506 1391 580 1428 ista
621 1391 849 1428 intencione
889 1391 1126 1430 exorbitant.
1166 1392 1197 1427 si
1238 1390 1403 1427 dimisso
1446 1390 1743 1438 evangelizandi

429 1448 654 1486 ministerio
685 1450 792 1486 circa
820 1450 987 1497 negocia
1018 1450 1213 1486 secularia
1242 1450 1301 1486 vel
1333 1451 1557 1485 mundanas
1581 1447 1745 1484 divicias

428 1517 689 1555 occupantur.
731 1510 842 1544 Patet
883 1520 926 1544 ex
965 1509 1040 1544 hoc
1079 1510 1187 1556 quod
1234 1520 1371 1544 eorum
1413 1506 1589 1543 intencio
1629 1508 1744 1542 debet
1763 1518 1803 1539 20

428 1565 578 1602 attendi
613 1565 719 1603 circa
752 1566 850 1602 illud
875 1579 954 1615 quo
978 1565 1215 1614 diligencius
1249 1565 1518 1613 prosequitur,
1552 1574 1593 1601 ut
1626 1577 1745 1600 nemo

427 1624 512 1661 sani
552 1624 694 1672 capitis
735 1624 884 1661 diceret
924 1626 1031 1672 quod
1070 1633 1159 1672 post
1199 1633 1408 1671 acceptum
1449 1624 1527 1660 tale
1566 1622 1743 1659 officium

427 1695 467 1718 se
512 1682 724 1730 implicans
776 1683 814 1718 in
867 1682 1074 1719 ministero
1120 1681 1271 1718 brachii
1317 1681 1508 1718 secularis
1552 1682 1612 1717 vel
1657 1681 1746 1729 plus

430 1740 606 1777 intentus
640 1741 853 1777 mundanis
888 1753 1008 1790 quam
1043 1739 1200 1789 expedit
1233 1741 1282 1776 ad
1316 1752 1431 1776 suum
1466 1738 1643 1776 officium
1678 1748 1745 1775 aut

429 1799 516 1846 plus
550 1799 688 1835 dolens
730 1812 803 1847 pro
843 1799 1008 1847 perditis
1050 1798 1354 1847 quibuscunque
1392 1797 1639 1834 secularibus
1678 1796 1802 1833 seu²5

429 1857 720 1904 temporalibus
751 1870 870 1905 quam
903 1870 975 1905 pro
1006 1857 1162 1893 defectu
1192 1855 1480 1904 complecionis
1510 1855 1600 1892 talis
1632 1854 1747 1891 mini-

429 1914 538 1951 sterii
578 1928 656 1951 non
698 1924 834 1963 peccet
881 1915 1053 1964 graviter
1091 1923 1172 1951 tam
1213 1927 1329 1951 suum
1372 1913 1636 1950 ministerium
1677 1914 1745 1949 ob-

431 1973 627 2010 mittendo
657 1986 777 2022 quam
809 1973 934 2010 eciam
966 1982 1046 2010 tarn
1079 1973 1323 2020 culpandum
1355 1971 1605 2020 propositum
1639 1983 1746 2007 com-

431 2030 640 2068 mittendo.

486 2089 629 2126 Tereia
653 2089 876 2126 conclusio:
892 2090 1010 2126 Tales
1033 2087 1177 2137 prelati
1199 2089 1259 2124 vel
1283 2086 1414 2124 clerici
1432 2087 1522 2124 licet
1536 2087 1747 2124 videantur
1764 2088 1806 2120 '50

430 2149 620 2195 prodesse
654 2147 830 2192 ecclesie,
866 2147 1047 2184 faciendo
1081 2155 1437 2194 quantumcunque
1471 2157 1571 2194 opus
1595 2146 1743 2181 bonum

432 2207 478 2242 de
519 2218 676 2253 genere,
710 2214 856 2241 nocent
895 2215 1028 2242 tamen
1070 2204 1234 2241 ecclesie
1274 2203 1464 2240 continue
1502 2205 1746 2240 demerendo

432 2276 551 2311 quam
593 2263 719 2300 eciam
761 2263 835 2299 sibi
874 2263 981 2311 ipsis.
1030 2265 1141 2299 Patet
1179 2274 1250 2310 per
1289 2261 1385 2298 illud
1426 2263 1531 2298 Luce
1569 2262 1659 2297 XI0:
1707 2261 1749 2296 Si

432 2323 563 2362 oculus
595 2329 682 2357 tuus
694 2322 824 2370 suerit
856 2334 1016 2370 nequam
1049 2321 1167 2357 eciam
1202 2333 1343 2369 corpus
1375 2327 1479 2355 tuum
1504 2320 1744 2356 tenebrosum

431 2380 514 2416 erit.
550 2381 626 2416 Sed
658 2392 746 2416 cum
773 2379 862 2416 talis
884 2388 1049 2427 propter
1072 2377 1313 2426 temporalia
1335 2377 1541 2426 postponit
1565 2389 1744 2413 amorem
1764 2378 1802 2411 35

431 2437 579 2474 Christi
625 2447 661 2474 et
706 2450 774 2474 sue
819 2437 997 2481 ecclesie,
1044 2445 1153 2485 patet
1193 2448 1313 2484 quam
1358 2447 1532 2484 nequam
1580 2443 1637 2471 est
1675 2447 1745 2471 sua

432 2495 606 2532 intencio
632 2504 668 2532 et
693 2508 761 2544 per
785 2507 1032 2544 consequens
1054 2504 1182 2531 totum
1214 2506 1359 2542 corpus
1384 2505 1546 2530 suorum
1577 2505 1743 2541 operum

432 2563 488 2590 est
523 2553 791 2602 proditorium
827 2555 933 2602 apud
968 2555 1111 2590 Deum.

499 2675 524 2703 3.
546 2675 615 2703 lili:
639 2675 818 2703 rectissime.
945 2685 974 2708 4.
996 2676 1038 2702 A:
1063 2675 1143 2702 linnc
1162 2675 1269 2708 legem.
1403 2673 1426 2701 5.
1451 2673 1518 2700 lblj:
1541 2673 1628 2701 aliter
1650 2673 1742 2700 deest.

429 2710 556 2746 9.A1›E
571 2710 599 2738 in
616 2718 729 2744 marg:
748 2710 848 2737 Prima
864 2709 934 2741 {DEl
949 2709 1116 2737 conclusio.
1174 2716 1212 2736 12.
1226 2709 1268 2736 A:
1286 2707 1408 2747 XXIX&
1466 2706 1504 2735 13.
1518 2708 1561 2735 A:
1579 2707 1744 2747 pecierunt.

430 2746 465 2774 15.
487 2746 532 2773 A:
554 2745 688 2772 honores
710 2745 905 2775 huiusmodi:
933 2744 972 2771 ib.
996 2744 1062 2772 nli:
1085 2744 1141 2771 ista
1163 2747 1326 2770 sentencia.
1414 2750 1451 2770 1-.
1474 2742 1557 2770 ΑΒΕ
1578 2751 1607 2770 111
1630 2750 1696 2769 mar
1708 2750 1742 2769 ’.ε

430 2780 571 2808 Secunda
585 2780 649 2811 εΑε)
663 2779 830 2806 conclusio.
870 2779 911 2807 23.
928 2779 996 2806 nE:
1015 2778 1137 2806 brachia
1154 2777 1326 2805 ministerii.
1365 2784 1412 2810 24.
1428 2760 1497 2804 issi:
1514 2777 1596 2816 quod
1612 2785 1686 2812 expe
1712 2776 1743 2804 it.

428 2815 470 2843 25.
486 2816 530 2842 A:
553 2814 741 2842 secularibus
762 2822 814 2841 seu
836 2814 934 2846 deest:
957 2813 996 2841 ib.
1014 2813 1131 2841 Codd.:
1153 2813 1279 2840 doleret.
1336 2819 1379 2844 27.
1397 2811 1464 2839 DE:
1489 2817 1619 2839 ssravitcr
1634 2815 1742 2838 toturn.

429 2849 475 2878 30.
497 2849 581 2877 ΑΗΕ
602 2849 631 2876 in
653 2857 766 2883 marga
788 2848 899 2876 Tereia
919 2848 991 2883 (Ae)
1011 2847 1179 2876 conclusio.
1254 2845 1300 2874 36.
1323 2846 1391 2874 mi:
1415 2832 1504 2881 qnmf
1520 2854 1664 2882 nequam.

508 2920 558 2953 10.
586 2920 638 2953 Cf.
665 2920 766 2964 Opus
791 2919 930 2963 Imperf.
957 2921 990 2952 in
1019 2918 1234 2952 Matthaeum
1266 2919 1367 2950 Hom.
1395 2918 1536 2951 XXXV.

1963 371 1986 662 ·1—nncfflffl··.·‘2
1968 329 1986 358 ,⁴
1973 310 1981 317 ·
1971 262 1986 289 ι’,
1960 62 1986 252 4-32oee‘*··¹··:
1965 32 1983 52 '-
1962 0 1986 22 ⁴„
