1986 3380
197 288 332 317 samio
353 278 482 332 xxxr]
670 288 882 322 SECUNDA
911 287 1036 319 PARS.

198 398 431 446 intelligitur
470 398 507 433 in
547 398 621 433 hoc
662 396 788 432 dicto:
825 395 879 430 Ita
913 401 947 430 et
981 406 1046 428 vos
1067 393 1193 441 facite
1225 393 1312 427 illis.
1355 392 1507 426 Debent

199 457 302 493 enim
349 469 488 492 omnes
528 454 710 491 homines
749 451 1112 501 proporcionaliter
1151 451 1279 486 facere
1319 448 1508 496 proximis

197 524 239 550 ut
284 515 428 550 debent
471 513 568 549 velle
614 511 701 547 illos
746 511 874 547 facere
919 509 991 546 sibi
1037 508 1143 556 ipsis.
1193 508 1304 544 Unde
1349 506 1387 542 in
1434 506 1509 541 isto

197 572 396 620 principio
442 571 630 607 fundatur
675 569 813 617 quinta
858 567 1003 616 peticio
1051 564 1250 602 oracionis
1296 563 1508 604 dominice,

165 631 291 666 5dum
339 638 494 666 oratur:
536 628 696 663 Dimitte
740 627 846 662 nobis
883 626 1006 662 debita
1046 632 1192 667 nostra,
1236 623 1333 659 sicut
1372 630 1406 658 et
1445 634 1511 657 nos

199 689 425 724 dimittimus
458 686 691 723 debitoribus
724 685 876 720 nostris.

256 748 309 782 Ex
347 754 459 793 parte
498 753 630 781 autem
679 742 915 778 mercenarii
961 740 1155 788 contingit
1201 752 1283 775 esse
1328 739 1509 774 fraudem

200 803 475 851 multiplicem,
510 811 551 838 ut
582 801 620 836 in
650 801 830 848 ingressu
856 800 1078 836 laborando
1103 811 1267 846 operam
1294 795 1510 840 servitoris,

198 862 237 898 in
262 874 475 910 progressu
510 860 734 896 fraudando
768 871 790 894 a
823 856 1071 905 plenitudine
1104 855 1236 904 operis
1271 864 1306 891 et
1341 853 1513 890 finaliter

146 933 183 953 10
198 920 422 956 fraudando
456 918 496 954 in
529 917 707 953 bonitate
730 915 875 964 operis.
909 917 1059 951 Contra
1083 927 1182 963 quos
1206 912 1384 961 loquitur
1408 913 1513 960 Apo-

199 978 323 1014 stolus
357 978 421 1021 (ad
455 977 713 1013 Colossenses
748 976 831 1019 1110,
858 976 925 1018 22)
959 974 1155 1009 mandans
1189 972 1296 1020 quod
1331 970 1407 1006 sint
1441 983 1513 1005 uon

198 1037 249 1072 ad
294 1036 443 1071 oculum
486 1034 695 1070 servientes
733 1032 843 1081 quasi
879 1031 1094 1067 lz‹·›nu'nibus
1127 1031 1325 1079 placentes
1368 1029 1436 1064 sed
1479 1028 1513 1063 in

198 1093 443 1143 simplicitate
464 1092 595 1128 cordis
618 1091 791 1126 timentes
816 1090 1036 1125 Dominum.
1078 1088 1339 1136 Quodcunque
1361 1086 1513 1135 facitis,

198 1151 339 1200 inquit,
371 1163 421 1187 ex
443 1151 568 1186 animo
592 1149 807 1199 operamini
827 1149 922 1184 sicut
946 1147 1112 1183 Domino
1136 1154 1170 1182 et
1194 1158 1265 1181 non
1289 1145 1515 1190 hominibus,

146 1211 182 1243 15
198 1210 358 1246 scientes
380 1210 481 1258 quod
504 1221 524 1244 α
550 1208 716 1243 Domino
740 1206 933 1256 accipietis
957 1205 1252 1241 retribucionem
1278 1203 1513 1239 hereditatis.

200 1268 366 1303 Domino
395 1267 550 1303 Christo
572 1266 733 1310 sei·1¹ite;
765 1265 828 1314 qui
858 1265 955 1300 enim
979 1262 1277 1311 iniurinnisacit
1300 1261 1457 1310 recipiet
1479 1261 1517 1295 icl

200 1327 302 1375 quod
317 1326 440 1373 inique
454 1325 574 1376 gessit
590 1332 625 1360 et
640 1336 711 1359 non
727 1331 781 1359 est
795 1335 1051 1372 personarum
1069 1321 1242 1370 accepcio
1258 1320 1362 1369 apud
1378 1320 1515 1354 Deum.

258 1387 300 1420 In
324 1383 466 1432 quibus
490 1382 618 1419 verbis
650 1381 856 1418 manifeste
885 1380 1065 1428 sequitur
1095 1392 1184 1415 cum
1219 1378 1294 1414 isto
1318 1376 1518 1425 principio

202 1442 293 1478 fidei
327 1443 434 1490 quod
468 1440 604 1476 omnia
638 1451 874 1488 quecunque
908 1438 1035 1474 fidelis
1069 1437 1204 1473 fecerit
1240 1437 1356 1472 debet
1390 1436 1518 1471 facere

144 1511 185 1532 20
201 1512 337 1536 coram
373 1501 456 1535 Deo
496 1511 541 1535 ac
581 1498 610 1534 si
651 1497 814 1533 serviret
849 1496 1010 1544 proprie
1050 1495 1124 1543 ipsi
1159 1497 1261 1539 Deo;
1297 1495 1403 1542 quod
1438 1505 1518 1528 non

201 1557 393 1594 servirent
427 1557 556 1593 solum
591 1564 834 1603 apparenter
867 1554 907 1590 in
940 1553 1147 1602 presencia
1181 1551 1443 1589 conducentis
1483 1559 1519 1586 et

200 1616 241 1652 in
270 1615 352 1652 eius
382 1614 568 1652 absencia
593 1615 823 1650 fraudantes
854 1614 902 1649 ab
932 1624 1067 1660 opere,
1092 1611 1185 1659 quia
1209 1619 1303 1646 tunc
1327 1609 1519 1645 servirent

200 1674 240 1710 in
273 1674 404 1710 cordis
439 1672 692 1721 duplicitate3
728 1673 835 1720 quod
869 1670 1080 1707 servicium
1114 1682 1195 1705 non
1228 1668 1412 1704 convenit
1437 1669 1520 1702 Deo

200 1744 307 1769 vero.
341 1732 525 1769 Secundo
550 1730 729 1778 sequitur
753 1730 860 1778 quod
889 1728 1104 1765 servientes
1128 1729 1273 1763 debent
1296 1725 1520 1762 locantibus

145 1791 184 1823 25
203 1790 372 1827 fideliter
410 1789 556 1826 servire
595 1787 795 1832 continue,
830 1787 923 1835 quia
963 1787 1107 1823 debent
1154 1785 1342 1821 continue
1375 1782 1521 1819 servire

202 1851 286 1885 Deo
321 1848 431 1885 cuius
471 1846 719 1896 presenciam
762 1847 906 1882 debent
946 1846 1108 1881 credere
1155 1845 1294 1880 adesse
1334 1841 1522 1878 continue

203 1916 238 1943 et
291 1915 418 1943 totam
478 1904 713 1954 qualitatem
774 1903 906 1952 operis
965 1916 1055 1939 cum
1107 1901 1336 1938 intencione
1389 1899 1521 1936 cordis

203 1964 423 2002 clarissime
446 1962 605 2000 intueri.
630 1962 671 2000 Si
687 1975 780 2011 ergo
798 1960 1069 1998 mercenarius
1087 1969 1253 2008 propter
1271 1957 1520 2007 presenciam

203 2022 378 2059 hominis
402 2022 565 2059 serviret
600 2021 783 2065 fideliter,
818 2028 967 2069 quanto
1006 2018 1131 2066 magis
1164 2026 1329 2066 propter
1362 2028 1522 2064 presen—

144 2082 187 2114 30
204 2081 306 2117 ciam
332 2080 402 2117 Dei
435 2079 635 2116 infinitum
671 2078 835 2115 maioris
868 2077 1021 2114 domini
1055 2085 1091 2113 et
1123 2085 1251 2112 totam
1286 2074 1520 2124 qualitatem

203 2138 335 2187 operis
366 2138 496 2175 verius
530 2137 832 2185 cognoscentis?
876 2138 966 2172 Non
999 2135 1105 2172 enim
1139 2136 1273 2171 subest
1306 2132 1415 2169 racio
1449 2131 1522 2167 nisi

202 2196 418 2233 infidelitas
459 2204 675 2232 excusaret.
709 2194 853 2231 Tercio
887 2202 997 2242 patet
1030 2194 1137 2242 quod
1173 2191 1344 2228 ministri
1378 2191 1523 2226 debent

202 2267 370 2304 pensare
386 2255 566 2291 laborem
590 2254 810 2290 secundum
835 2252 1038 2289 racionem
1055 2264 1134 2299 qua
1150 2249 1310 2287 Christo
1334 2247 1522 2286 serviunt.

203 2316 280 2350 Ista
313 2312 428 2358 enim⁴
453 2311 562 2349 racio
595 2311 805 2360 potissima
846 2309 1016 2347 maxime
1050 2318 1106 2346 est
1140 2308 1396 2352 attendenda,
1431 2305 1524 2355 quia

146 2375 185 2408 35
203 2371 234 2408 si
285 2370 459 2407 serviunt
505 2369 666 2406 Christo
717 2369 888 2406 fideliter
940 2368 1326 2417 <quomodocunque
1377 2364 1426 2401 sit
1477 2365 1525 2400 de

203 2429 376 2475 locante)
421 2441 503 2465 non
546 2436 714 2476 possunt
762 2440 784 2464 a
831 2427 1014 2463 mercede
1060 2424 1208 2462 Christi
1254 2423 1443 2468 deficere3
1489 2430 1525 2458 et

271 2574 296 2602 3.
312 2574 381 2602 DE:
403 2579 434 2602 ut
449 2574 554 2602 dicunt
569 2574 648 2602 illos.
722 2582 751 2606 4.
768 2573 810 2600 D:
834 2572 985 2605 secunda;
1006 2571 1030 2598 E
1045 2571 1179 2598 secunda
1194 2569 1327 2598 correxit
1342 2569 1390 2597 in:
1407 2569 1524 2605 quinta.

202 2619 229 2645 7.
250 2610 292 2637 D:
316 2614 400 2645 parte
420 2617 503 2636 vero.
572 2609 600 2640 8,
617 2617 646 2641 0.
662 2609 707 2636 A:
728 2607 899 2636 laborando
920 2623 953 2626 —
974 2615 1139 2642 progressu
1160 2605 1254 2633 deest.
1277 2605 1310 2632 In
1332 2608 1460 2632 tractatu
1483 2604 1526 2631 De

203 2654 254 2672 sex
275 2644 354 2679 iugis
373 2645 453 2679 leges
474 2643 600 2671 rectius:
618 2641 753 2671 locando
774 2651 901 2678 operam
922 2641 1091 2669 servitoris.
1144 2649 1173 2676 9.
1196 2641 1218 2667 E
1239 2641 1268 2667 in
1291 2648 1406 2674 marg:
1428 2639 1525 2666 Fraus

203 2688 238 2706 ex
260 2683 343 2714 parte
365 2679 563 2711 mercenarii;
593 2679 634 2706 ib.
656 2679 700 2705 A:
723 2677 907 2705 frandendo.
1026 2685 1055 2712 9.
1076 2677 1121 2703 A:
1145 2674 1336 2711 plenitudine
1358 2673 1525 2709 temporis:

203 2714 244 2741 ib.
266 2715 310 2753 ᾼῑ
331 2713 514 2752 fraufiendo.
590 2712 628 2740 13.
650 2713 720 2740 DE:
742 2720 934 2752 quecunque.
1001 2719 1043 2745 14.
1066 2711 1108 2738 D:
1131 2710 1183 2737 scd
1206 2709 1353 2737 Domino.
1423 2708 1463 2736 16.
1479 2709 1524 2736 A:

203 2753 371 2787 se1⁷v19nte3
398 2748 438 2775 1b.
459 2749 504 2776 A:
526 2748 597 2776 facit
616 2747 721 2781 twice;
752 2747 793 2774 lb.
814 2746 884 2774 DE:
906 2746 992 2773 illud.
1067 2746 1106 2773 18.
1129 2745 1153 2772 D
1175 2745 1206 2772 in
1229 2752 1342 2778 marg:
1366 2744 1434 2777 Qne
1455 2747 1526 2770 sunt

202 2783 402 2822 condiciones
422 2791 499 2817 quas
519 2783 608 2810 debet
628 2782 739 2810 habere
759 2790 867 2809 servus
889 2781 988 2808 bonus
1009 2780 1037 2808 in
1060 2779 1234 2807 serviendo.
1311 2787 1353 2814 19·
1370 2779 1413 2805 A:
1437 2778 1525 2804 debet

202 2822 300 2856 iacere
321 2817 415 2844 deest.
507 2824 552 2844 20.
574 2817 602 2844 A
622 2817 651 2844 in
673 2825 788 2852 marg:
812 2825 831 2843 1.
923 2823 962 2843 21.
984 2815 1052 2842 DE:
1075 2814 1220 2847 serviret;
1242 2813 1272 2841 in
1293 2817 1379 2840 tract.
1403 2812 1446 2839 De
1468 2820 1521 2839 sex

200 2853 302 2887 Jugis:
324 2852 478 2891 servierat.
552 2859 598 2885 24..
620 2852 648 2878 A
668 2851 697 2878 in
719 2859 833 2884 marcu:
856 2858 879 2876 ¹2.
953 2850 998 2877 28.
1020 2851 1063 2877 A:
1085 2850 1137 2878 Sic
1157 2857 1239 2883 ergo.
1314 2848 1360 2883 28,
1382 2855 1428 2882 29.
1449 2846 1519 2874 DE:

202 2895 381 2914 mercenarn
397 2908 404 2913 .
419 2908 425 2913 .
444 2907 449 2912 .
467 2907 472 2912 .
489 2886 658 2913 servirent.
677 2907 682 2912 .
699 2907 727 2913 ..
784 2880 822 2915 31.
847 2885 914 2914 DE:
937 2893 1059 2912 verum:
1081 2885 1121 2912 ib.
1139 2885 1205 2912 DE:
1227 2883 1324 2910 obest.
1382 2881 1426 2910 32.
1444 2881 1519 2909 Ain

203 2929 317 2957 marg:
337 2920 368 2956 3;
391 2921 431 2948 ib.
454 2920 496 2948 D:
518 2921 618 2948 debet.

1718 286 1735 309 ω

1747 275 1762 310 υ.)

1776 275 1791 309 υ)

1607 747 1725 773 Frands

1545 781 1722 808 committed
1747 781 1782 815 by

1581 817 1748 843 labonrcrs.

1590 1387 1639 1413 All
1663 1386 1748 1411 work

1540 1421 1649 1448 should
1673 1421 1707 1447 be
1729 1420 1807 1446 done

1569 1465 1601 1483 as
1623 1457 1669 1483 for
1692 1455 1771 1482 God.
