1986 3380
138 295 211 329 170

131 520 226 547 David
250 521 297 548 llic
315 521 402 555 lx'ing.

161 1042 227 1069 The
248 1042 359 1069 second

140 1076 275 1104 fotu-reem
299 1078 386 1104 made

155 1120 194 1147 up
216 1112 250 1139 (η’
269 1112 373 1147 lx'ings.

717 293 940 326 JOHANNJS
959 295 1142 326 WYC1.1F
1161 295 1415 327 SERMONUM
1451 280 1602 338 [SERMO
1625 295 1733 322 XXIII·

421 400 627 436 nominum
651 413 748 449 quas
772 414 956 448 suppono
980 400 1081 437 sicut
1105 411 1141 438 et
1163 403 1251 439 loca
1274 402 1314 439 in
1335 402 1478 451 quibus
1502 404 1734 453 genealogia

421 458 580 494 illorum
616 458 824 494 hominum
860 468 916 494 est
950 468 1120 506 reperta.

477 518 553 552 Sed
584 518 806 552 notandum
832 518 939 564 quod
962 517 1087 553 David
1112 531 1202 555 cum
1224 519 1427 555 Abraham
1453 519 1519 567 qui
1544 519 1733 557 inclusive

419 574 607 610 terminat
658 574 774 610 istam
826 576 1043 611 secundam
1096 585 1240 613 etatem
1295 576 1432 612 mundi
1477 586 1514 613 et
1560 578 1731 625 primam

419 633 707 680 quaterdenam
734 631 848 669 huius
871 632 1102 681 genealogie
1126 643 1290 671 vocatur
1313 647 1377 670 rex
1400 643 1566 683 propter
1591 637 1732 672 multa:
1751 638 1767 670 5

419 690 550 738 primo
590 690 682 738 quia
721 690 940 727 terminans
979 692 1080 728 hanc
1119 701 1264 729 etatem
1306 701 1342 728 et
1381 705 1517 740 regum
1558 693 1734 741 regimen

416 748 644 795 signancius
678 757 898 794 notaretur,
931 751 1107 786 secundo
1143 751 1193 787 ad
1223 750 1512 787 excludendum
1543 752 1733 799 regaliam

418 806 548 842 Saulis
582 806 661 854 qui,
696 805 787 842 licet
820 807 1054 854 precesserit
1093 808 1375 856 nuncupative,
1410 817 1546 845 tamen
1584 810 1733 846 solum-

418 865 539 900 modo
573 876 637 900 rex
670 873 726 900 est
761 864 902 910 dictus,
937 874 974 901 et
1007 866 1132 902 tercio
1171 868 1220 903 ad
1254 867 1528 903 denotandum
1562 867 1734 915 singula-

419 921 577 958 ritatem
621 921 767 970 regalie
801 923 926 959 David
969 936 1010 959 ex
1051 923 1400 972 predestinacione
1434 924 1624 973 regaliam
1660 925 1731 962 Dei
1753 939 1792 961 10

418 979 543 1028 patris
579 979 856 1028 multipliciter
890 981 1142 1029 figurantem.

475 1039 659 1074 Secunda
696 1040 943 1086 quaterdena
982 1041 1029 1076 de
1067 1040 1223 1087 regibus
1262 1041 1509 1088 amplectens
1548 1050 1732 1089 quartam

419 1104 564 1132 etatem
598 1096 720 1132 seculi
753 1106 889 1133 narrat
923 1100 1128 1146 quomodo
1166 1099 1294 1134 David
1322 1099 1457 1148 genuit
1489 1099 1732 1135 Salomonem

418 1155 465 1190 de
496 1154 689 1190 Bersabee
726 1167 802 1201 que
841 1154 1067 1191 intitulatur
1105 1156 1268 1192 nomine
1305 1156 1379 1192 viri
1417 1156 1490 1202 sui,
1524 1158 1573 1192 ad
1613 1158 1733 1193 deno-

417 1213 583 1248 tandum
643 1211 884 1248 adulterium
938 1222 974 1249 et
1026 1213 1289 1251 homicidium
1341 1213 1442 1261 regis
1487 1213 1632 1259 David,
1683 1216 1732 1251 ad
1755 1218 1790 1250 15

417 1271 691 1306 denotandum
716 1272 892 1306 secundo
926 1273 1132 1319 quomodo
1166 1281 1243 1309 stat
1275 1281 1486 1320 peccantes
1519 1281 1733 1320 quantum-

417 1340 573 1376 cunque
601 1327 774 1375 graviter
797 1331 1057 1376 postmodum
1083 1342 1165 1366 esse
1188 1338 1360 1375 sanctos,
1385 1330 1435 1366 ad
1459 1331 1732 1367 denotandum

416 1385 541 1422 tercio
571 1387 778 1434 quomodo
811 1395 925 1434 pater
954 1401 1034 1424 non
1068 1387 1244 1436 portabit
1273 1387 1526 1436 iniquitatem
1557 1388 1628 1424 filii
1660 1401 1733 1425 nec

417 1453 593 1480 econtra.
627 1444 809 1480 Salomon
831 1453 956 1482 autem
979 1446 1112 1496 genuit
1134 1447 1320 1491 Roboam‚
1354 1445 1394 1482 in
1418 1446 1528 1482 cuius
1551 1455 1733 1494 tempore

417 1501 585 1538 divisum
633 1510 689 1538 est
732 1514 897 1550 regnum
944 1512 1109 1552 propter
1152 1503 1381 1552 superbiam
1423 1503 1664 1541 dividentem
1710 1517 1791 1541 azo

417 1562 500 1596 Deo
557 1560 780 1607 signantem
832 1561 1021 1598 infamem
1073 1561 1272 1599 binarium
1326 1571 1362 1597 et
1412 1561 1729 1599 inconstanciam

417 1618 562 1665 regalie
587 1619 788 1654 mundane
804 1619 1056 1667 culpabiliter
1078 1620 1117 1656 in
1135 1620 1281 1656 Israhel
1302 1619 1542 1656 introducte.
1561 1621 1731 1656 Roboam

416 1684 541 1712 autem
580 1676 713 1726 genuit
744 1677 895 1724 Abiam,
933 1678 997 1726 qui
1026 1679 1118 1724 Asa,
1151 1678 1215 1727 qui
1243 1678 1444 1727 Josaplzat,
1489 1679 1553 1726 qui
1580 1679 1730 1714 Joram.

418 1737 521 1771 Inter
543 1736 678 1770 Joram
713 1743 750 1770 et
773 1735 912 1772 Oziam
946 1735 1189 1772 omittuntur
1221 1745 1300 1772 tres
1333 1748 1455 1783 reges,
1481 1748 1571 1773 cum
1594 1737 1730 1773 Joram

417 1791 551 1840 genuit
575 1792 808 1839 Ochoziam,
834 1793 1032 1830 Ochozias
1065 1794 1200 1842 genuit
1222 1795 1314 1830 Joas
1348 1803 1385 1830 et
1407 1795 1498 1831 Joas
1524 1794 1730 1831 Amasiam
1749 1798 1787 1830 25

418 1860 454 1887 et
487 1850 570 1898 ipse
605 1852 773 1898 ()s}*an];
814 1851 926 1887 cuius
960 1864 1121 1888 causam
1153 1853 1391 1900 „leronymus
1423 1851 1519 1888 dicit
1553 1864 1636 1889 esse
1668 1865 1731 1889 or-

416 1908 670 1945 dinacionem
687 1909 924 1945 observandi
940 1911 1158 1947 secundam
1175 1911 1463 1958 quaterdenam
1479 1910 1540 1947 vel
1554 1911 1730 1947 secundo

416 1975 580 2015 propter
623 1966 790 2003 istorum
833 1967 953 2004 trium
999 1981 1137 2016 regum
1184 1967 1453 2017 iniquitatem,
1499 1977 1567 2005 aut
1605 1968 1730 2005 tercio

415 2024 508 2073 quia
541 2026 675 2061 Joram
715 2025 870 2073 accepit
908 2038 1071 2062 uxorem
1111 2025 1233 2062 filiam
1274 2025 1510 2074 impiissime
1548 2026 1730 2074 ydolatre

413 2083 589 2127 Jezabe13
635 2082 726 2119 ideo
765 2096 988 2120 consonum
1027 2083 1100 2120 fuit
1138 2083 1335 2132 scripture
1374 2085 1481 2133 quod
1521 2084 1730 2132 puniretur
1747 2086 1789 2120 30

415 2140 454 2176 in
499 2141 612 2188 prole
666 2154 791 2189 usque
841 2143 891 2178 ad
936 2151 1121 2190 quartam
1165 2141 1492 2190 gene1·acioneni;
1538 2150 1575 2178 et
1619 2151 1729 2190 patet

414 2198 553 2245 logicis
593 2200 699 2246 quod
733 2199 924 2248 loquendi
955 2200 1101 2236 veritas
1140 2209 1197 2237 est
1230 2209 1397 2237 servata.
1435 2200 1570 2237 Joram
1603 2207 1730 2237 autem

412 2257 546 2307 genuit
589 2256 762 2294 mediate
807 2257 971 2309 Ossam,
1016 2258 1080 2307 qui
1112 2258 1265 2305 Joatan,
1309 2258 1373 2307 qui
1409 2258 1632 2311 Ezechiam,
1669 2258 1733 2307 qui

485 2399 504 2418 1.
525 2392 569 2418 A:
592 2399 687 2426 quos:
718 2391 758 2419 ib.
780 2392 824 2418 A:
846 2391 1067 2427 geneologiam.
1174 2400 1204 2426 4.
1226 2392 1270 2419 A:
1291 2391 1381 2419 islam
1403 2395 1504 2422 deest:
1525 2393 1569 2420 A:
1591 2392 1727 2420 terciam.

415 2424 442 2451 (ἱ.
465 2426 492 2453 Α
513 2425 541 2452 in
565 2434 676 2460 marg:
700 2434 725 2459 ις
754 2425 872 2461 primm
902 2426 926 2453 l)
950 2434 1119 2461 supcrscr.:
1141 2426 1171 2454 id
1193 2431 1248 2461 est,
1270 2430 1309 2453 ut.
1389 2434 1414 2462 7.
1436 2426 1536 2454 Codd.
1558 2427 1728 2460 seeundum

415 2459 453 2486 ib.
494 2461 519 2487 A
541 2459 569 2487 in
592 2469 708 2495 marga
730 2468 755 2488 2.
777 2459 875 2488 David
904 2460 1015 2488 dicitur
1043 2469 1093 2488 rex
1122 2469 1214 2489 causa
1243 2460 1371 2496 triplici:
1398 2461 1422 2488 li
1442 2461 1471 2488 in
1494 2469 1607 2497 marg:
1629 2461 1726 2488 David

415 2499 540 2521 vocatur
562 2503 612 2522 rex
632 2503 695 2522 cur.
768 2496 795 2522 8.
817 2495 885 2522 DE:
909 2495 1063 2530 precessit.
1144 2505 1173 2532 9.
1195 2496 1239 2523 A:
1261 2495 1387 2527 ductus:
1408 2495 1448 2523 ib.
1470 2496 1497 2523 A
1519 2495 1547 2523 in
1571 2504 1683 2531 marg:
1701 2495 1727 2523 3.

415 2536 452 2556 12.
473 2529 556 2556 ΑΗΕ
577 2529 606 2556 in
629 2538 742 2565 marg:
765 2530 906 2557 Secunda
927 2530 1123 2564 quaterdena.
1198 2538 1239 2564 Μ..
1261 2530 1287 2557 Α
1303 2529 1332 2557 in
1349 2538 1462 2565 marg.:
1481 2539 1506 2560 1:
1528 2530 1568 2558 ib.
1586 2530 1727 2558 1)1·::ut1·i

414 2563 470 2590 sui.
521 2564 560 2591 ni.
578 2565 605 2591 Α
621 2564 648 2591 in
668 2573 781 2598 marg:
803 2572 826 2591 2.
876 2563 914 2591 18.
930 2565 1004 2592 AD:
1021 2564 1114 2592 tercio
1129 2564 1228 2597 deest;
1251 2564 1290 2591 ib.
1307 2564 1378 2592 Ain
1395 2573 1509 2599 marg:
1526 2564 1550 2591 3.
1600 2564 1727 2593 23.1›E:

413 2607 447 2625 cx
469 2599 542 2625 Asa.
652 2607 698 2632 24.
721 2599 745 2626 Ι)
767 2599 796 2626 in
819 2607 931 2632 marga
955 2600 1059 2633 Quare
1079 2599 1285 2626 obmittantur
1305 2604 1365 2626 tres
1388 2607 1490 2633 reges:
1517 2599 1540 2626 κζ
1561 2599 1590 2627 in
1612 2608 1726 2635 marg:

413 2632 491 2660 Tres
513 2641 597 2667 reges
617 2634 802 2660 omittuntur
822 2633 850 2660 in
873 2634 1070 2668 quaterdena.
1190 2633 1235 2660 26.
1256 2634 1284 2661 Α
1306 2633 1334 2661 in
1357 2641 1468 2668 marga
1489 2634 1684 2670 Jeronymus.
1707 2643 1727 2662 ι.

414 2667 461 2698 26,
488 2674 531 2702 27.
561 2667 628 2695 Μῦς
659 2678 725 2695 csse
754 2668 916 2702 originem.
1059 2676 1103 2703 27-
1125 2669 1169 2696 A:
1200 2668 1343 2701 terciam3
1373 2667 1413 2695 ib.
1440 2669 1468 2696 A
1498 2668 1526 2696 in
1558 2677 1672 2703 marga
1702 2676 1727 2696 2.

414 2702 458 2729 28.
480 2703 507 2729 Λ
527 2702 556 2730 in
580 2709 692 2737 marg:
713 2702 738 2730 3.
812 2702 850 2730 31.
873 2702 940 2730 mc:
963 2711 1019 2738 pro
1041 2703 1143 2738 prom
1173 2703 1212 2730 ib.
1235 2703 1276 2730 I):
1297 2703 1518 2737 genealogiam.
1593 2702 1635 2731 33.
1658 2703 1725 2731 DE:

415 2736 575 2764 Ezechiam
598 2737 649 2772 qui
670 2738 763 2765 deest.

484 2820 536 2851 25.
564 2821 630 2852 See
657 2821 821 2852 Arnold's
853 2820 1010 2852 remarks
1044 2821 1064 2852 l.
1091 2830 1121 2852 c.
1147 2830 1224 2863 pag.
1254 2821 1330 2864 39¹·
1474 2821 1527 2854 33.
1556 2821 1725 2864 Vulgate:

416 2866 521 2909 Ozias
556 2870 675 2900 autem
712 2867 831 2908 genuit
867 2867 1049 2899 Joatham.
1082 2866 1251 2899 Joatham
1291 2871 1408 2899 autem
1439 2866 1563 2909 genuit
1594 2867 1726 2911 Achaz.

413 2913 531 2956 Achaz
555 2917 674 2946 autem
699 2913 824 2956 genuit
850 2913 1050 2956 Ezechiam.
