1986 3380
223 269 358 297 SERMO
380 259 476 316 xvr]
691 273 903 305 SECUNDA
931 274 1059 307 PARS.
1749 282 1759 304 ¹
1778 282 1822 317 I7

223 379 365 415 celeste
398 379 589 427 pabulum
628 378 688 415 vel
732 378 923 415 omittunt
970 389 1128 427 pastum
1173 380 1283 416 illum
1331 391 1398 417 aut
1443 382 1536 430 quia

222 437 326 473 illius
360 437 535 474 thesauri
568 449 611 473 ex
643 449 713 473 sua
757 436 931 474 stulticia
975 446 1066 474 sunt
1109 448 1286 486 expertes
1331 448 1398 475 aut
1441 440 1535 488 quia

222 496 452 531 thesaurum
498 503 703 543 receptum
754 495 794 530 in
840 495 1001 532 sudario
1054 496 1229 544 positum
1283 497 1535 534 abscondunt

223 553 328 589 circa
361 552 600 601 temporalia
632 552 798 600 negocia
831 566 873 589 ex
908 566 978 590 sua
1012 554 1186 590 avaricia
1218 555 1416 603 occupati.

190 613 205 644 ὃ
282 612 357 647 Sed
404 610 585 647 Christus
630 610 810 658 graciose
856 612 1068 648 consolans
1114 614 1274 648 Petrum
1326 614 1373 649 de
1425 613 1533 650 finali
1619 622 1752 650 Christus-

222 668 365 705 merito
399 670 506 716 quod
539 668 730 705 innuitive
762 670 922 716 petebat
955 679 991 705 et
1014 669 1194 706 Christus
1227 683 1249 707 a
1271 683 1431 707 summo
1463 684 1535 707 suo
1562 657 1772 720 propssgtceynas
1793 662 1822 685 to

221 726 371 763 vicario
416 726 646 775 requirebat
694 739 783 763 curn
832 727 1057 764 iuramento
1108 729 1158 764 ad
1202 728 1533 765 testificacionem

220 783 399 820 veritatis
431 784 600 821 asseruit
638 786 746 833 quod
785 797 869 821 cum
908 793 1005 821 esset
1042 786 1170 822 iunior
1207 787 1385 837 cingebat
1424 799 1462 823 se
1500 795 1535 823 et

221 843 442 878 ambulabat
479 843 543 879 ulai
573 843 734 889 volebat,
774 842 867 891 quia
906 843 997 879 licet
1030 853 1161 880 castus
1198 844 1316 880 fuerit
1347 845 1534 881 resecatis

167 912 206 934 10
222 899 447 948 superfluis,
481 909 610 937 totum
643 909 778 937 tamen
811 902 886 937 hoc
925 901 1114 938 instinctu
1148 902 1219 938 Dei
1258 902 1349 938 fecit
1389 911 1425 939 et
1464 915 1534 951 per

221 970 468 1006 consequens
490 958 726 1005 voluntarie,
752 972 833 995 non
857 968 1032 1005 coactus,
1057 960 1149 996 licet
1173 972 1215 996 ex
1230 973 1301 997 sua
1316 960 1534 998 insolencia

220 1016 337 1053 fuerit
370 1016 518 1064 pluries
551 1026 751 1065 evagatus.
794 1018 871 1053 Sed
908 1030 991 1053 cum
1031 1018 1216 1065 senueris,
1254 1018 1396 1067 inquit,
1435 1019 1535 1056 alius

220 1082 255 1110 te
286 1074 414 1124 cinget
446 1082 481 1111 et
513 1075 624 1111 ducet
655 1087 727 1124 quo
760 1083 798 1110 tu
837 1088 909 1112 non
956 1076 1021 1112 vis.
1069 1078 1146 1113 Sed
1185 1076 1367 1125 quamvis
1416 1089 1533 1113 evan—

219 1131 366 1180 gelium
401 1133 476 1170 hoc
508 1132 660 1170 indicat
691 1132 811 1170 fuisse
844 1133 994 1170 dictum
1040 1135 1090 1170 ad
1137 1134 1376 1182 signandum
1425 1137 1533 1183 quod

168 1194 202 1225 15
222 1199 349 1227 morte
389 1191 568 1239 martyrii
608 1193 748 1228 Petrus
788 1191 1080 1228 clarificaturus
1119 1201 1220 1237 esset
1259 1195 1400 1239 Deum,
1442 1202 1534 1230 sunt

219 1258 355 1285 tamen
387 1248 453 1298 qui
492 1248 706 1297 dupliciter
750 1249 855 1286 istud
900 1249 1144 1298 intelligunt:
1184 1250 1308 1299 aliqui
1346 1252 1454 1300 quod
1493 1251 1533 1288 in

219 1306 329 1343 senio
368 1319 494 1355 prope
532 1316 702 1343 mortem
736 1309 918 1344 extendet
956 1307 1215 1345 affeccionem
1254 1321 1367 1345 suam
1406 1309 1532 1346 lacius

220 1366 269 1401 ad
304 1365 539 1412 martyrium
572 1375 737 1413 propter
770 1366 972 1402 Christum
1007 1375 1044 1403 et
1076 1375 1206 1403 tortor
1237 1367 1366 1415 ipsum
1401 1367 1532 1415 cinget

219 1422 345 1470 ligans
379 1423 510 1459 cordis
544 1432 581 1459 et
614 1423 735 1460 clavis
768 1424 945 1471 affigens,
988 1434 1028 1460 ut
1068 1424 1225 1473 longior
1259 1434 1295 1461 et
1329 1425 1530 1462 crudelior

163 1493 201 1514 20
219 1481 319 1517 foret
352 1481 435 1517 eius
467 1480 600 1528 passio
629 1481 754 1517 instar
777 1482 937 1522 Christi,
972 1492 1008 1518 et
1041 1482 1095 1519 sic
1130 1484 1246 1520 ducet
1279 1484 1328 1519 ad
1358 1492 1530 1520 mortem

143 1577 150 1582 ,
218 1551 337 1587 quam
374 1540 512 1575 Petrus
544 1541 764 1576 secundum
802 1540 1025 1588 appetitum
1071 1540 1303 1577 sensitivum
1349 1543 1529 1578 nondum

155 1576 299 1639 01gvult
332 1598 399 1633 sed
444 1596 617 1634 instante
662 1597 846 1645 passione
875 1594 879 1649 Ι
908 1611 988 1634 non
1034 1598 1199 1634 dubium
1245 1599 1368 1647 gratis
1411 1601 1529 1636 volet.

148 1662 158 1666 '
219 1657 356 1691 Petrus
390 1664 523 1692 autem
564 1655 604 1691 in
644 1664 847 1692 senectute
886 1657 1060 1693 extendit
1099 1669 1241 1693 manus
1280 1670 1360 1693 non
1400 1658 1529 1694 solum

217 1715 265 1750 ad
301 1713 472 1750 maiores
506 1722 543 1750 et
577 1727 754 1750 summas
787 1726 930 1762 operas
965 1714 1143 1751 caritatis
1177 1716 1244 1751 sed
1268 1716 1388 1763 pedes
1414 1715 1530 1752 affec-

160 1772 199 1805 25
216 1771 342 1808 cionis
366 1780 403 1808 et
425 1784 465 1808 se
488 1781 615 1808 totum
640 1774 859 1809 secundum
885 1786 1029 1821 corpus
1053 1781 1090 1809 et
1113 1773 1290 1810 animam
1308 1773 1415 1809 dedit
1431 1775 1528 1810 Deo.

274 1832 321 1865 Et
356 1838 464 1878 patet
497 1843 540 1867 ex
580 1831 655 1867 hoc
694 1830 898 1878 evangelio
937 1831 1055 1879 plena
1095 1831 1278 1868 doctrina
1316 1831 1529 1879 pastoralis
1637 1839 1731 1867 What
1770 1875 1774 1879 ὁ

216 1887 338 1924 officii
372 1897 409 1924 et
432 1888 651 1925 infallibilis
676 1888 965 1926 determinacio
989 1889 1020 1926 si
1044 1898 1224 1938 pastores
1248 1889 1373 1926 nostri
1398 1889 1529 1926 debite
1556 1874 1748 1911 martyrdom
1768 1883 1804 1902 ¹⁵·

216 1948 344 1982 Deum
379 1956 528 1983 amant.
563 1946 603 1983 Si
638 1946 742 1983 enim
776 1956 915 1995 pastor
948 1948 1152 1984 Christum
1187 1947 1393 1989 amaverit,
1434 1957 1528 1985 tunc

216 2004 309 2040 facit
341 2004 483 2053 triplex
515 2004 621 2041 istud
655 2005 834 2042 officium
859 2015 895 2042 et
919 2014 1096 2043 econtra.
1130 2008 1177 2042 Et
1201 2015 1310 2054 patet
1333 2015 1526 2054 quantum

158 2064 201 2096 30
216 2062 398 2099 moderni
414 2072 595 2111 pastores
611 2072 793 2111 patenter
808 2064 1110 2112 prevaricantur
1124 2064 1164 2100 in
1179 2064 1310 2112 primo
1335 2066 1527 2101 mandato

216 2121 410 2169 decalogi3
444 2134 516 2158 nec
547 2122 651 2158 valet
689 2122 869 2159 obiectus
903 2124 1010 2171 quod
1044 2122 1308 2170 Evangelista‚
1350 2122 1527 2171 episcopi

215 2188 251 2215 et
285 2178 399 2215 multi
431 2179 498 2216 alii
521 2179 648 2216 sancti
671 2189 852 2228 pastores
876 2180 1063 2216 ordinum
1087 2193 1167 2217 non
1198 2190 1310 2217 erant
1334 2181 1527 2229 martyrio

214 2236 452 2283 consumati⁷
498 2238 591 2286 quia
636 2239 885 2275 extendendo
930 2251 1077 2275 nomen
1121 2238 1303 2286 martyrii
1348 2240 1424 2275 hoc
1469 2247 1528 2275 est

213 2295 370 2331 falsum.
405 2297 554 2332 Omnes
578 2295 684 2333 enim
709 2296 776 2345 qui
799 2296 839 2333 in
861 2296 995 2345 gracia
1019 2297 1246 2334 moriuntur
1268 2310 1341 2345 pro
1366 2297 1526 2334 Christo

157 2355 196 2390 35
214 2362 251 2389 et
284 2353 451 2390 ecclesia
483 2367 554 2390 sua
588 2363 679 2390 sunt
711 2363 906 2403 martyres
946 2363 983 2391 et
1021 2355 1247 2403 specialiter
1284 2354 1341 2391 illi
1380 2354 1448 2404 qui
1486 2355 1526 2391 in

213 2411 350 2448 labore
373 2412 585 2460 pastoralis
608 2412 730 2449 officii
755 2422 925 2449 mortem
949 2426 1062 2449 suam
1078 2414 1315 2450 accelerant.
1341 2412 1528 2450 Paciatur

214 2482 307 2517 ergo
340 2471 522 2517 garrulus
556 2470 631 2507 ista
664 2470 842 2508 obiciens
871 2480 1028 2508 tantum
1052 2483 1125 2520 pro
1148 2484 1264 2520 grege
1288 2471 1451 2508 Domini
1483 2480 1527 2508 ut

211 2528 413 2564 Johannes
446 2537 484 2565 et
515 2530 659 2566 doceat
702 2530 811 2578 quod
855 2529 1104 2566 confessores
1148 2529 1272 2579 aliqui
1315 2530 1376 2567 vel
1419 2529 1524 2566 beati

281 2660 310 2685 4.
331 2651 375 2678 A:
397 2656 536 2687 occupat.
610 2650 639 2679 6.
659 2651 729 2679 DE:
751 2651 833 2687 quod
855 2651 956 2685 deest;
977 2650 1019 2679 ib.
1041 2652 1082 2679 D:
1104 2652 1275 2680 immutive.
1370 2673 1374 2678 .
1399 2652 1464 2690 DE?
1486 2651 1523 2678 ad

212 2685 459 2713 detestacionem.
551 2694 584 2717 n,
605 2686 674 2714 DE:
696 2691 723 2714 et
743 2694 815 2714 non.
902 2685 939 2714 13,
961 2685 1028 2714 DE:
1049 2691 1081 2714 tu
1102 2686 1196 2714 deest.
1279 2695 1321 2721 14.
1373 2686 1523 2725 E².dlcat·

212 2729 255 2754 14,
272 2720 309 2748 15.
327 2720 393 2748 DE:
415 2729 475 2756 qua
490 2725 598 2748 morte.
662 2720 706 2749 23.
721 2721 746 2749 E
760 2722 791 2749 in
808 2729 920 2757 marg:
943 2721 1097 2749 Extendes
1118 2730 1229 2749 manus
1248 2725 1317 2749 tuas
1336 2721 1523 2757 intelllgltur.

211 2755 253 2783 25.
275 2755 342 2782 DE:
364 2756 409 2783 vel
430 2755 576 2783 animam.
697 2755 740 2784 33.
761 2757 790 2784 A
810 2756 839 2784 in
862 2765 975 2792 marg:
997 2756 1114 2793 Martyr
1133 2756 1284 2792 accipitur
1303 2755 1523 2791 multipliciter.

210 2789 255 2824 35,
274 2788 321 2817 36.
342 2790 412 2818 DE:
432 2798 469 2817 ex
487 2790 602 2818 labore.
715 2790 759 2827 37.
780 2791 820 2819 E:
842 2791 994 2825 abiciens;
1015 2792 1060 2820 A:
1080 2791 1239 2819 obediens.
1345 2790 1390 2818 38.
1411 2791 1455 2818 A:
1477 2791 1522 2817 vel

211 2825 334 2859 doceat3
362 2824 404 2852 ib.
424 2825 470 2853 A:
490 2825 537 2853 vel
557 2825 651 2853 deest.

282 2895 335 2928 33.
364 2896 417 2929 Cf.
445 2897 494 2929 De
520 2897 687 2940 Ecclesia,
715 2907 792 2941 pag.
817 2908 890 2942 172.
