<?xml version="1.0" encoding="UTF-8"?>
<!DOCTYPE html PUBLIC "-//W3C//DTD XHTML 1.0 Transitional//EN"
    "http://www.w3.org/TR/xhtml1/DTD/xhtml1-transitional.dtd">
<html xmlns="http://www.w3.org/1999/xhtml" xml:lang="en" lang="en">
 <head>
  <title>
</title>
<meta http-equiv="Content-Type" content="text/html;charset=utf-8" />
  <meta name='ocr-system' content='tesseract 3.04.00' />
  <meta name='ocr-capabilities' content='ocr_page ocr_carea ocr_par ocr_line ocrx_word'/>
</head>
<body>
  <div class='ocr_page' id='page_1' title='image "./iohanniswyclifse0702wycl_0057.png"; bbox 0 0 1986 3380; ppageno 0'>
   <div class='ocr_carea' id='block_1_1' title="bbox 207 301 1046 356">
    <p class='ocr_par' dir='ltr' id='par_1_1' title="bbox 207 301 1046 356">
     <span class='ocr_line' id='line_1_1' title="bbox 207 301 1046 356; baseline 0.007 -17"><span class='ocrx_word' id='word_1_1' title='bbox 207 312 342 339; x_wconf 65' lang='lat' dir='ltr'>seium</span> <span class='ocrx_word' id='word_1_2' title='bbox 364 301 430 356; x_wconf 71' lang='lat' dir='ltr'>ivl</span> <span class='ocrx_word' id='word_1_3' title='bbox 679 314 891 346; x_wconf 55' lang='lat' dir='ltr'>secuuoix</span> <span class='ocrx_word' id='word_1_4' title='bbox 923 314 1046 345; x_wconf 65' lang='lat' dir='ltr'>mas.</span> 
     </span>
    </p>
   </div>
   <div class='ocr_carea' id='block_1_2' title="bbox 207 419 1520 642">
    <p class='ocr_par' dir='ltr' id='par_1_2' title="bbox 207 419 1520 642">
     <span class='ocr_line' id='line_1_2' title="bbox 208 419 1519 467; baseline -0.001 -11"><span class='ocrx_word' id='word_1_5' title='bbox 208 420 431 456; x_wconf 79' lang='lat' dir='ltr'>necessaria</span> <span class='ocrx_word' id='word_1_6' title='bbox 464 433 569 456; x_wconf 88' lang='lat' dir='ltr'>nunc</span> <span class='ocrx_word' id='word_1_7' title='bbox 603 429 639 455; x_wconf 87' lang='lat' dir='ltr'>et</span> <span class='ocrx_word' id='word_1_8' title='bbox 672 432 850 467; x_wconf 70' lang='lat' dir='ltr'>semper:</span> <span class='ocrx_word' id='word_1_9' title='bbox 885 419 1098 455; x_wconf 82' lang='lat' dir='ltr'>circumsio</span> <span class='ocrx_word' id='word_1_10' title='bbox 1133 428 1265 455; x_wconf 82' lang='lat' dir='ltr'>autem</span> <span class='ocrx_word' id='word_1_11' title='bbox 1298 420 1519 467; x_wconf 75' lang='lat' dir='ltr'>corporalis</span> 
     </span>
     <span class='ocr_line' id='line_1_3' title="bbox 209 477 1520 525; baseline -0.002 -11"><span class='ocrx_word' id='word_1_12' title='bbox 209 487 264 514; x_wconf 84' lang='lat' dir='ltr'>est</span> <span class='ocrx_word' id='word_1_13' title='bbox 298 477 522 514; x_wconf 84' lang='lat' dir='ltr'>necessaria</span> <span class='ocrx_word' id='word_1_14' title='bbox 555 490 627 525; x_wconf 86' lang='lat' dir='ltr'>pro</span> <span class='ocrx_word' id='word_1_15' title='bbox 661 490 732 513; x_wconf 86' lang='lat' dir='ltr'>suo</span> <span class='ocrx_word' id='word_1_16' title='bbox 766 486 947 525; x_wconf 87' lang='lat' dir='ltr'>tempore</span> <span class='ocrx_word' id='word_1_17' title='bbox 987 477 1318 513; x_wconf 73' lang='lat' dir='ltr'>concurrentibus</span> <span class='ocrx_word' id='word_1_18' title='bbox 1358 477 1520 525; x_wconf 73' lang='lat' dir='ltr'>paribus</span> 
     </span>
     <span class='ocr_line' id='line_1_4' title="bbox 211 534 1519 582; baseline -0.001 -11"><span class='ocrx_word' id='word_1_19' title='bbox 211 538 292 572; x_wconf 79' lang='lat' dir='ltr'>Deo</span> <span class='ocrx_word' id='word_1_20' title='bbox 326 535 444 571; x_wconf 87' lang='lat' dir='ltr'>notis.</span> <span class='ocrx_word' id='word_1_21' title='bbox 479 534 544 570; x_wconf 84' lang='lat' dir='ltr'>Sic</span> <span class='ocrx_word' id='word_1_22' title='bbox 577 534 681 571; x_wconf 84' lang='lat' dir='ltr'>enim</span> <span class='ocrx_word' id='word_1_23' title='bbox 716 535 919 582; x_wconf 69' lang='lat' dir='ltr'>glosamus</span> <span class='ocrx_word' id='word_1_24' title='bbox 960 534 1142 571; x_wconf 83' lang='lat' dir='ltr'>striccius</span> <span class='ocrx_word' id='word_1_25' title='bbox 1181 534 1332 570; x_wconf 84' lang='lat' dir='ltr'>dictum</span> <span class='ocrx_word' id='word_1_26' title='bbox 1374 535 1519 571; x_wconf 77' lang='lat' dir='ltr'>Christi</span> 
     </span>
     <span class='ocr_line' id='line_1_5' title="bbox 207 593 1520 642; baseline -0.001 -14"><span class='ocrx_word' id='word_1_27' title='bbox 207 595 292 629; x_wconf 66' lang='lat' dir='ltr'>joh.</span> <span class='ocrx_word' id='word_1_28' title='bbox 328 596 412 638; x_wconf 78' lang='lat'>1110,</span> <span class='ocrx_word' id='word_1_29' title='bbox 445 594 485 629; x_wconf 80' lang='lat'>3:</span> <span class='ocrx_word' id='word_1_30' title='bbox 526 593 612 628; x_wconf 75' lang='lat' dir='ltr'>Nisi</span> <span class='ocrx_word' id='word_1_31' title='bbox 642 594 724 641; x_wconf 78' lang='lat' dir='ltr'>quis</span> <span class='ocrx_word' id='word_1_32' title='bbox 757 601 913 629; x_wconf 72' lang='lat' dir='ltr'>renatus</span> <span class='ocrx_word' id='word_1_33' title='bbox 934 594 1063 642; x_wconf 76' lang='lat' dir='ltr'>suerit</span> <span class='ocrx_word' id='word_1_34' title='bbox 1095 605 1146 628; x_wconf 72' lang='lat' dir='ltr'>ex</span> <span class='ocrx_word' id='word_1_35' title='bbox 1177 605 1274 640; x_wconf 72' lang='lat' dir='ltr'>aqua</span> <span class='ocrx_word' id='word_1_36' title='bbox 1308 600 1342 628; x_wconf 79' lang='lat' dir='ltr'>et</span> <span class='ocrx_word' id='word_1_37' title='bbox 1375 593 1520 641; x_wconf 73' lang='lat' dir='ltr'>Spiritu</span> 
     </span>
    </p>
   </div>
   <div class='ocr_carea' id='block_1_3' title="bbox 175 651 1521 701">
    <p class='ocr_par' dir='ltr' id='par_1_3' title="bbox 175 651 1521 701">
     <span class='ocr_line' id='line_1_6' title="bbox 175 651 1521 701; baseline 0.001 -18"><span class='ocrx_word' id='word_1_38' title='bbox 175 653 361 694; x_wconf 58' lang='lat' dir='ltr'>§Sanam</span> <span class='ocrx_word' id='word_1_39' title='bbox 395 664 466 686; x_wconf 77' lang='lat' dir='ltr'>non</span> <span class='ocrx_word' id='word_1_40' title='bbox 494 658 622 700; x_wconf 64' lang='lat' dir='ltr'>potest</span> <span class='ocrx_word' id='word_1_41' title='bbox 654 651 804 686; x_wconf 75' lang='lat' dir='ltr'>intrare</span> <span class='ocrx_word' id='word_1_42' title='bbox 825 652 860 686; x_wconf 85' lang='lat' dir='ltr'>in</span> <span class='ocrx_word' id='word_1_43' title='bbox 886 664 1049 701; x_wconf 63' lang='lat' dir='ltr'>regnum</span> <span class='ocrx_word' id='word_1_44' title='bbox 1075 651 1159 686; x_wconf 77' lang='lat' dir='ltr'>Dei.</span> <span class='ocrx_word' id='word_1_45' title='bbox 1194 651 1306 686; x_wconf 85' lang='lat' dir='ltr'>Vana</span> <span class='ocrx_word' id='word_1_46' title='bbox 1339 659 1395 686; x_wconf 89' lang='lat' dir='ltr'>est</span> <span class='ocrx_word' id='word_1_47' title='bbox 1429 664 1521 697; x_wconf 57' lang='lat' dir='ltr'>ergo</span> 
     </span>
    </p>
   </div>
   <div class='ocr_carea' id='block_1_4' title="bbox 158 955 192 973">
    <p class='ocr_par' dir='ltr' id='par_1_4' title="bbox 158 955 192 973">
     <span class='ocr_line' id='line_1_7' title="bbox 158 955 192 973; baseline -0.059 0"><span class='ocrx_word' id='word_1_48' title='bbox 158 955 192 973; x_wconf 85' lang='grc' dir='ltr'>Ι()</span> 
     </span>
    </p>
   </div>
   <div class='ocr_carea' id='block_1_5' title="bbox 157 1234 190 1264">
    <p class='ocr_par' dir='ltr' id='par_1_5' title="bbox 157 1234 190 1264">
     <span class='ocr_line' id='line_1_8' title="bbox 157 1234 190 1264; baseline 0.03 -1"><span class='ocrx_word' id='word_1_49' title='bbox 157 1234 190 1264; x_wconf 68' lang='grc'>15</span> 
     </span>
    </p>
   </div>
   <div class='ocr_carea' id='block_1_6' title="bbox 154 1809 192 1842">
    <p class='ocr_par' dir='ltr' id='par_1_6' title="bbox 154 1809 192 1842">
     <span class='ocr_line' id='line_1_9' title="bbox 154 1809 192 1842; baseline -0.026 0"><span class='ocrx_word' id='word_1_50' title='bbox 154 1809 192 1842; x_wconf 82' lang='grc'>25</span> 
     </span>
    </p>
   </div>
   <div class='ocr_carea' id='block_1_7' title="bbox 118 2009 196 2133">
    <p class='ocr_par' dir='ltr' id='par_1_7' title="bbox 118 2009 196 2133">
     <span class='ocr_line' id='line_1_10' title="bbox 121 2009 194 2039; baseline 0 0"><span class='ocrx_word' id='word_1_51' title='bbox 121 2009 194 2039; x_wconf 81' lang='lat' dir='ltr'>Fol.</span> 
     </span>
     <span class='ocr_line' id='line_1_11' title="bbox 118 2054 192 2093; baseline 0.014 -8"><span class='ocrx_word' id='word_1_52' title='bbox 118 2054 192 2093; x_wconf 80' lang='lat' dir='ltr'>187c</span> 
     </span>
     <span class='ocr_line' id='line_1_12' title="bbox 155 2101 196 2133; baseline -0.024 0"><span class='ocrx_word' id='word_1_53' title='bbox 155 2101 196 2133; x_wconf 86' lang='lat'>30</span> 
     </span>
    </p>
   </div>
   <div class='ocr_carea' id='block_1_8' title="bbox 153 2390 193 2423">
    <p class='ocr_par' dir='ltr' id='par_1_8' title="bbox 153 2390 193 2423">
     <span class='ocr_line' id='line_1_13' title="bbox 153 2390 193 2423; baseline 0 0"><span class='ocrx_word' id='word_1_54' title='bbox 153 2390 193 2423; x_wconf 86' lang='lat'>35</span> 
     </span>
    </p>
   </div>
   <div class='ocr_carea' id='block_1_9' title="bbox 208 708 1526 2554">
    <p class='ocr_par' dir='ltr' id='par_1_9' title="bbox 208 708 1525 1626">
     <span class='ocr_line' id='line_1_14' title="bbox 208 708 1523 757; baseline -0.002 -12"><span class='ocrx_word' id='word_1_55' title='bbox 208 708 436 745; x_wconf 86' lang='lat' dir='ltr'>sollicitudo</span> <span class='ocrx_word' id='word_1_56' title='bbox 452 721 529 757; x_wconf 89' lang='lat' dir='ltr'>qua</span> <span class='ocrx_word' id='word_1_57' title='bbox 546 708 691 745; x_wconf 86' lang='lat' dir='ltr'>curiosi</span> <span class='ocrx_word' id='word_1_58' title='bbox 707 709 907 756; x_wconf 83' lang='lat' dir='ltr'>superflue</span> <span class='ocrx_word' id='word_1_59' title='bbox 925 708 1206 745; x_wconf 77' lang='lat' dir='ltr'>machinantur</span> <span class='ocrx_word' id='word_1_60' title='bbox 1229 708 1295 756; x_wconf 91' lang='lat' dir='ltr'>qui</span> <span class='ocrx_word' id='word_1_61' title='bbox 1319 709 1523 744; x_wconf 78' lang='lat' dir='ltr'>salvantur</span> 
     </span>
     <span class='ocr_line' id='line_1_15' title="bbox 209 766 1524 815; baseline -0.001 -13"><span class='ocrx_word' id='word_1_62' title='bbox 209 776 245 803; x_wconf 87' lang='lat' dir='ltr'>et</span> <span class='ocrx_word' id='word_1_63' title='bbox 279 766 346 814; x_wconf 87' lang='lat' dir='ltr'>qui</span> <span class='ocrx_word' id='word_1_64' title='bbox 376 768 659 814; x_wconf 79' lang='lat' dir='ltr'>dampnantur.</span> <span class='ocrx_word' id='word_1_65' title='bbox 696 766 799 803; x_wconf 86' lang='lat' dir='ltr'>Satis</span> <span class='ocrx_word' id='word_1_66' title='bbox 825 766 984 815; x_wconf 89' lang='lat' dir='ltr'>quidem</span> <span class='ocrx_word' id='word_1_67' title='bbox 1011 775 1067 802; x_wconf 88' lang='lat' dir='ltr'>est</span> <span class='ocrx_word' id='word_1_68' title='bbox 1091 767 1198 814; x_wconf 87' lang='lat' dir='ltr'>quod</span> <span class='ocrx_word' id='word_1_69' title='bbox 1223 775 1429 802; x_wconf 79' lang='lat' dir='ltr'>teneamus</span> <span class='ocrx_word' id='word_1_70' title='bbox 1453 780 1524 801; x_wconf 83' lang='lat' dir='ltr'>nos</span> 
     </span>
     <span class='ocr_line' id='line_1_16' title="bbox 209 824 1523 872; baseline -0.001 -12"><span class='ocrx_word' id='word_1_71' title='bbox 209 824 248 860; x_wconf 87' lang='lat' dir='ltr'>in</span> <span class='ocrx_word' id='word_1_72' title='bbox 281 824 473 860; x_wconf 90' lang='lat' dir='ltr'>limitibus</span> <span class='ocrx_word' id='word_1_73' title='bbox 506 824 810 872; x_wconf 77' lang='lat' dir='ltr'>scripturarum.</span> <span class='ocrx_word' id='word_1_74' title='bbox 846 826 923 860; x_wconf 85' lang='lat' dir='ltr'>Sed</span> <span class='ocrx_word' id='word_1_75' title='bbox 947 824 1110 860; x_wconf 91' lang='lat' dir='ltr'>dubium</span> <span class='ocrx_word' id='word_1_76' title='bbox 1144 833 1201 860; x_wconf 90' lang='lat' dir='ltr'>est</span> <span class='ocrx_word' id='word_1_77' title='bbox 1233 832 1366 859; x_wconf 92' lang='lat' dir='ltr'>utrum</span> <span class='ocrx_word' id='word_1_78' title='bbox 1402 825 1523 859; x_wconf 86' lang='lat' dir='ltr'>homo</span> 
     </span>
     <span class='ocr_line' id='line_1_17' title="bbox 210 881 1522 930; baseline -0.001 -12"><span class='ocrx_word' id='word_1_79' title='bbox 210 884 325 918; x_wconf 88' lang='lat' dir='ltr'>debet</span> <span class='ocrx_word' id='word_1_80' title='bbox 364 881 582 918; x_wconf 88' lang='lat' dir='ltr'>sollicitare</span> <span class='ocrx_word' id='word_1_81' title='bbox 615 895 654 918; x_wconf 91' lang='lat' dir='ltr'>se</span> <span class='ocrx_word' id='word_1_82' title='bbox 689 884 738 918; x_wconf 90' lang='lat' dir='ltr'>ad</span> <span class='ocrx_word' id='word_1_83' title='bbox 772 882 1002 930; x_wconf 75' lang='lat' dir='ltr'>fugiendum</span> <span class='ocrx_word' id='word_1_84' title='bbox 1035 883 1096 918; x_wconf 84' lang='lat' dir='ltr'>vel</span> <span class='ocrx_word' id='word_1_85' title='bbox 1130 881 1394 918; x_wconf 86' lang='lat' dir='ltr'>resistendum</span> <span class='ocrx_word' id='word_1_86' title='bbox 1430 895 1522 917; x_wconf 87' lang='lat' dir='ltr'>con—</span> 
     </span>
     <span class='ocr_line' id='line_1_18' title="bbox 209 939 1523 988; baseline -0.001 -12"><span class='ocrx_word' id='word_1_87' title='bbox 209 940 354 985; x_wconf 79' lang='lat' dir='ltr'>trariis,</span> <span class='ocrx_word' id='word_1_88' title='bbox 380 949 417 976; x_wconf 89' lang='lat' dir='ltr'>et</span> <span class='ocrx_word' id='word_1_89' title='bbox 439 939 596 976; x_wconf 89' lang='lat' dir='ltr'>videtur</span> <span class='ocrx_word' id='word_1_90' title='bbox 621 941 727 988; x_wconf 89' lang='lat' dir='ltr'>quod</span> <span class='ocrx_word' id='word_1_91' title='bbox 752 953 844 983; x_wconf 73' lang='lat' dir='ltr'>non,</span> <span class='ocrx_word' id='word_1_92' title='bbox 878 940 970 988; x_wconf 84' lang='lat' dir='ltr'>quia</span> <span class='ocrx_word' id='word_1_93' title='bbox 995 941 1362 988; x_wconf 82' lang='lat' dir='ltr'>quomodocunque</span> <span class='ocrx_word' id='word_1_94' title='bbox 1387 939 1523 976; x_wconf 77' lang='lat' dir='ltr'>fecerit</span> 
     </span>
     <span class='ocr_line' id='line_1_19' title="bbox 209 997 1524 1046; baseline 0 -13"><span class='ocrx_word' id='word_1_95' title='bbox 209 1000 314 1034; x_wconf 82' lang='lat' dir='ltr'>Deus</span> <span class='ocrx_word' id='word_1_96' title='bbox 346 997 558 1035; x_wconf 88' lang='lat' dir='ltr'>necessitat</span> <span class='ocrx_word' id='word_1_97' title='bbox 589 999 651 1034; x_wconf 93' lang='lat' dir='ltr'>vel</span> <span class='ocrx_word' id='word_1_98' title='bbox 684 997 860 1046; x_wconf 81' lang='lat' dir='ltr'>disponit</span> <span class='ocrx_word' id='word_1_99' title='bbox 886 1011 958 1046; x_wconf 88' lang='lat' dir='ltr'>pro</span> <span class='ocrx_word' id='word_1_100' title='bbox 989 998 1143 1046; x_wconf 92' lang='lat' dir='ltr'>optimo</span> <span class='ocrx_word' id='word_1_101' title='bbox 1167 997 1255 1043; x_wconf 78' lang='lat' dir='ltr'>sibi,</span> <span class='ocrx_word' id='word_1_102' title='bbox 1290 1010 1382 1045; x_wconf 71' lang='lat' dir='ltr'>ergo</span> <span class='ocrx_word' id='word_1_103' title='bbox 1408 999 1524 1034; x_wconf 85' lang='lat' dir='ltr'>debet</span> 
     </span>
     <span class='ocr_line' id='line_1_20' title="bbox 210 1055 1521 1092; baseline -0.001 0"><span class='ocrx_word' id='word_1_104' title='bbox 210 1059 293 1092; x_wconf 90' lang='lat' dir='ltr'>Deo</span> <span class='ocrx_word' id='word_1_105' title='bbox 332 1055 530 1092; x_wconf 86' lang='lat' dir='ltr'>committi</span> <span class='ocrx_word' id='word_1_106' title='bbox 570 1055 775 1092; x_wconf 89' lang='lat' dir='ltr'>humiliter</span> <span class='ocrx_word' id='word_1_107' title='bbox 820 1065 904 1092; x_wconf 85' lang='lat' dir='ltr'>tota</span> <span class='ocrx_word' id='word_1_108' title='bbox 950 1056 1158 1092; x_wconf 77' lang='lat' dir='ltr'>ordinacio</span> <span class='ocrx_word' id='word_1_109' title='bbox 1204 1068 1342 1092; x_wconf 88' lang='lat' dir='ltr'>cursus</span> <span class='ocrx_word' id='word_1_110' title='bbox 1387 1055 1521 1092; x_wconf 90' lang='lat' dir='ltr'>seculi.</span> 
     </span>
     <span class='ocr_line' id='line_1_21' title="bbox 209 1113 1524 1162; baseline 0 -13"><span class='ocrx_word' id='word_1_111' title='bbox 209 1117 250 1150; x_wconf 88' lang='lat' dir='ltr'>In</span> <span class='ocrx_word' id='word_1_112' title='bbox 283 1113 515 1162; x_wconf 86' lang='lat' dir='ltr'>oppositum</span> <span class='ocrx_word' id='word_1_113' title='bbox 549 1123 684 1150; x_wconf 88' lang='lat' dir='ltr'>tamen</span> <span class='ocrx_word' id='word_1_114' title='bbox 717 1123 773 1150; x_wconf 88' lang='lat' dir='ltr'>est</span> <span class='ocrx_word' id='word_1_115' title='bbox 797 1114 946 1150; x_wconf 85' lang='lat' dir='ltr'>factum</span> <span class='ocrx_word' id='word_1_116' title='bbox 971 1113 1119 1151; x_wconf 82' lang='lat' dir='ltr'>Christi</span> <span class='ocrx_word' id='word_1_117' title='bbox 1148 1113 1215 1162; x_wconf 91' lang='lat' dir='ltr'>qui</span> <span class='ocrx_word' id='word_1_118' title='bbox 1246 1126 1317 1161; x_wconf 90' lang='lat' dir='ltr'>per</span> <span class='ocrx_word' id='word_1_119' title='bbox 1339 1123 1524 1161; x_wconf 86' lang='lat' dir='ltr'>parentes</span> 
     </span>
     <span class='ocr_line' id='line_1_22' title="bbox 210 1171 1524 1220; baseline 0 -13"><span class='ocrx_word' id='word_1_120' title='bbox 210 1171 361 1219; x_wconf 76' lang='lat' dir='ltr'>aufugit</span> <span class='ocrx_word' id='word_1_121' title='bbox 393 1171 433 1208; x_wconf 90' lang='lat' dir='ltr'>in</span> <span class='ocrx_word' id='word_1_122' title='bbox 465 1173 663 1220; x_wconf 81' lang='lat' dir='ltr'>Egyptum</span> <span class='ocrx_word' id='word_1_123' title='bbox 698 1180 734 1208; x_wconf 92' lang='lat' dir='ltr'>et</span> <span class='ocrx_word' id='word_1_124' title='bbox 767 1173 1018 1208; x_wconf 89' lang='lat' dir='ltr'>abscondens</span> <span class='ocrx_word' id='word_1_125' title='bbox 1057 1184 1097 1208; x_wconf 90' lang='lat' dir='ltr'>se</span> <span class='ocrx_word' id='word_1_126' title='bbox 1130 1171 1245 1208; x_wconf 85' lang='lat' dir='ltr'>exivit</span> <span class='ocrx_word' id='word_1_127' title='bbox 1279 1173 1326 1207; x_wconf 94' lang='lat' dir='ltr'>de</span> <span class='ocrx_word' id='word_1_128' title='bbox 1359 1172 1524 1219; x_wconf 79' lang='lat' dir='ltr'>templo,</span> 
     </span>
     <span class='ocr_line' id='line_1_23' title="bbox 209 1229 1525 1278; baseline -0.001 -12"><span class='ocrx_word' id='word_1_129' title='bbox 209 1243 345 1278; x_wconf 80' lang='lat' dir='ltr'>ymmo</span> <span class='ocrx_word' id='word_1_130' title='bbox 379 1231 495 1266; x_wconf 88' lang='lat' dir='ltr'>docet</span> <span class='ocrx_word' id='word_1_131' title='bbox 528 1243 620 1266; x_wconf 88' lang='lat' dir='ltr'>suos</span> <span class='ocrx_word' id='word_1_132' title='bbox 654 1229 885 1278; x_wconf 88' lang='lat' dir='ltr'>discipulos,</span> <span class='ocrx_word' id='word_1_133' title='bbox 921 1243 1011 1266; x_wconf 89' lang='lat' dir='ltr'>cum</span> <span class='ocrx_word' id='word_1_134' title='bbox 1046 1229 1140 1266; x_wconf 89' lang='lat' dir='ltr'>mali</span> <span class='ocrx_word' id='word_1_135' title='bbox 1173 1239 1435 1278; x_wconf 84' lang='lat' dir='ltr'>persecuntur</span> <span class='ocrx_word' id='word_1_136' title='bbox 1459 1243 1525 1266; x_wconf 84' lang='lat' dir='ltr'>eos</span> 
     </span>
     <span class='ocr_line' id='line_1_24' title="bbox 210 1287 1523 1336; baseline 0.001 -13"><span class='ocrx_word' id='word_1_137' title='bbox 210 1288 249 1323; x_wconf 94' lang='lat' dir='ltr'>in</span> <span class='ocrx_word' id='word_1_138' title='bbox 272 1301 350 1324; x_wconf 88' lang='lat' dir='ltr'>una</span> <span class='ocrx_word' id='word_1_139' title='bbox 374 1287 545 1334; x_wconf 82' lang='lat' dir='ltr'>civitate,</span> <span class='ocrx_word' id='word_1_140' title='bbox 570 1288 704 1336; x_wconf 76' lang='lat' dir='ltr'>fugere</span> <span class='ocrx_word' id='word_1_141' title='bbox 727 1287 768 1324; x_wconf 89' lang='lat' dir='ltr'>in</span> <span class='ocrx_word' id='word_1_142' title='bbox 791 1288 924 1333; x_wconf 80' lang='lat' dir='ltr'>aliam,</span> <span class='ocrx_word' id='word_1_143' title='bbox 950 1301 1086 1336; x_wconf 83' lang='lat' dir='ltr'>ymmo</span> <span class='ocrx_word' id='word_1_144' title='bbox 1109 1287 1184 1324; x_wconf 89' lang='lat' dir='ltr'>ista</span> <span class='ocrx_word' id='word_1_145' title='bbox 1207 1287 1344 1336; x_wconf 86' lang='lat' dir='ltr'>opinio</span> <span class='ocrx_word' id='word_1_146' title='bbox 1365 1289 1523 1324; x_wconf 86' lang='lat' dir='ltr'>lMach.</span> 
     </span>
     <span class='ocr_line' id='line_1_25' title="bbox 211 1345 1525 1393; baseline -0.001 -11"><span class='ocrx_word' id='word_1_147' title='bbox 211 1348 239 1382; x_wconf 92' lang='lat' dir='ltr'>ll</span> <span class='ocrx_word' id='word_1_148' title='bbox 265 1358 351 1393; x_wconf 84' lang='lat' dir='ltr'>cap.</span> <span class='ocrx_word' id='word_1_149' title='bbox 383 1345 598 1382; x_wconf 85' lang='lat' dir='ltr'>deridetur.</span> <span class='ocrx_word' id='word_1_150' title='bbox 633 1348 675 1382; x_wconf 89' lang='lat' dir='ltr'>In</span> <span class='ocrx_word' id='word_1_151' title='bbox 706 1359 852 1382; x_wconf 88' lang='lat' dir='ltr'>vanum</span> <span class='ocrx_word' id='word_1_152' title='bbox 887 1346 991 1382; x_wconf 88' lang='lat' dir='ltr'>enim</span> <span class='ocrx_word' id='word_1_153' title='bbox 1023 1347 1134 1382; x_wconf 85' lang='lat' dir='ltr'>daret</span> <span class='ocrx_word' id='word_1_154' title='bbox 1159 1347 1262 1382; x_wconf 88' lang='lat' dir='ltr'>Deus</span> <span class='ocrx_word' id='word_1_155' title='bbox 1296 1345 1525 1382; x_wconf 88' lang='lat' dir='ltr'>hominibus</span> 
     </span>
     <span class='ocr_line' id='line_1_26' title="bbox 210 1403 1525 1452; baseline 0 -13"><span class='ocrx_word' id='word_1_156' title='bbox 210 1403 469 1451; x_wconf 76' lang='lat' dir='ltr'>sagacitatem</span> <span class='ocrx_word' id='word_1_157' title='bbox 515 1413 633 1452; x_wconf 89' lang='lat' dir='ltr'>atque</span> <span class='ocrx_word' id='word_1_158' title='bbox 678 1404 939 1452; x_wconf 86' lang='lat' dir='ltr'>prudenciam</span> <span class='ocrx_word' id='word_1_159' title='bbox 985 1405 1034 1441; x_wconf 87' lang='lat' dir='ltr'>ad</span> <span class='ocrx_word' id='word_1_160' title='bbox 1085 1403 1367 1440; x_wconf 87' lang='lat' dir='ltr'>declinandum</span> <span class='ocrx_word' id='word_1_161' title='bbox 1420 1404 1525 1440; x_wconf 86' lang='lat' dir='ltr'>mala</span> 
     </span>
     <span class='ocr_line' id='line_1_27' title="bbox 211 1461 1522 1510; baseline 0 -13"><span class='ocrx_word' id='word_1_162' title='bbox 211 1474 310 1509; x_wconf 83' lang='lat' dir='ltr'>pene</span> <span class='ocrx_word' id='word_1_163' title='bbox 333 1461 410 1497; x_wconf 91' lang='lat' dir='ltr'>illis</span> <span class='ocrx_word' id='word_1_164' title='bbox 434 1461 649 1505; x_wconf 81' lang='lat' dir='ltr'>contraria,</span> <span class='ocrx_word' id='word_1_165' title='bbox 680 1461 755 1497; x_wconf 90' lang='lat' dir='ltr'>nisi</span> <span class='ocrx_word' id='word_1_166' title='bbox 778 1462 833 1498; x_wconf 90' lang='lat' dir='ltr'>sic</span> <span class='ocrx_word' id='word_1_167' title='bbox 857 1463 1027 1498; x_wconf 86' lang='lat' dir='ltr'>debeant</span> <span class='ocrx_word' id='word_1_168' title='bbox 1051 1462 1284 1510; x_wconf 69' lang='lat' dir='ltr'>practizare,</span> <span class='ocrx_word' id='word_1_169' title='bbox 1320 1475 1409 1498; x_wconf 89' lang='lat' dir='ltr'>cum</span> <span class='ocrx_word' id='word_1_170' title='bbox 1434 1461 1522 1498; x_wconf 86' lang='lat' dir='ltr'>finis</span> 
     </span>
     <span class='ocr_line' id='line_1_28' title="bbox 210 1519 1524 1568; baseline 0.001 -14"><span class='ocrx_word' id='word_1_171' title='bbox 210 1519 345 1566; x_wconf 76' lang='lat' dir='ltr'>gracia</span> <span class='ocrx_word' id='word_1_172' title='bbox 378 1519 489 1555; x_wconf 90' lang='lat' dir='ltr'>cuius</span> <span class='ocrx_word' id='word_1_173' title='bbox 522 1528 603 1555; x_wconf 88' lang='lat' dir='ltr'>tam</span> <span class='ocrx_word' id='word_1_174' title='bbox 638 1519 821 1556; x_wconf 89' lang='lat' dir='ltr'>homines</span> <span class='ocrx_word' id='word_1_175' title='bbox 855 1533 975 1568; x_wconf 87' lang='lat' dir='ltr'>quam</span> <span class='ocrx_word' id='word_1_176' title='bbox 1010 1519 1133 1556; x_wconf 89' lang='lat' dir='ltr'>bestie</span> <span class='ocrx_word' id='word_1_177' title='bbox 1168 1521 1314 1556; x_wconf 88' lang='lat' dir='ltr'>habent</span> <span class='ocrx_word' id='word_1_178' title='bbox 1347 1519 1443 1556; x_wconf 83' lang='lat' dir='ltr'>talia</span> <span class='ocrx_word' id='word_1_179' title='bbox 1476 1520 1524 1555; x_wconf 82' lang='lat' dir='ltr'>sit</span> 
     </span>
     <span class='ocr_line' id='line_1_29' title="bbox 212 1578 1101 1626; baseline 0 -13"><span class='ocrx_word' id='word_1_180' title='bbox 212 1578 288 1613; x_wconf 91' lang='lat' dir='ltr'>hoc</span> <span class='ocrx_word' id='word_1_181' title='bbox 321 1589 421 1624; x_wconf 89' lang='lat' dir='ltr'>opus</span> <span class='ocrx_word' id='word_1_182' title='bbox 455 1589 524 1625; x_wconf 89' lang='lat' dir='ltr'>per</span> <span class='ocrx_word' id='word_1_183' title='bbox 558 1579 668 1626; x_wconf 87' lang='lat' dir='ltr'>quod</span> <span class='ocrx_word' id='word_1_184' title='bbox 699 1578 876 1614; x_wconf 86' lang='lat' dir='ltr'>salvatur</span> <span class='ocrx_word' id='word_1_185' title='bbox 910 1578 1101 1614; x_wconf 88' lang='lat' dir='ltr'>seculum.</span> 
     </span>
    </p>

    <p class='ocr_par' dir='ltr' id='par_1_10' title="bbox 208 1634 1526 2554">
     <span class='ocr_line' id='line_1_30' title="bbox 268 1634 1523 1683; baseline 0.001 -12"><span class='ocrx_word' id='word_1_186' title='bbox 268 1637 310 1671; x_wconf 93' lang='lat' dir='ltr'>In</span> <span class='ocrx_word' id='word_1_187' title='bbox 342 1634 418 1671; x_wconf 86' lang='lat' dir='ltr'>isto</span> <span class='ocrx_word' id='word_1_188' title='bbox 453 1635 574 1671; x_wconf 89' lang='lat' dir='ltr'>dubio</span> <span class='ocrx_word' id='word_1_189' title='bbox 618 1637 792 1672; x_wconf 89' lang='lat' dir='ltr'>tenenda</span> <span class='ocrx_word' id='word_1_190' title='bbox 838 1644 894 1672; x_wconf 92' lang='lat' dir='ltr'>est</span> <span class='ocrx_word' id='word_1_191' title='bbox 939 1635 1101 1672; x_wconf 86' lang='lat' dir='ltr'>indubie</span> <span class='ocrx_word' id='word_1_192' title='bbox 1141 1648 1231 1683; x_wconf 89' lang='lat' dir='ltr'>pars</span> <span class='ocrx_word' id='word_1_193' title='bbox 1272 1635 1523 1681; x_wconf 76' lang='lat' dir='ltr'>affirmativa,</span> 
     </span>
     <span class='ocr_line' id='line_1_31' title="bbox 210 1693 1526 1739; baseline 0.002 -11"><span class='ocrx_word' id='word_1_194' title='bbox 210 1694 277 1729; x_wconf 89' lang='lat' dir='ltr'>sed</span> <span class='ocrx_word' id='word_1_195' title='bbox 312 1693 425 1728; x_wconf 91' lang='lat' dir='ltr'>multi</span> <span class='ocrx_word' id='word_1_196' title='bbox 459 1693 499 1729; x_wconf 92' lang='lat' dir='ltr'>in</span> <span class='ocrx_word' id='word_1_197' title='bbox 532 1702 708 1730; x_wconf 84' lang='lat' dir='ltr'>extremo</span> <span class='ocrx_word' id='word_1_198' title='bbox 741 1693 944 1739; x_wconf 78' lang='lat' dir='ltr'>deficiunt,</span> <span class='ocrx_word' id='word_1_199' title='bbox 978 1702 1020 1729; x_wconf 92' lang='lat' dir='ltr'>ut</span> <span class='ocrx_word' id='word_1_200' title='bbox 1054 1693 1107 1729; x_wconf 88' lang='lat' dir='ltr'>hii</span> <span class='ocrx_word' id='word_1_201' title='bbox 1139 1693 1292 1729; x_wconf 87' lang='lat' dir='ltr'>desides</span> <span class='ocrx_word' id='word_1_202' title='bbox 1326 1693 1408 1729; x_wconf 90' lang='lat' dir='ltr'>sine</span> <span class='ocrx_word' id='word_1_203' title='bbox 1441 1702 1526 1730; x_wconf 87' lang='lat' dir='ltr'>tota</span> 
     </span>
     <span class='ocr_line' id='line_1_32' title="bbox 210 1750 1524 1800; baseline -0.001 -13"><span class='ocrx_word' id='word_1_204' title='bbox 210 1751 426 1799; x_wconf 85' lang='lat' dir='ltr'>coagencia</span> <span class='ocrx_word' id='word_1_205' title='bbox 465 1751 702 1799; x_wconf 83' lang='lat' dir='ltr'>permittunt</span> <span class='ocrx_word' id='word_1_206' title='bbox 743 1764 882 1788; x_wconf 81' lang='lat' dir='ltr'>causas</span> <span class='ocrx_word' id='word_1_207' title='bbox 916 1751 1142 1800; x_wconf 84' lang='lat' dir='ltr'>superiores</span> <span class='ocrx_word' id='word_1_208' title='bbox 1177 1751 1360 1797; x_wconf 79' lang='lat' dir='ltr'>deficere,</span> <span class='ocrx_word' id='word_1_209' title='bbox 1401 1760 1438 1787; x_wconf 91' lang='lat' dir='ltr'>et</span> <span class='ocrx_word' id='word_1_210' title='bbox 1472 1750 1524 1787; x_wconf 88' lang='lat' dir='ltr'>hii</span> 
     </span>
     <span class='ocr_line' id='line_1_33' title="bbox 210 1808 1526 1857; baseline 0.001 -13"><span class='ocrx_word' id='word_1_211' title='bbox 210 1808 374 1845; x_wconf 89' lang='lat' dir='ltr'>dimissa</span> <span class='ocrx_word' id='word_1_212' title='bbox 407 1809 544 1857; x_wconf 77' lang='lat' dir='ltr'>regula</span> <span class='ocrx_word' id='word_1_213' title='bbox 576 1809 672 1857; x_wconf 78' lang='lat' dir='ltr'>legis</span> <span class='ocrx_word' id='word_1_214' title='bbox 707 1809 853 1846; x_wconf 88' lang='lat' dir='ltr'>Christi</span> <span class='ocrx_word' id='word_1_215' title='bbox 886 1809 1093 1846; x_wconf 87' lang='lat' dir='ltr'>luciferine</span> <span class='ocrx_word' id='word_1_216' title='bbox 1132 1810 1317 1846; x_wconf 88' lang='lat' dir='ltr'>laborant</span> <span class='ocrx_word' id='word_1_217' title='bbox 1357 1818 1400 1845; x_wconf 92' lang='lat' dir='ltr'>ut</span> <span class='ocrx_word' id='word_1_218' title='bbox 1438 1822 1526 1857; x_wconf 88' lang='lat' dir='ltr'>per-</span> 
     </span>
     <span class='ocr_line' id='line_1_34' title="bbox 208 1867 1525 1916; baseline -0.001 -12"><span class='ocrx_word' id='word_1_219' title='bbox 208 1875 364 1904; x_wconf 84' lang='lat' dir='ltr'>vertant</span> <span class='ocrx_word' id='word_1_220' title='bbox 397 1867 580 1903; x_wconf 88' lang='lat' dir='ltr'>ordinem</span> <span class='ocrx_word' id='word_1_221' title='bbox 615 1880 732 1916; x_wconf 88' lang='lat' dir='ltr'>quem</span> <span class='ocrx_word' id='word_1_222' title='bbox 758 1870 862 1904; x_wconf 90' lang='lat' dir='ltr'>Deus</span> <span class='ocrx_word' id='word_1_223' title='bbox 896 1867 1085 1913; x_wconf 87' lang='lat' dir='ltr'>instituit;</span> <span class='ocrx_word' id='word_1_224' title='bbox 1119 1877 1157 1904; x_wconf 88' lang='lat' dir='ltr'>et</span> <span class='ocrx_word' id='word_1_225' title='bbox 1180 1867 1219 1903; x_wconf 90' lang='lat' dir='ltr'>in</span> <span class='ocrx_word' id='word_1_226' title='bbox 1241 1867 1316 1904; x_wconf 88' lang='lat' dir='ltr'>ista</span> <span class='ocrx_word' id='word_1_227' title='bbox 1339 1867 1525 1915; x_wconf 87' lang='lat' dir='ltr'>superbia</span> 
     </span>
     <span class='ocr_line' id='line_1_35' title="bbox 210 1925 1525 1962; baseline 0.002 -2"><span class='ocrx_word' id='word_1_228' title='bbox 210 1925 341 1961; x_wconf 89' lang='lat' dir='ltr'>soluto</span> <span class='ocrx_word' id='word_1_229' title='bbox 374 1934 515 1962; x_wconf 88' lang='lat' dir='ltr'>satana</span> <span class='ocrx_word' id='word_1_230' title='bbox 547 1926 704 1962; x_wconf 87' lang='lat' dir='ltr'>laborat</span> <span class='ocrx_word' id='word_1_231' title='bbox 737 1925 855 1962; x_wconf 89' lang='lat' dir='ltr'>nimis</span> <span class='ocrx_word' id='word_1_232' title='bbox 894 1926 1063 1962; x_wconf 88' lang='lat' dir='ltr'>ecclesia</span> <span class='ocrx_word' id='word_1_233' title='bbox 1108 1925 1315 1962; x_wconf 90' lang='lat' dir='ltr'>hodierna.</span> <span class='ocrx_word' id='word_1_234' title='bbox 1361 1927 1410 1961; x_wconf 85' lang='lat' dir='ltr'>Et</span> <span class='ocrx_word' id='word_1_235' title='bbox 1454 1926 1525 1961; x_wconf 91' lang='lat' dir='ltr'>hec</span> 
     </span>
     <span class='ocr_line' id='line_1_36' title="bbox 211 1983 1526 2032; baseline 0.001 -13"><span class='ocrx_word' id='word_1_236' title='bbox 211 1991 267 2019; x_wconf 92' lang='lat' dir='ltr'>est</span> <span class='ocrx_word' id='word_1_237' title='bbox 301 1995 420 2020; x_wconf 88' lang='lat' dir='ltr'>causa</span> <span class='ocrx_word' id='word_1_238' title='bbox 452 1983 632 2020; x_wconf 88' lang='lat' dir='ltr'>omnium</span> <span class='ocrx_word' id='word_1_239' title='bbox 668 1984 876 2027; x_wconf 72' lang='lat' dir='ltr'>bellorum,</span> <span class='ocrx_word' id='word_1_240' title='bbox 917 1983 1210 2020; x_wconf 87' lang='lat' dir='ltr'>dissensionum</span> <span class='ocrx_word' id='word_1_241' title='bbox 1249 1993 1285 2020; x_wconf 91' lang='lat' dir='ltr'>et</span> <span class='ocrx_word' id='word_1_242' title='bbox 1318 1985 1526 2032; x_wconf 87' lang='lat' dir='ltr'>perturba-</span> 
     </span>
     <span class='ocr_line' id='line_1_37' title="bbox 211 2040 1525 2093; baseline 0 -16"><span class='ocrx_word' id='word_1_243' title='bbox 211 2040 366 2077; x_wconf 86' lang='lat' dir='ltr'>cionem</span> <span class='ocrx_word' id='word_1_244' title='bbox 402 2041 578 2087; x_wconf 85' lang='lat' dir='ltr'>ecclesie,</span> <span class='ocrx_word' id='word_1_245' title='bbox 613 2041 714 2078; x_wconf 89' lang='lat' dir='ltr'>sicut</span> <span class='ocrx_word' id='word_1_246' title='bbox 748 2042 942 2079; x_wconf 86' lang='lat' dir='ltr'>Dominus</span> <span class='ocrx_word' id='word_1_247' title='bbox 981 2041 1250 2091; x_wconf 88' lang='lat' dir='ltr'>prophetavit.</span> <span class='ocrx_word' id='word_1_248' title='bbox 1286 2040 1290 2093; x_wconf 69' lang='grc' dir='ltr'>Ι</span> <span class='ocrx_word' id='word_1_249' title='bbox 1325 2043 1525 2078; x_wconf 88' lang='lat' dir='ltr'>Debemus</span> 
     </span>
     <span class='ocr_line' id='line_1_38' title="bbox 211 2099 1525 2147; baseline 0 -12"><span class='ocrx_word' id='word_1_250' title='bbox 211 2099 317 2135; x_wconf 90' lang='lat' dir='ltr'>enim</span> <span class='ocrx_word' id='word_1_251' title='bbox 357 2111 474 2147; x_wconf 84' lang='lat' dir='ltr'>agere</span> <span class='ocrx_word' id='word_1_252' title='bbox 513 2101 733 2136; x_wconf 88' lang='lat' dir='ltr'>secundum</span> <span class='ocrx_word' id='word_1_253' title='bbox 778 2100 1010 2137; x_wconf 88' lang='lat' dir='ltr'>interiorem</span> <span class='ocrx_word' id='word_1_254' title='bbox 1056 2099 1276 2146; x_wconf 88' lang='lat' dir='ltr'>hominem,</span> <span class='ocrx_word' id='word_1_255' title='bbox 1321 2100 1525 2136; x_wconf 88' lang='lat' dir='ltr'>laudando</span> 
     </span>
     <span class='ocr_line' id='line_1_39' title="bbox 211 2157 1526 2206; baseline 0 -13"><span class='ocrx_word' id='word_1_256' title='bbox 211 2159 339 2193; x_wconf 90' lang='lat' dir='ltr'>Deum</span> <span class='ocrx_word' id='word_1_257' title='bbox 374 2166 410 2194; x_wconf 89' lang='lat' dir='ltr'>et</span> <span class='ocrx_word' id='word_1_258' title='bbox 443 2159 618 2194; x_wconf 86' lang='lat' dir='ltr'>amando</span> <span class='ocrx_word' id='word_1_259' title='bbox 652 2158 897 2206; x_wconf 82' lang='lat' dir='ltr'>proximum.</span> <span class='ocrx_word' id='word_1_260' title='bbox 932 2160 1010 2195; x_wconf 85' lang='lat' dir='ltr'>Sed</span> <span class='ocrx_word' id='word_1_261' title='bbox 1044 2159 1265 2195; x_wconf 86' lang='lat' dir='ltr'>secundum</span> <span class='ocrx_word' id='word_1_262' title='bbox 1290 2157 1526 2195; x_wconf 85' lang='lat' dir='ltr'>exteriorem</span> 
     </span>
     <span class='ocr_line' id='line_1_40' title="bbox 211 2215 1526 2264; baseline 0 -13"><span class='ocrx_word' id='word_1_263' title='bbox 211 2216 356 2251; x_wconf 90' lang='lat' dir='ltr'>debent</span> <span class='ocrx_word' id='word_1_264' title='bbox 388 2215 507 2252; x_wconf 89' lang='lat' dir='ltr'>activi</span> <span class='ocrx_word' id='word_1_265' title='bbox 530 2217 716 2253; x_wconf 90' lang='lat' dir='ltr'>laborare</span> <span class='ocrx_word' id='word_1_266' title='bbox 738 2225 781 2252; x_wconf 93' lang='lat' dir='ltr'>ut</span> <span class='ocrx_word' id='word_1_267' title='bbox 804 2217 978 2253; x_wconf 86' lang='lat' dir='ltr'>habeant</span> <span class='ocrx_word' id='word_1_268' title='bbox 1000 2218 1107 2253; x_wconf 89' lang='lat' dir='ltr'>unde</span> <span class='ocrx_word' id='word_1_269' title='bbox 1129 2216 1309 2253; x_wconf 87' lang='lat' dir='ltr'>tribuant</span> <span class='ocrx_word' id='word_1_270' title='bbox 1331 2215 1526 2264; x_wconf 79' lang='lat' dir='ltr'>indigenti</span> 
     </span>
     <span class='ocr_line' id='line_1_41' title="bbox 211 2273 1525 2323; baseline 0.001 -14"><span class='ocrx_word' id='word_1_271' title='bbox 211 2281 247 2309; x_wconf 91' lang='lat' dir='ltr'>et</span> <span class='ocrx_word' id='word_1_272' title='bbox 279 2273 491 2321; x_wconf 88' lang='lat' dir='ltr'>apostolici</span> <span class='ocrx_word' id='word_1_273' title='bbox 525 2274 834 2322; x_wconf 81' lang='lat' dir='ltr'>evangelizando</span> <span class='ocrx_word' id='word_1_274' title='bbox 879 2277 1097 2323; x_wconf 87' lang='lat' dir='ltr'>prudenter</span> <span class='ocrx_word' id='word_1_275' title='bbox 1142 2283 1179 2311; x_wconf 87' lang='lat' dir='ltr'>et</span> <span class='ocrx_word' id='word_1_276' title='bbox 1223 2275 1317 2310; x_wconf 86' lang='lat' dir='ltr'>dum</span> <span class='ocrx_word' id='word_1_277' title='bbox 1363 2273 1525 2322; x_wconf 89' lang='lat' dir='ltr'>spiritus</span> 
     </span>
     <span class='ocr_line' id='line_1_42' title="bbox 210 2330 1525 2380; baseline 0.002 -14"><span class='ocrx_word' id='word_1_278' title='bbox 210 2330 381 2367; x_wconf 89' lang='lat' dir='ltr'>consulit</span> <span class='ocrx_word' id='word_1_279' title='bbox 424 2331 612 2380; x_wconf 83' lang='lat' dir='ltr'>fugiendo</span> <span class='ocrx_word' id='word_1_280' title='bbox 656 2342 944 2380; x_wconf 84' lang='lat' dir='ltr'>persecutores,</span> <span class='ocrx_word' id='word_1_281' title='bbox 991 2334 1084 2369; x_wconf 90' lang='lat' dir='ltr'>dum</span> <span class='ocrx_word' id='word_1_282' title='bbox 1130 2341 1263 2369; x_wconf 89' lang='lat' dir='ltr'>autem</span> <span class='ocrx_word' id='word_1_283' title='bbox 1298 2341 1525 2369; x_wconf 88' lang='lat' dir='ltr'>commovet</span> 
     </span>
     <span class='ocr_line' id='line_1_43' title="bbox 210 2390 1525 2439; baseline 0.002 -15"><span class='ocrx_word' id='word_1_284' title='bbox 210 2401 354 2437; x_wconf 91' lang='lat' dir='ltr'>penam</span> <span class='ocrx_word' id='word_1_285' title='bbox 389 2398 425 2425; x_wconf 91' lang='lat' dir='ltr'>et</span> <span class='ocrx_word' id='word_1_286' title='bbox 459 2398 629 2426; x_wconf 87' lang='lat' dir='ltr'>mortem</span> <span class='ocrx_word' id='word_1_287' title='bbox 671 2390 989 2427; x_wconf 84' lang='lat' dir='ltr'>crudelissimam</span> <span class='ocrx_word' id='word_1_288' title='bbox 1035 2390 1233 2439; x_wconf 89' lang='lat' dir='ltr'>paciendo</span> <span class='ocrx_word' id='word_1_289' title='bbox 1278 2399 1315 2427; x_wconf 88' lang='lat' dir='ltr'>et</span> <span class='ocrx_word' id='word_1_290' title='bbox 1358 2390 1525 2427; x_wconf 86' lang='lat' dir='ltr'>omnino</span> 
     </span>
     <span class='ocr_line' id='line_1_44' title="bbox 210 2448 1525 2497; baseline 0.002 -15"><span class='ocrx_word' id='word_1_291' title='bbox 210 2448 430 2483; x_wconf 89' lang='lat' dir='ltr'>secundum</span> <span class='ocrx_word' id='word_1_292' title='bbox 463 2460 608 2496; x_wconf 88' lang='lat' dir='ltr'>corpus</span> <span class='ocrx_word' id='word_1_293' title='bbox 640 2448 740 2484; x_wconf 85' lang='lat' dir='ltr'>nulli</span> <span class='ocrx_word' id='word_1_294' title='bbox 773 2448 1028 2497; x_wconf 87' lang='lat' dir='ltr'>persequenti</span> <span class='ocrx_word' id='word_1_295' title='bbox 1061 2448 1281 2485; x_wconf 85' lang='lat' dir='ltr'>resistendo</span> <span class='ocrx_word' id='word_1_296' title='bbox 1318 2450 1376 2496; x_wconf 88' lang='lat' dir='ltr'>(ut</span> <span class='ocrx_word' id='word_1_297' title='bbox 1409 2449 1525 2484; x_wconf 91' lang='lat' dir='ltr'>docet</span> 
     </span>
     <span class='ocr_line' id='line_1_45' title="bbox 211 2504 1523 2554; baseline 0 -13"><span class='ocrx_word' id='word_1_298' title='bbox 211 2504 459 2552; x_wconf 81' lang='lat' dir='ltr'>evangelium</span> <span class='ocrx_word' id='word_1_299' title='bbox 483 2506 625 2542; x_wconf 89' lang='lat' dir='ltr'>Matth.</span> <span class='ocrx_word' id='word_1_300' title='bbox 641 2508 732 2554; x_wconf 79' lang='lat' dir='ltr'>V0);</span> <span class='ocrx_word' id='word_1_301' title='bbox 757 2508 956 2543; x_wconf 89' lang='lat' dir='ltr'>seculares</span> <span class='ocrx_word' id='word_1_302' title='bbox 980 2515 1113 2543; x_wconf 89' lang='lat' dir='ltr'>autem</span> <span class='ocrx_word' id='word_1_303' title='bbox 1139 2508 1283 2543; x_wconf 88' lang='lat' dir='ltr'>debent</span> <span class='ocrx_word' id='word_1_304' title='bbox 1307 2506 1523 2543; x_wconf 89' lang='lat' dir='ltr'>manuduci</span> 
     </span>
    </p>
   </div>
   <div class='ocr_carea' id='block_1_10' title="bbox 281 2662 1523 2699">
    <p class='ocr_par' dir='ltr' id='par_1_11' title="bbox 281 2662 1523 2699">
     <span class='ocr_line' id='line_1_46' title="bbox 281 2662 1523 2699; baseline 0 -10"><span class='ocrx_word' id='word_1_305' title='bbox 281 2671 300 2689; x_wconf 93' lang='lat'>1.</span> <span class='ocrx_word' id='word_1_306' title='bbox 331 2662 370 2689; x_wconf 87' lang='lat' dir='ltr'>E:</span> <span class='ocrx_word' id='word_1_307' title='bbox 401 2667 502 2690; x_wconf 87' lang='lat' dir='ltr'>autem</span> <span class='ocrx_word' id='word_1_308' title='bbox 534 2663 634 2693; x_wconf 80' lang='lat' dir='ltr'>deest:</span> <span class='ocrx_word' id='word_1_309' title='bbox 665 2663 704 2690; x_wconf 89' lang='lat' dir='ltr'>ib.</span> <span class='ocrx_word' id='word_1_310' title='bbox 736 2663 777 2690; x_wconf 89' lang='lat' dir='ltr'>D:</span> <span class='ocrx_word' id='word_1_311' title='bbox 801 2664 964 2696; x_wconf 68' lang='lat' dir='ltr'>naturalis:</span> <span class='ocrx_word' id='word_1_312' title='bbox 995 2663 1034 2690; x_wconf 87' lang='lat' dir='ltr'>ib.</span> <span class='ocrx_word' id='word_1_313' title='bbox 1056 2664 1084 2691; x_wconf 99' lang='lat' dir='ltr'><strong>A</strong></span> <span class='ocrx_word' id='word_1_314' title='bbox 1114 2664 1143 2691; x_wconf 85' lang='grc'>111</span> <span class='ocrx_word' id='word_1_315' title='bbox 1174 2672 1288 2699; x_wconf 62' lang='lat' dir='ltr'>marg:</span> <span class='ocrx_word' id='word_1_316' title='bbox 1319 2663 1523 2691; x_wconf 81' lang='lat' dir='ltr'>Circumcisio</span> 
     </span>
    </p>
   </div>
   <div class='ocr_carea' id='block_1_11' title="bbox 209 2696 1523 2942">
    <p class='ocr_par' dir='ltr' id='par_1_12' title="bbox 209 2696 1523 2942">
     <span class='ocr_line' id='line_1_47' title="bbox 210 2696 1523 2733; baseline 0 -10"><span class='ocrx_word' id='word_1_317' title='bbox 210 2696 333 2731; x_wconf 80' lang='lat' dir='ltr'>duplex.</span> <span class='ocrx_word' id='word_1_318' title='bbox 450 2697 474 2725; x_wconf 77' lang='lat'>5.</span> <span class='ocrx_word' id='word_1_319' title='bbox 495 2698 538 2724; x_wconf 86' lang='lat' dir='ltr'>A:</span> <span class='ocrx_word' id='word_1_320' title='bbox 561 2706 632 2732; x_wconf 80' lang='lat' dir='ltr'>ergo</span> <span class='ocrx_word' id='word_1_321' title='bbox 654 2698 746 2725; x_wconf 81' lang='lat' dir='ltr'>deest.</span> <span class='ocrx_word' id='word_1_322' title='bbox 865 2698 891 2725; x_wconf 75' lang='lat' dir='ltr'>S.</span> <span class='ocrx_word' id='word_1_323' title='bbox 915 2698 938 2724; x_wconf 81' lang='grc' dir='ltr'>Ι)</span> <span class='ocrx_word' id='word_1_324' title='bbox 960 2698 989 2725; x_wconf 82' lang='grc'>111</span> <span class='ocrx_word' id='word_1_325' title='bbox 1012 2707 1125 2733; x_wconf 73' lang='lat' dir='ltr'>marg..-</span> <span class='ocrx_word' id='word_1_326' title='bbox 1149 2698 1282 2726; x_wconf 76' lang='lat' dir='ltr'>Dubium</span> <span class='ocrx_word' id='word_1_327' title='bbox 1305 2703 1406 2725; x_wconf 86' lang='lat' dir='ltr'>utrum</span> <span class='ocrx_word' id='word_1_328' title='bbox 1430 2698 1523 2724; x_wconf 81' lang='lat' dir='ltr'>bomo</span> 
     </span>
     <span class='ocr_line' id='line_1_48' title="bbox 211 2731 1522 2768; baseline 0 -10"><span class='ocrx_word' id='word_1_329' title='bbox 211 2731 298 2758; x_wconf 89' lang='lat' dir='ltr'>debet</span> <span class='ocrx_word' id='word_1_330' title='bbox 317 2731 420 2766; x_wconf 69' lang='lat' dir='ltr'>fugere</span> <span class='ocrx_word' id='word_1_331' title='bbox 441 2731 469 2759; x_wconf 88' lang='grc'>111</span> <span class='ocrx_word' id='word_1_332' title='bbox 492 2733 719 2767; x_wconf 82' lang='lat' dir='ltr'>persecucione.</span> <span class='ocrx_word' id='word_1_333' title='bbox 779 2741 811 2759; x_wconf 89' lang='lat'>11.</span> <span class='ocrx_word' id='word_1_334' title='bbox 833 2733 876 2760; x_wconf 74' lang='lat' dir='ltr'>A:</span> <span class='ocrx_word' id='word_1_335' title='bbox 899 2738 926 2759; x_wconf 86' lang='lat' dir='ltr'>et</span> <span class='ocrx_word' id='word_1_336' title='bbox 946 2733 1094 2768; x_wconf 83' lang='lat' dir='ltr'>disponit.</span> <span class='ocrx_word' id='word_1_337' title='bbox 1152 2741 1188 2760; x_wconf 82' lang='grc'>12.</span> <span class='ocrx_word' id='word_1_338' title='bbox 1211 2733 1249 2760; x_wconf 85' lang='grc' dir='ltr'>Ε;</span> <span class='ocrx_word' id='word_1_339' title='bbox 1272 2734 1336 2760; x_wconf 89' lang='lat' dir='ltr'>Deo</span> <span class='ocrx_word' id='word_1_340' title='bbox 1358 2733 1522 2760; x_wconf 77' lang='lat' dir='ltr'>humiliter.</span> 
     </span>
     <span class='ocr_line' id='line_1_49' title="bbox 211 2766 1521 2803; baseline 0 -10"><span class='ocrx_word' id='word_1_341' title='bbox 211 2774 251 2793; x_wconf 84' lang='grc'>11.</span> <span class='ocrx_word' id='word_1_342' title='bbox 273 2766 340 2793; x_wconf 76' lang='grc' dir='ltr'>Ι)Ε;</span> <span class='ocrx_word' id='word_1_343' title='bbox 363 2766 450 2800; x_wconf 72' lang='lat' dir='ltr'>sugit.</span> <span class='ocrx_word' id='word_1_344' title='bbox 589 2766 630 2794; x_wconf 81' lang='lat'>16.</span> <span class='ocrx_word' id='word_1_345' title='bbox 651 2767 690 2794; x_wconf 85' lang='lat' dir='ltr'>E:</span> <span class='ocrx_word' id='word_1_346' title='bbox 713 2776 818 2803; x_wconf 68' lang='lat' dir='ltr'>ymmo</span> <span class='ocrx_word' id='word_1_347' title='bbox 839 2767 933 2794; x_wconf 70' lang='lat' dir='ltr'>deest.</span> <span class='ocrx_word' id='word_1_348' title='bbox 1073 2776 1110 2802; x_wconf 85' lang='lat'>17.</span> <span class='ocrx_word' id='word_1_349' title='bbox 1133 2768 1156 2794; x_wconf 90' lang='lat' dir='ltr'>E</span> <span class='ocrx_word' id='word_1_350' title='bbox 1176 2769 1205 2795; x_wconf 89' lang='grc'>111</span> <span class='ocrx_word' id='word_1_351' title='bbox 1229 2776 1342 2803; x_wconf 46' lang='grc' dir='ltr'>ωηιξη</span> <span class='ocrx_word' id='word_1_352' title='bbox 1364 2767 1421 2794; x_wconf 87' lang='lat' dir='ltr'>Hic</span> <span class='ocrx_word' id='word_1_353' title='bbox 1442 2772 1521 2794; x_wconf 80' lang='lat' dir='ltr'>nota.</span> 
     </span>
     <span class='ocr_line' id='line_1_50' title="bbox 212 2800 1523 2837; baseline 0.001 -10"><span class='ocrx_word' id='word_1_354' title='bbox 212 2800 250 2827; x_wconf 81' lang='grc'>18.</span> <span class='ocrx_word' id='word_1_355' title='bbox 271 2802 315 2828; x_wconf 89' lang='lat' dir='ltr'>A:</span> <span class='ocrx_word' id='word_1_356' title='bbox 338 2805 365 2827; x_wconf 81' lang='lat' dir='ltr'>et</span> <span class='ocrx_word' id='word_1_357' title='bbox 386 2801 596 2835; x_wconf 78' lang='lat' dir='ltr'>prudenciam.</span> <span class='ocrx_word' id='word_1_358' title='bbox 674 2810 715 2837; x_wconf 83' lang='lat'>19.</span> <span class='ocrx_word' id='word_1_359' title='bbox 738 2802 805 2829; x_wconf 76' lang='lat' dir='ltr'>DE:</span> <span class='ocrx_word' id='word_1_360' title='bbox 828 2802 944 2829; x_wconf 78' lang='lat' dir='ltr'>debeat.</span> <span class='ocrx_word' id='word_1_361' title='bbox 1024 2810 1070 2829; x_wconf 81' lang='lat'>20.</span> <span class='ocrx_word' id='word_1_362' title='bbox 1094 2803 1161 2829; x_wconf 73' lang='lat' dir='ltr'>DE:</span> <span class='ocrx_word' id='word_1_363' title='bbox 1184 2807 1264 2829; x_wconf 84' lang='lat' dir='ltr'>suut.</span> <span class='ocrx_word' id='word_1_364' title='bbox 1338 2810 1377 2829; x_wconf 85' lang='lat'>21.</span> <span class='ocrx_word' id='word_1_365' title='bbox 1398 2803 1443 2829; x_wconf 89' lang='lat' dir='ltr'>A:</span> <span class='ocrx_word' id='word_1_366' title='bbox 1466 2802 1523 2828; x_wconf 81' lang='lat' dir='ltr'>hoe</span> 
     </span>
     <span class='ocr_line' id='line_1_51' title="bbox 210 2835 1521 2872; baseline 0 -11"><span class='ocrx_word' id='word_1_367' title='bbox 210 2843 288 2869; x_wconf 76' lang='lat' dir='ltr'>opus</span> <span class='ocrx_word' id='word_1_368' title='bbox 309 2835 402 2862; x_wconf 84' lang='lat' dir='ltr'>deest.</span> <span class='ocrx_word' id='word_1_369' title='bbox 506 2843 550 2863; x_wconf 84' lang='grc'>22.</span> <span class='ocrx_word' id='word_1_370' title='bbox 571 2836 599 2863; x_wconf 91' lang='lat' dir='ltr'><strong>A</strong></span> <span class='ocrx_word' id='word_1_371' title='bbox 617 2836 650 2872; x_wconf 74' lang='lat' dir='ltr'>jn</span> <span class='ocrx_word' id='word_1_372' title='bbox 672 2845 784 2872; x_wconf 64' lang='lat' dir='ltr'>marg:</span> <span class='ocrx_word' id='word_1_373' title='bbox 806 2837 988 2871; x_wconf 77' lang='lat' dir='ltr'>Responsio.</span> <span class='ocrx_word' id='word_1_374' title='bbox 1093 2836 1135 2864; x_wconf 73' lang='lat'>23.</span> <span class='ocrx_word' id='word_1_375' title='bbox 1157 2837 1196 2864; x_wconf 79' lang='lat' dir='ltr'>E:</span> <span class='ocrx_word' id='word_1_376' title='bbox 1219 2841 1349 2871; x_wconf 81' lang='lat' dir='ltr'>utroque</span> <span class='ocrx_word' id='word_1_377' title='bbox 1368 2841 1521 2867; x_wconf 82' lang='lat' dir='ltr'>extremo;</span> 
     </span>
     <span class='ocr_line' id='line_1_52' title="bbox 209 2869 1520 2906; baseline 0.001 -10"><span class='ocrx_word' id='word_1_378' title='bbox 209 2869 249 2896; x_wconf 91' lang='lat' dir='ltr'>ib.</span> <span class='ocrx_word' id='word_1_379' title='bbox 271 2871 315 2897; x_wconf 87' lang='lat' dir='ltr'>A:</span> <span class='ocrx_word' id='word_1_380' title='bbox 337 2874 364 2897; x_wconf 88' lang='lat' dir='ltr'>et</span> <span class='ocrx_word' id='word_1_381' title='bbox 385 2869 436 2897; x_wconf 87' lang='lat' dir='ltr'>hii.</span> <span class='ocrx_word' id='word_1_382' title='bbox 509 2878 556 2904; x_wconf 82' lang='lat'>24.</span> <span class='ocrx_word' id='word_1_383' title='bbox 578 2870 646 2898; x_wconf 81' lang='lat' dir='ltr'>DE:</span> <span class='ocrx_word' id='word_1_384' title='bbox 668 2871 808 2906; x_wconf 59' lang='lat' dir='ltr'>agenda:</span> <span class='ocrx_word' id='word_1_385' title='bbox 830 2872 870 2898; x_wconf 88' lang='lat' dir='ltr'>ib.</span> <span class='ocrx_word' id='word_1_386' title='bbox 888 2871 954 2898; x_wconf 88' lang='lat' dir='ltr'>DE:</span> <span class='ocrx_word' id='word_1_387' title='bbox 976 2871 1103 2898; x_wconf 73' lang='lat' dir='ltr'>efficere.</span> <span class='ocrx_word' id='word_1_388' title='bbox 1177 2872 1219 2899; x_wconf 81' lang='lat'>25.</span> <span class='ocrx_word' id='word_1_389' title='bbox 1241 2871 1309 2898; x_wconf 84' lang='lat' dir='ltr'>DE:</span> <span class='ocrx_word' id='word_1_390' title='bbox 1332 2871 1406 2906; x_wconf 82' lang='lat' dir='ltr'>legis</span> <span class='ocrx_word' id='word_1_391' title='bbox 1428 2871 1520 2898; x_wconf 75' lang='lat' dir='ltr'>deest.</span> 
     </span>
     <span class='ocr_line' id='line_1_53' title="bbox 209 2903 1520 2942; baseline 0.001 -11"><span class='ocrx_word' id='word_1_392' title='bbox 209 2904 250 2937; x_wconf 81' lang='lat'>25,</span> <span class='ocrx_word' id='word_1_393' title='bbox 271 2903 317 2931; x_wconf 87' lang='lat'>26.</span> <span class='ocrx_word' id='word_1_394' title='bbox 338 2905 382 2931; x_wconf 95' lang='lat' dir='ltr'>A:</span> <span class='ocrx_word' id='word_1_395' title='bbox 405 2908 588 2939; x_wconf 84' lang='lat' dir='ltr'>permutent.</span> <span class='ocrx_word' id='word_1_396' title='bbox 703 2905 747 2932; x_wconf 82' lang='lat'>28.</span> <span class='ocrx_word' id='word_1_397' title='bbox 769 2906 793 2933; x_wconf 89' lang='grc' dir='ltr'><em>Ε</em></span> <span class='ocrx_word' id='word_1_398' title='bbox 814 2906 842 2933; x_wconf 90' lang='grc'>111</span> <span class='ocrx_word' id='word_1_399' title='bbox 864 2914 976 2940; x_wconf 40' lang='lat' dir='ltr'>marga</span> <span class='ocrx_word' id='word_1_400' title='bbox 1000 2906 1164 2937; x_wconf 79' lang='lat' dir='ltr'>Bellorum,</span> <span class='ocrx_word' id='word_1_401' title='bbox 1187 2906 1430 2935; x_wconf 78' lang='lat' dir='ltr'>dissensionum,</span> <span class='ocrx_word' id='word_1_402' title='bbox 1455 2914 1520 2942; x_wconf 79' lang='lat' dir='ltr'>per-</span> 
     </span>
    </p>
   </div>
   <div class='ocr_carea' id='block_1_12' title="bbox 210 2938 1291 2977">
    <p class='ocr_par' dir='ltr' id='par_1_13' title="bbox 210 2938 1291 2977">
     <span class='ocr_line' id='line_1_54' title="bbox 210 2938 1291 2977; baseline 0.002 -12"><span class='ocrx_word' id='word_1_403' title='bbox 210 2938 423 2967; x_wconf 75' lang='lat' dir='ltr'>tui-bacionum</span> <span class='ocrx_word' id='word_1_404' title='bbox 444 2948 545 2968; x_wconf 80' lang='lat' dir='ltr'>causa.</span> <span class='ocrx_word' id='word_1_405' title='bbox 621 2938 658 2967; x_wconf 90' lang='lat'>31.</span> <span class='ocrx_word' id='word_1_406' title='bbox 679 2941 723 2969; x_wconf 91' lang='lat' dir='ltr'>A:</span> <span class='ocrx_word' id='word_1_407' title='bbox 746 2940 805 2969; x_wconf 85' lang='lat' dir='ltr'>Sed</span> <span class='ocrx_word' id='word_1_408' title='bbox 827 2940 920 2968; x_wconf 85' lang='lat' dir='ltr'>deest.</span> <span class='ocrx_word' id='word_1_409' title='bbox 940 2940 943 2941; x_wconf 49' lang='lat'><em>⁷</em></span> <span class='ocrx_word' id='word_1_410' title='bbox 993 2939 1036 2977; x_wconf 77' lang='lat'>37.</span> <span class='ocrx_word' id='word_1_411' title='bbox 1058 2941 1102 2968; x_wconf 84' lang='lat' dir='ltr'>A:</span> <span class='ocrx_word' id='word_1_412' title='bbox 1126 2940 1291 2968; x_wconf 84' lang='lat' dir='ltr'>manudiei.</span> 
     </span>
    </p>
   </div>
   <div class='ocr_carea' id='block_1_13' title="bbox 1552 314 1805 957">
    <p class='ocr_par' dir='ltr' id='par_1_14' title="bbox 1552 314 1805 957">
     <span class='ocr_line' id='line_1_55' title="bbox 1758 314 1805 349; baseline 0 -11"><span class='ocrx_word' id='word_1_413' title='bbox 1758 314 1805 349; x_wconf 70' lang='lat'>2⁷]</span> 
     </span>
     <span class='ocr_line' id='line_1_56' title="bbox 1552 890 1795 917; baseline 0 -2"><span class='ocrx_word' id='word_1_414' title='bbox 1552 890 1571 916; x_wconf 88' lang='lat' dir='ltr'>ll</span> <span class='ocrx_word' id='word_1_415' title='bbox 1597 890 1620 916; x_wconf 62' lang='lat' dir='ltr'>is</span> <span class='ocrx_word' id='word_1_416' title='bbox 1643 891 1743 917; x_wconf 67' lang='lat' dir='ltr'>luxx&#39;lul</span> <span class='ocrx_word' id='word_1_417' title='bbox 1767 896 1795 917; x_wconf 77' lang='lat' dir='ltr'>to</span> 
     </span>
     <span class='ocr_line' id='line_1_57' title="bbox 1566 925 1786 957; baseline 0 -6"><span class='ocrx_word' id='word_1_418' title='bbox 1566 925 1617 951; x_wconf 74' lang='lat' dir='ltr'>tlee</span> <span class='ocrx_word' id='word_1_419' title='bbox 1640 926 1730 957; x_wconf 71' lang='grc'>1111111,</span> <span class='ocrx_word' id='word_1_420' title='bbox 1751 934 1786 952; x_wconf 75' lang='lat' dir='ltr'>or</span> 
     </span>
    </p>
   </div>
   <div class='ocr_carea' id='block_1_14' title="bbox 1573 960 1777 1029">
    <p class='ocr_par' dir='ltr' id='par_1_15' title="bbox 1573 960 1777 1029">
     <span class='ocr_line' id='line_1_58' title="bbox 1634 960 1721 998; baseline -0.011 -12"><span class='ocrx_word' id='word_1_421' title='bbox 1634 960 1721 998; x_wconf 70' lang='lat' dir='ltr'>resist</span> 
     </span>
     <span class='ocr_line' id='line_1_59' title="bbox 1573 999 1777 1029; baseline 0 -8"><span class='ocrx_word' id='word_1_422' title='bbox 1573 999 1777 1029; x_wconf 68' lang='lat' dir='ltr'>persecutum.</span> 
     </span>
    </p>
   </div>
   <div class='ocr_carea' id='block_1_15' title="bbox 1541 2221 1815 2353">
    <p class='ocr_par' dir='ltr' id='par_1_16' title="bbox 1541 2221 1815 2353">
     <span class='ocr_line' id='line_1_60' title="bbox 1563 2221 1797 2249; baseline -0.009 0"><span class='ocrx_word' id='word_1_423' title='bbox 1563 2221 1621 2249; x_wconf 69' lang='lat' dir='ltr'>We</span> <span class='ocrx_word' id='word_1_424' title='bbox 1643 2226 1725 2248; x_wconf 77' lang='lat' dir='ltr'>must</span> <span class='ocrx_word' id='word_1_425' title='bbox 1745 2226 1797 2247; x_wconf 83' lang='lat' dir='ltr'>not</span> 
     </span>
     <span class='ocr_line' id='line_1_61' title="bbox 1582 2257 1775 2291; baseline 0 -8"><span class='ocrx_word' id='word_1_426' title='bbox 1582 2257 1698 2291; x_wconf 72' lang='lat' dir='ltr'>neglect</span> <span class='ocrx_word' id='word_1_427' title='bbox 1718 2264 1775 2283; x_wconf 82' lang='lat' dir='ltr'>our</span> 
     </span>
     <span class='ocr_line' id='line_1_62' title="bbox 1541 2291 1815 2353; baseline 0 -35"><span class='ocrx_word' id='word_1_428' title='bbox 1541 2291 1615 2327; x_wconf 84' lang='lat' dir='ltr'>duty</span> <span class='ocrx_word' id='word_1_429' title='bbox 1630 2299 1671 2353; x_wconf 51' lang='grc' dir='ltr'>0111Ἴ</span> <span class='ocrx_word' id='word_1_430' title='bbox 1685 2295 1815 2352; x_wconf 68' lang='lat' dir='ltr'>atccount</span> 
     </span>
     <span class='ocr_line' id='line_1_63' title="bbox 1636 2334 1717 2353; baseline 0 -1"><span class='ocrx_word' id='word_1_431' title='bbox 1636 2334 1653 2352; x_wconf 94' lang='lat' dir='ltr'>o</span> <span class='ocrx_word' id='word_1_432' title='bbox 1686 2334 1717 2353; x_wconf 88' lang='lat'>1.</span> 
     </span>
    </p>
   </div>
  </div>
 </body>
</html>
