1986 3380
183 299 262 333 400
765 295 988 328 Jouixuuis
1008 296 1191 328 wrcrir
1211 295 1466 330 sERMONUM
1549 283 1701 341 l'SERmo
1722 294 1786 323 tv.

471 410 603 438 autem
639 411 674 438 et
709 402 880 449 pharisei
916 403 979 448 (de
1003 401 1147 450 quilius
1171 402 1336 438 Matthci
1361 403 1531 443 xxiiim,
1567 403 1656 440 licet
1681 405 1785 440 bona

471 459 652 498 dixerint.
688 469 823 496 tamen
858 461 972 496 male.
999 460 1089 507 quia
1121 461 1338 496 secundum
1376 470 1598 508 presentem
1635 461 1786 498 iniusti-

472 518 588 556 ciam.
624 518 712 554 ideo
746 532 825 554 non
859 518 1090 554 coincidunt
1125 531 1213 554 cum
1250 519 1376 554 altero
1412 518 1576 555 istorum
1613 521 1783 556 duorum

473 578 760 613 membrorum.
802 578 868 612 sed
906 585 1059 623 ponunt
1096 575 1133 611 in
1167 576 1333 612 tercium
1372 579 1594 613 membrum
1629 578 1785 625 ypocri-

472 634 593 670 ticum
641 636 746 681 quod
789 644 844 670 est
883 634 1037 680 signum
1080 633 1117 669 in
1158 647 1237 682 quo
1284 634 1385 681 magi
1424 635 1643 672 Pharaonis
1681 636 1819 672 dese-5

472 702 621 729 cesant.
659 694 701 727 lit
740 702 845 739 patet
880 705 920 728 ex
957 691 1040 727 istis
1074 701 1247 739 quatuor
1287 693 1665 740 comparacionibus
1699 693 1784 742 qui-

471 752 542 787 bus
578 750 614 785 in
652 751 724 786 hoc
760 750 964 797 exangelio
988 749 1169 786 Clu-istus
1194 760 1403 798 comparat
1437 752 1642 799 apostolos
1666 761 1785 800 atque

473 809 646 856 prelatos>
681 808 845 844 ecclesie
886 816 1034 855 quante
1074 808 1260 844 timerent
1293 808 1415 845 vitam
1457 809 1495 845 in
1529 822 1606 857 qua
1640 809 1785 846 dicitur

472 867 577 915 ipsos
611 878 694 902 esse
729 875 764 902 et
799 875 947 914 quante
981 865 1204 902 niterentur
1232 868 1450 902 secundum
1485 867 1579 904 istas
1613 877 1786 915 quatuor

471 924 753 960 similitudines
807 936 889 960 esse
935 924 1072 972 quales
1120 923 1302 961 Christus
1348 925 1488 961 asserit
1540 925 1648 974 ipsos
1702 938 1844 963 esseio

472 984 615 1019 debere
648 983 720 1019 sub
754 994 856 1030 pena
890 981 1198 1030 dampnacionis
1231 991 1436 1031 perpetue.

968 1118 1161 1160 SERMO
1197 1120 1280 1160 LV.

529 1214 651 1251 Nemo
683 1214 856 1250 accendit
890 1215 1086 1251 lucernam
1127 1222 1162 1251 et
1200 1215 1235 1250 in
1274 1215 1495 1251 abscondito
1529 1215 1638 1265 ponit
1671 1228 1788 1265 neque

470 1274 537 1308 sub
572 1273 711 1308 modio.
748 1274 853 1309 Luce
885 1274 971 1319 XI0‚
1009 1273 1072 1309 33.

530 1333 617 1367 Hoc
650 1330 897 1378 evangelium
933 1332 1050 1367 docet
1079 1331 1285 1379 quomodo
1320 1330 1548 1380 quicunque
1581 1332 1786 1369 confessor
1806 1336 1841 1368 15

471 1390 530 1425 vel
564 1388 805 1426 christianus
839 1390 955 1425 debet
981 1388 1097 1436 dirigi
1131 1390 1264 1437 quoad
1291 1390 1433 1426 Deum.
1468 1392 1617 1426 Notata
1651 1399 1783 1427 autem

472 1447 667 1495 quiditate
706 1447 868 1483 lucerne
908 1447 1087 1495 predicta
1125 1446 1255 1483 notari
1301 1448 1418 1483 debet
1457 1447 1656 1496 posterius
1689 1461 1785 1497 qua-

472 1505 560 1542 liter
613 1514 649 1542 et
702 1514 798 1554 quot
852 1504 979 1541 modis
1030 1506 1193 1542 lucerna
1238 1504 1435 1553 accipitur
1480 1505 1518 1542 in
1570 1506 1782 1555 scriptura.

472 1565 725 1612 Quandoque
758 1562 861 1599 enim
897 1562 1095 1611 accipitur
1129 1562 1391 1600 materialiter
1429 1577 1501 1612 pro
1534 1564 1713 1601 subiecto
1747 1573 1784 1601 et

472 1623 714 1670 quandoque
748 1621 972 1658 formaliter
1003 1634 1076 1669 pro
1110 1622 1196 1658 luce
1230 1633 1306 1670 que
1339 1621 1379 1658 in
1411 1622 1591 1659 subiecto
1624 1622 1782 1670 tegitur.
1800 1636 1842 1658 20

474 1681 586 1716 Unde
619 1681 839 1716 secundum
866 1679 1102 1727 Gregorium
1137 1680 1300 1716 lucerna
1323 1679 1470 1716 dicitur
1503 1680 1784 1728 ethimologice

472 1738 583 1786 quasi
624 1739 687 1774 lux
726 1737 766 1774 in
810 1746 924 1783 testa,
971 1746 1009 1774 et
1052 1737 1107 1774 sic
1153 1737 1320 1786 quilibet
1362 1739 1484 1775 homo
1529 1747 1660 1787 potest
1705 1738 1783 1775 dici

473 1797 650 1842 lucerna,
685 1795 787 1832 sicut
822 1804 859 1832 et
891 1808 962 1832 sua
994 1795 1130 1832 anima
1163 1804 1199 1832 et
1232 1797 1502 1845 quodcunque
1537 1798 1686 1833 donum
1712 1797 1783 1834 Dei

471 1855 532 1891 vel
563 1855 748 1891 naturale
779 1854 839 1890 vel
873 1854 1194 1902 supernaturale.
1229 1855 1400 1890 Omnem
1437 1854 1541 1891 enim
1577 1854 1781 1891 hominem

473 1912 705 1949 interiorem
739 1912 800 1948 vel
839 1911 1076 1948 exteriorem
1111 1914 1216 1948 Deus
1256 1911 1392 1960 aliquo
1428 1914 1547 1949 modo
1587 1912 1840 1959 accendit‚25

472 1970 562 2007 ideo
595 1970 726 2007 omnis
760 1971 881 2006 homo
913 1969 1015 2006 sicut
1049 1978 1085 2006 et
1109 1969 1240 2006 omnis
1274 1979 1458 2007 creatura
1482 1972 1598 2007 debet
1632 1970 1784 2019 magni-

473 2028 679 2066 ficenciam
735 2028 807 2065 Dei
859 2029 1084 2066 ostendere.
1139 2029 1239 2064 Cum
1293 2037 1426 2065 autem
1479 2029 1609 2065 omnis
1662 2030 1784 2066 homo

221 2093 318 2121 God‘s
339 2093 410 2128 gists
471 2087 635 2136 ponitur
667 2088 768 2124 adeo
812 2086 852 2122 in
891 2085 1071 2132 ecclesia,
1112 2095 1154 2122 ut
1194 2086 1320 2135 prosit
1359 2086 1439 2123 suis
1477 2087 1658 2135 partibus
1699 2086 1784 2136 qui-

226 2129 399 2199 Ξξζῖξῗιξυιὲυ
471 2146 716 2194 buscunque,
751 2152 860 2193 patet
883 2145 991 2192 quod
1014 2157 1094 2181 non
1120 2152 1177 2181 est
1209 2144 1400 2193 sapientis
1433 2145 1637 2182 lucernam
1663 2146 1782 2182 talem

330 2195 337 2200 ⁷
471 2204 690 2240 accendere
724 2211 760 2240 et
793 2202 833 2239 in
866 2201 1103 2239 abscondito
1136 2214 1347 2239 accensam
1383 2215 1633 2241 consumere.
1667 2204 1780 2240 Unde
1799 2207 1842 2240 30

470 2261 733 2310 spiritualiter
765 2260 873 2298 avari
898 2260 965 2310 qui
991 2262 1096 2297 bona
1121 2260 1191 2297 Dei
1215 2273 1296 2297 non
1319 2260 1499 2297 tribuunt
1522 2263 1572 2298 ad
1605 2274 1782 2308 usuram,
1876 2254 1884 2264 ⁸

469 2320 649 2356 videnter
702 2319 798 2355 mihi
851 2319 889 2355 in
934 2319 1150 2355 Dominum
1206 2320 1497 2367 blasphemare,
1551 2328 1592 2355 ut
1647 2319 1784 2367 (velint

469 2378 612 2424 nolint)
656 2386 816 2426 oportet
860 2376 968 2426 ipsos
1016 2378 1235 2414 concedere
1283 2379 1389 2426 quod
1446 2377 1636 2426 quicquid
1689 2377 1784 2414 boni

471 2437 618 2473 liabent
658 2437 708 2473 ad
747 2435 867 2472 finem
908 2435 1151 2472 laudabilem
1187 2448 1208 2472 a
1243 2437 1326 2471 Deo
1362 2444 1608 2484 receperant,
1643 2443 1680 2472 et
1713 2447 1783 2484 per

470 2506 718 2544 consequens
752 2506 841 2530 cum
876 2492 915 2529 in
948 2495 1032 2530 Deo
1064 2506 1146 2530 non
1179 2493 1228 2530 sit
1262 2493 1437 2530 stulticia
1461 2495 1783 2542 quandocunque
1797 2495 1839 2528 35

542 2614 560 2633 ι.
582 2605 650 2633 Ι)Ε;
673 2605 799 2632 bonum.
867 2613 892 2632 2.
913 2606 957 2633 A:
979 2605 1050 2641 quia
1071 2605 1165 2632 deest.
1234 2603 1258 2632 3.
1280 2605 1324 2632 A:
1347 2604 1477 2632 istorum
1500 2605 1593 2632 deest.
1661 2613 1689 2639 ο.
1713 2604 1783 2632 mi:

470 2645 628 2676 quantum.
738 2639 774 2667 13.
796 2641 824 2667 A
845 2639 874 2667 in
897 2648 1010 2675 marga
1032 2641 1142 2667 Sermo
1163 2639 1233 2673 1.V;
1255 2639 1279 2667 D
1301 2639 1329 2667 iu
1353 2648 1464 2674 marga
1488 2639 1564 2667 ΗΥ.
1675 2648 1716 2674 14.
1737 2639 1783 2667 A:

471 2675 577 2703 modio
597 2680 653 2703 etc.
729 2675 770 2702 16.
791 2675 836 2702 A:
856 2674 948 2702 Nota.
1023 2674 1063 2702 18.
1086 2675 1110 2701 l)
1132 2674 1161 2702 in
1184 2682 1296 2709 marga

938 2726 1075 2753 lucerna
1098 2711 1112 2778 ί
1136 2709 1332 2737 materialiter

952 2748 961 2754 ⁴
1136 2743 1321 2778 formantem

472 2778 511 2806 ib.
528 2778 551 2806 13
567 2778 594 2806 in
612 2787 725 2813 marga
748 2778 886 2806 Lucerna
906 2779 935 2806 in
959 2778 1111 2814 scriptura
1131 2778 1340 2814 equivocatus.
1404 2777 1446 2805 23.
1464 2778 1532 2806 DE:
1555 2778 1670 2805 donum
1687 2778 1781 2816 deest.

470 2821 517 2846 21.
539 2813 581 2841 25.
602 2814 646 2841 A:
669 2814 803 2841 naturale
822 2829 855 2833 -
876 2814 921 2840 vel
942 2813 1038 2840 deest.
1117 2812 1156 2841 31.
1177 2813 1202 2841 E
1221 2813 1250 2841 in
1273 2821 1387 2848 marg.:
1408 2812 1478 2840 Non
1499 2813 1606 2841 dantes
1628 2813 1707 2840 bona
1727 2812 1781 2840 Dei

470 2848 506 2875 ud
529 2856 653 2876 usuram
676 2848 899 2884 blasphemant.

541 2930 594 2953 21.
622 2922 656 2953 S.
682 2920 842 2963 Gregorii
870 2919 961 2964 opp.
989 2927 1074 2952 tom.
1101 2920 1127 2961 1,
1153 2930 1231 2963 pag.
1256 2919 1337 2963 439.
