1986 3380
211 267 346 294 SERMo
367 255 494 313 xxiv]
681 268 895 301 SECUNDA
922 267 1050 302 PARS.

211 377 259 412 ab
299 376 433 413 anima
471 383 695 424 separetur:
741 387 832 411 nam
865 386 1002 410 verum
1036 373 1109 409 fuit
1142 373 1249 421 quod
1282 384 1355 420 pro
1389 372 1521 407 triduo

212 434 392 471 Christus
416 443 472 470 est
501 443 582 470 tam
618 434 693 469 hoc
722 445 867 480 corpus
890 431 1023 468 iacens
1047 439 1252 467 mortuum
1276 430 1315 465 in
1338 430 1522 478 sepulcro

211 505 331 540 quam
367 493 437 528 hec
470 491 603 528 anima
637 499 821 538 separata
855 502 877 526 a
910 501 1079 537 corpore
1112 488 1290 536 spolians
1330 488 1522 535 dyabolos

211 550 249 585 in
284 550 450 586 inferno.
492 549 568 594 Qui
602 557 736 584 autem
771 548 950 584 ambulat
983 547 1022 583 in
1054 545 1228 583 tenebris
1261 545 1521 590 infidelitatis,

178 608 310 644 §sicut
343 607 468 644 nescit
501 607 596 655 quid
622 606 812 654 loquitur,
846 605 901 641 sic
933 604 1058 641 nescit
1081 616 1282 640 summam
1315 604 1519 640 tenebram

210 667 258 701 ad
300 678 420 714 quam
459 665 579 701 vadit.
634 664 692 700 llli
732 676 825 711 ergo
866 662 932 711 qui
972 661 1172 698 iniciative
1212 663 1359 698 habent
1393 661 1521 697 lucem

211 723 299 759 lidei
348 724 492 759 debent
535 722 576 758 in
608 723 750 763 lucem,
797 723 871 757 hoc
915 729 984 766 est,
1024 720 1062 755 in
1102 719 1304 756 Christum
1347 720 1521 758 credere,

210 790 251 816 ut
289 780 366 817 sint
405 781 474 816 filii
514 780 629 816 huius
674 778 785 825 lucis,
825 778 918 827 quia
962 778 993 814 si
1038 786 1128 814 sunt
1173 777 1255 813 eius
1301 776 1383 820 filii,
1430 786 1523 812 tunc

211 840 388 875 heredes.

156 915 195 936 10
268 896 494 944 Suppositis
533 894 831 932 curiositatibus
876 894 955 930 sive
994 892 1281 930 subtilitatibus
1314 892 1523 929 Trinitatis

209 956 463 991 tractandum
497 953 653 990 videtur
686 955 733 989 de
766 952 1016 989 humanitate
1049 951 1195 987 Christi
1236 960 1273 987 et
1312 959 1416 986 statu
1456 963 1524 986 sue

210 1011 387 1048 ecclesie.
422 1014 656 1059 Supponere
689 1011 851 1059 quidem
891 1018 1051 1058 oportet
1097 1010 1205 1058 quod
1250 1008 1431 1045 Christus
1476 1008 1525 1044 sit

209 1083 279 1106 sua
312 1069 540 1106 humanitas
574 1078 610 1105 et
644 1081 713 1117 per
757 1080 1005 1116 consequens
1050 1076 1247 1109 creatura,
1294 1075 1330 1103 et
1375 1066 1431 1102 sic
1477 1068 1524 1102 de

208 1128 395 1164 omnibus
428 1129 646 1164 secundum
682 1127 853 1163 formam
888 1125 1125 1174 simpliciter
1158 1138 1234 1174 qua
1276 1124 1522 1171 evangelium

158 1187 279 1226 15has
313 1186 508 1222 concedit.
557 1186 709 1230 Quibus
742 1184 959 1233 suppositis
998 1185 1220 1220 notandum
1262 1184 1369 1231 quod
1402 1182 1523 1218 nichil

209 1253 265 1280 est
290 1244 449 1280 Christo
483 1243 777 1292 ponderancius
809 1243 869 1278 vel
903 1242 1159 1278 affectuosius
1192 1241 1230 1277 in
1265 1242 1340 1277 hoc
1375 1242 1524 1276 mundo

209 1315 330 1350 quam
365 1303 473 1350 quod
506 1315 575 1338 sua
609 1301 776 1337 ecclesia
810 1300 849 1336 in
882 1313 953 1336 suo
985 1308 1091 1336 statu
1125 1313 1204 1348 quo
1238 1298 1365 1347 ipsam
1391 1298 1524 1347 posuit

210 1361 421 1407 reguletur.
458 1362 545 1407 Ipsa
578 1359 682 1395 enim
715 1368 772 1395 est
800 1359 888 1406 plus
919 1358 1077 1406 placida
1111 1367 1147 1394 et
1177 1369 1246 1405 per
1277 1370 1524 1405 consequens

210 1418 292 1455 eius
308 1420 456 1454 bonum
475 1417 651 1465 regimen
668 1418 754 1465 plus
770 1425 968 1465 optatum.
993 1419 1073 1452 Nec
1099 1416 1189 1452 licet
1214 1414 1319 1451 fideli
1345 1415 1524 1451 diffidere

151 1494 193 1516 20
209 1476 304 1524 quin
338 1476 515 1523 regimen
548 1475 588 1511 in
620 1488 699 1523 quo
725 1474 905 1511 Christus
935 1487 1022 1510 eam
1053 1473 1186 1522 posuit
1215 1473 1264 1508 sit
1288 1472 1525 1509 convenien-

208 1533 406 1570 tissimum
441 1542 478 1570 et
501 1532 842 1581 expeditissimum
867 1532 1090 1580 profectum
1116 1544 1261 1579 sponse
1284 1544 1365 1567 sue.
1399 1531 1524 1567 Aliter

208 1591 312 1628 enim
345 1604 427 1628 non
460 1591 560 1628 foret
592 1592 697 1627 Deus
738 1590 1007 1639 omnipotens,
1047 1589 1288 1626 omnisciens
1327 1598 1364 1625 et
1396 1589 1524 1624 omni-

205 1651 341 1687 volens
374 1662 519 1698 sponse
552 1648 717 1685 ecclesie
750 1661 870 1697 quam
905 1660 948 1684 ex
980 1656 1092 1684 tanta
1125 1647 1292 1683 caritate
1315 1656 1397 1683 tam
1433 1659 1523 1683 care

206 1708 388 1746 redemit.

152 1774 190 1807 25
267 1768 355 1813 Quo
389 1778 432 1802 ex
466 1765 542 1802 fide
575 1764 784 1813 supposito
818 1772 926 1812 patet
959 1765 1067 1813 quod
1100 1776 1239 1800 omnes
1272 1772 1351 1799 tres
1390 1772 1524 1811 partes

208 1824 373 1861 ecclesie
396 1825 540 1860 debent
564 1825 613 1860 ad
633 1822 934 1859 restitucionem
954 1822 1058 1858 illius
1076 1831 1202 1858 status
1222 1831 1391 1858 matrem
1411 1834 1523 1857 suam

170 1915 174 1919 .
207 1884 445 1931 precedente
461 1881 532 1918 Dei
556 1880 758 1918 adiutorio
783 1889 976 1929 quantum
996 1880 1200 1916 sufficiunt
1218 1892 1419 1916 revocare.
1444 1881 1525 1915 Nec

209 1940 374 1977 dubium
409 1939 504 1988 quin
533 1939 605 1976 Dei
638 1939 841 1975 adiutores
873 1938 938 1974 isti
972 1938 1039 1974 fini
1073 1937 1278 1975 meritorie
1310 1937 1525 1974 innitentes

209 2000 412 2035 habebunt
444 1997 761 2046 triumphantem
803 1996 1028 2042 ecclesiam,
1075 2005 1111 2033 et
1150 2009 1220 2044 per
1262 2008 1523 2044 consequenS‚

149 2064 193 2096 30
209 2056 412 2093 Christum
447 2064 567 2104 caput
601 2055 765 2092 ecclesie
805 2067 844 2091 se
883 2054 1076 2091 iuvantes.
1123 2056 1222 2091 Sunt
1267 2063 1401 2090 autem
1446 2062 1525 2090 tres

208 2124 340 2163 partes
384 2113 530 2151 viantis
574 2113 739 2150 ecclesie
784 2126 953 2161 quarum
1000 2112 1130 2160 prima
1175 2121 1232 2149 est
1277 2113 1405 2148 clerus
1458 2111 1526 2160 qui

208 2175 324 2210 debet
351 2173 391 2209 in
419 2171 499 2209 vita
522 2171 726 2209 Christum
755 2170 867 2219 sequi
897 2170 1065 2207 similius
1094 2179 1131 2206 et
1161 2179 1290 2207 totum
1322 2169 1524 2206 residuum

208 2231 400 2268 animare.
427 2231 610 2267 Secunda
633 2242 725 2278 pars
750 2238 807 2265 est
829 2230 1009 2265 seculare
1033 2228 1242 2265 brachium
1267 2227 1525 2264 dominorum

207 2298 249 2325 ut
283 2302 434 2338 regum,
481 2287 709 2337 principum
758 2296 794 2324 et
827 2287 999 2323 aliorum
1034 2286 1292 2323 dominorum
1326 2284 1526 2322 inferioris

150 2354 189 2387 35
207 2347 328 2384 seculi
360 2346 427 2396 qui
460 2346 537 2383 illis
570 2345 834 2382 subserviunt.
879 2347 961 2381 Nec
1006 2344 1170 2381 dubium
1206 2343 1302 2393 quin
1335 2343 1515 2381 Christus

207 2418 430 2454 numquam
464 2414 545 2441 tam
579 2404 783 2452 signanter
816 2402 1074 2440 concessisset
1113 2402 1190 2438 illis
1229 2415 1300 2438 sua
1333 2400 1526 2447 dominia,

209 2473 290 2501 tam
348 2463 388 2499 in
441 2462 629 2499 subiectis
681 2461 940 2498 servitoribus
993 2473 1114 2510 quam
1166 2460 1206 2496 in
1257 2459 1331 2496 celi
1373 2459 1525 2505 avibus,

276 2551 301 2580 3.
322 2553 370 2580 A:
388 2552 446 2579 hoc
466 2551 585 2584 animm
614 2551 654 2578 ib.
676 2551 745 2578 DE:
768 2550 894 2586 spoliat;
925 2549 965 2577 ib.
986 2550 1031 2577 A:
1054 2548 1196 2576 diabolis.
1289 2547 1318 2576 6.
1339 2548 1384 2575 A:
1405 2552 1524 2574 tantum

207 2587 321 2614 lumen.
395 2586 422 2614 8.
444 2586 512 2614 DE:
535 2586 586 2613 filii
608 2590 695 2620 sunt3
723 2585 764 2613 ib.
785 2586 829 2613 A:
851 2585 944 2621 quod.
1019 2592 1056 2611 12.
1079 2583 1104 2611 D
1126 2583 1155 2610 in
1180 2590 1294 2610 maren:
1316 2582 1460 2610 Christus
1481 2586 1526 2609 est

207 2627 356 2649 creatura.
508 2622 548 2649 16.
570 2620 640 2648 DE:
672 2620 894 2656 ponderacius:
925 2620 964 2646 ib.
986 2619 1011 2645 D
1034 2619 1064 2646 in
1085 2626 1201 2653 marg:
1230 2602 1332 2645 ffichil
1354 2621 1399 2644 est
1419 2617 1525 2644 utilius

208 2657 350 2688 Christo:
371 2656 395 2684 E
409 2656 439 2683 in
456 2664 570 2692 marg:
587 2655 670 2690 Quid
684 2655 827 2683 Christus
841 2655 871 2682 in
887 2655 945 2682 hoc
960 2653 1077 2681 mundo
1093 2653 1162 2689 plus
1178 2652 1338 2688 ponderat.
1402 2660 1440 2679 ι’.
1453 2652 1481 2678 Α
1496 2651 1525 2677 in

209 2699 322 2730 marg:
345 2700 366 2719 1.
492 2699 532 2718 21.
553 2690 598 2718 A:
621 2698 673 2717 sue
694 2690 787 2717 deest.
914 2696 957 2716 22.
980 2688 1004 2715 l)
1026 2688 1056 2715 in
1078 2695 1191 2723 marg:
1212 2687 1313 2714 Nichil
1336 2691 1381 2714 est
1401 2667 1527 2725 Christo

209 2734 331 2761 gracius
351 2734 443 2761 quam
467 2726 545 2753 bona
567 2725 720 2760 regniacio
740 2724 866 2751 ecclesie
886 2723 973 2751 cuius
995 2727 1065 2750 sunt
1085 2727 1146 2749 tres
1166 2726 1281 2757 partes.
1384 2721 1425 2748 25.
1447 2721 1476 2748 A
1496 2728 1526 2747 in

209 2769 323 2796 marg:
345 2769 370 2788 2.
469 2768 484 2787 2
508 2782 514 2787 .
536 2761 580 2787 A:
603 2759 724 2786 sufficit.
825 2760 870 2786 28.
892 2758 960 2785 DE:
982 2758 1037 2785 Dei
1058 2757 1153 2784 deest.
1254 2755 1292 2783 31.
1315 2756 1339 2783 E
1360 2756 1389 2782 in
1412 2763 1525 2790 marg:

208 2795 287 2822 Tres
308 2799 409 2831 partes
435 2769 561 2822 ecciesie
582 2794 693 2822 debent
719 2793 772 2822 niti
794 2802 850 2829 pro
872 2792 1069 2821 restitucione
1096 2796 1192 2819 status
1219 2791 1282 2824 sui;
1312 2792 1340 2818 A
1361 2790 1390 2817 in
1413 2798 1525 2824 marg:

208 2830 342 2857 Ecclesie
364 2830 453 2857 habet
473 2834 534 2857 tres
551 2833 663 2864 partes.
702 2828 744 2857 33.
760 2830 789 2856 A
804 2829 834 2856 in
850 2836 964 2864 marg:
986 2835 1018 2861 εις
1031 2827 1090 2854 itm
1107 2826 1155 2853 hic
1171 2826 1305 2858 viantem
1326 2825 1349 2852 E
1365 2825 1395 2852 in
1411 2832 1525 2862 marg:

208 2865 287 2892 Tres
310 2869 412 2900 partes
433 2864 568 2892 ecclesie.
677 2862 724 2898 34.
744 2864 773 2891 A
793 2863 823 2891 iu
845 2871 961 2898 marg:
985 2862 1012 2889 b.
1129 2860 1173 2896 37.
1196 2860 1263 2887 DE:
1285 2864 1347 2887 tam
1370 2859 1525 2886 subiectis.

209 2899 327 2928 Codd.:
350 2899 458 2927 avibus
479 2907 581 2935 quam.
883 2920 886 2924 .

1734 259 1805 308 175

1568 1180 1699 1207 Christ's
1719 1188 1787 1207 care

1540 1216 1587 1242 for
1607 1216 1654 1242 the
1683 1221 1757 1242 state
1784 1215 1817 1242 οῖ’

1570 1250 1626 1277 His
1647 1251 1781 1278 Church.

1586 1831 1663 1858 This
1685 1836 1760 1859 state

1593 1868 1702 1895 should
1726 1869 1761 1895 be

1552 1903 1700 1930 restored.
1722 1903 1803 1938 Duty

1562 1939 1597 1965 os
1613 1938 1662 1965 the
1684 1939 1795 1974 clergy.
