1986 3380
189 310 323 339 SERMO
346 300 413 359 xi]
662 315 873 347 SECUNDA
901 316 1026 348 PARS.

188 432 231 456 ex
270 420 354 456 viro
393 422 461 457 sed
499 433 541 456 ex
582 429 695 456 utero
743 421 943 469 concipiet
983 421 1109 458 filium
1148 421 1390 470 vocabitque
1429 423 1497 458 sed

187 491 269 514 non
313 478 492 526 imponet
537 491 686 515 nomen
725 479 807 515 eius
839 482 988 516 Jesum.
1036 482 1138 516 Nam
1173 479 1270 515 Isaie
1306 481 1441 525 LX110,
1478 490 1497 515 2

189 537 236 572 de
270 536 429 573 Christo
463 536 608 572 dicitur
639 537 846 572 Vocabitur
878 539 946 573 tibi
976 550 1109 573 nomen
1144 550 1283 573 novum
1317 539 1424 586 quod
1458 550 1501 573 os

188 594 350 630 Domini
383 594 617 631 nominavit.
656 596 704 630 Et
734 595 936 643 signanter
960 609 1049 632 cum
1072 598 1184 632 Jesus
1216 595 1503 643 interpretatur

155 653 362 692 §salvator
391 662 427 689 et
458 652 542 700 ipse
570 653 695 689 salvat
725 653 934 690 ecclesiam
965 663 1093 690 totam
1123 653 1314 699 fidelium,
1347 662 1384 689 et
1414 653 1503 689 ideo

189 709 227 745 in
252 711 334 758 lege
357 710 479 747 veteri
502 710 647 747 dicitur
669 712 853 748 salutare.
888 712 964 748 Hic
987 713 1059 748 erit
1083 725 1248 762 magnus
1272 711 1503 748 humanitus

188 775 245 814 (ut
285 777 393 816 patet
428 770 531 805 Luce
563 770 686 817 V110),
728 782 811 805 cnm
850 770 899 805 sit
939 769 1127 806 divinitus
1155 770 1268 820 filius
1313 770 1504 805 naturalis

187 826 366 862 altissimi
397 836 433 863 et
466 840 536 875 per
569 839 818 876 consequens
862 830 1082 864 secundum
1117 828 1409 864 humanitatem
1444 840 1504 864 as—

188 893 389 932 sumptam
431 884 728 922 mirabilissime
766 899 881 923 verus
916 888 1034 922 Deus.
1073 886 1126 922 Et
1158 887 1266 922 Deus
1306 886 1410 922 dabit
1449 886 1507 921 illi

134 960 172 981 10
187 944 314 979 sedem
349 944 543 993 regnandi
580 943 618 979 in
652 944 779 980 David
817 953 930 992 patre
970 958 1041 981 suo
1082 944 1236 981 mistice
1276 944 1502 992 figuratam,

188 1009 225 1037 et
263 1001 318 1037 sic
358 1001 539 1049 regnabit
578 1001 671 1038 licet
710 1002 901 1051 equivoce
940 1002 980 1039 in
1021 1011 1202 1039 eternum
1237 1011 1274 1039 et
1306 1015 1377 1050 per
1411 1015 1503 1038 con-

187 1071 355 1108 sequens
377 1059 539 1096 habebit
568 1055 572 1112 Ι
602 1060 827 1097 dominium
851 1060 1066 1097 infinitum.
1092 1063 1244 1109 Regnat
1264 1060 1368 1097 enim
1386 1073 1505 1108 super

186 1125 313 1153 totam
347 1117 647 1154 universitatem
683 1128 858 1156 creatam
885 1119 1072 1155 divinitus
1107 1128 1143 1155 et
1176 1119 1338 1156 racione
1378 1127 1504 1155 status

187 1175 421 1212 innocencie
459 1189 577 1224 super
616 1185 744 1214 totum
781 1178 990 1224 mundum,
1031 1185 1171 1225 regnat
1203 1176 1433 1214 humanitus
1468 1185 1504 1213 et

135 1233 349 1271 15racione
388 1234 642 1282 paternitatis
676 1234 803 1272 David
843 1235 989 1271 dicitur
1028 1235 1255 1284 specialiter
1287 1236 1356 1272 sed
1388 1234 1503 1283 spiri-

187 1291 348 1328 tualiter
372 1304 538 1340 regnare
562 1305 681 1341 super
703 1295 862 1330 Judeos.
897 1294 1040 1330 Modus
1067 1293 1265 1342 (inquam)
1292 1306 1385 1330 suus
1418 1305 1502 1341 reg-

187 1350 309 1386 nandi
340 1363 421 1387 non
452 1350 524 1386 fuit
549 1351 771 1399 corporalis
801 1361 868 1388 aut
892 1351 1128 1400 temporalis
1151 1364 1222 1400 per
1245 1351 1502 1388 coaccionem

187 1407 342 1444 civilem
359 1409 419 1445 vel
442 1408 708 1456 indigenciam
735 1409 917 1458 rapiendi
941 1411 1009 1446 sed
1034 1410 1188 1446 celestis
1212 1419 1248 1446 et
1270 1409 1502 1458 spiritualis.

186 1467 338 1502 Taliter
386 1466 491 1503 enim
538 1479 619 1503 non
666 1468 845 1515 regnavit
883 1467 1027 1516 aliquis
1074 1477 1163 1516 post
1196 1468 1414 1505 Yeconiam
1456 1469 1503 1504 de

130 1538 172 1559 20
188 1525 310 1561 domo
343 1524 470 1561 David
506 1526 565 1570 <ut
597 1534 707 1572 patet
738 1525 908 1562 Jeremie
940 1524 1085 1577 XXIIO)
1120 1549 1172 1553 —
1206 1539 1299 1563 nam
1340 1525 1396 1562 illi
1436 1525 1503 1574 qui

188 1584 436 1631 usurpabant
474 1582 548 1619 sibi
588 1595 737 1619 nomen
774 1583 876 1631 regis
916 1593 1006 1632 post
1038 1585 1305 1621 Macchabeos
1344 1585 1504 1620 fuerunt

188 1642 235 1678 de
258 1641 364 1677 tribu
387 1641 628 1677 sacerdotali
645 1664 697 1667 —
714 1650 750 1678 et
774 1641 829 1678 sic
853 1654 1019 1690 regnum
1037 1641 1184 1678 Christi
1208 1642 1421 1690 figuratum
1448 1651 1504 1678 est

187 1712 257 1748 per
287 1712 452 1747 regnum
477 1700 700 1747 temporale
723 1700 863 1746 David,
888 1700 990 1737 sicut
1014 1701 1249 1748 blasphema
1273 1700 1502 1737 dominacio

187 1758 415 1806 episcorum
454 1766 686 1794 nostrorum
726 1758 845 1806 plena
886 1758 1098 1796 mendacio
1138 1758 1309 1806 figurata
1342 1768 1399 1795 est
1431 1771 1502 1807 per

129 1818 168 1851 25
186 1817 415 1853 sacerdotes
438 1815 534 1863 legis
557 1816 714 1862 veteris,
735 1817 914 1853 volentes
939 1817 978 1853 in
1001 1817 1146 1853 virtute
1168 1816 1295 1853 David
1320 1829 1498 1865 regnare.

186 1877 285 1911 Nam
327 1886 448 1922 quam
489 1875 658 1911 mendax
697 1883 781 1911 erat
820 1876 928 1924 quod
967 1875 1023 1911 illi
1059 1877 1106 1911 de
1146 1887 1289 1923 genere
1324 1875 1500 1912 Levitico

185 1941 298 1970 erant
342 1945 466 1981 reges,
512 1941 593 1969 tarn
641 1934 810 1970 mendax
856 1942 912 1970 est
948 1935 1056 1982 quod
1094 1946 1200 1982 papa
1239 1942 1359 1982 atque
1400 1933 1500 1982 epis-

185 1990 276 2039 copi
307 1990 453 2028 virtute
496 1990 686 2027 secularis
720 1991 970 2039 regnacionis
1004 1991 1152 2028 Christi
1184 1991 1315 2028 forent
1348 1990 1500 2028 domini

185 2049 396 2086 seculares.

126 2109 169 2142 30
243 2107 372 2144 Maria
400 2116 534 2144 autem
566 2107 643 2143 fide
672 2108 791 2156 plena
820 2107 912 2144 licet
942 2110 989 2145 de
1018 2107 1154 2144 multis
1184 2107 1304 2144 dubia
1334 2107 1502 2156 quesivit

186 2166 234 2201 ab
258 2166 399 2213 angelo
429 2167 595 2202 modum
626 2179 705 2214 quo
740 2166 821 2202 eius
854 2166 1058 2203 sentencia
1091 2167 1375 2214 compleretur,
1411 2178 1501 2203 cum

186 2225 269 2260 Deo
303 2223 454 2272 pepigit
485 2223 755 2272 virginitatem
794 2237 907 2261 suam
947 2238 1030 2261 non
1069 2225 1254 2261 obstante
1294 2224 1501 2273 coniugio;

184 2283 252 2318 sed
283 2282 445 2330 angelus
475 2282 680 2330 specificat
709 2281 783 2318 sibi
813 2284 921 2331 quod
951 2282 1102 2319 dictum
1135 2282 1264 2319 virum
1301 2282 1502 2331 concipiet

185 2341 233 2376 de
273 2339 426 2388 Spiritu
460 2342 623 2386 Sancto,
659 2349 695 2376 et
734 2340 774 2377 in
813 2341 888 2377 hoc
928 2341 1113 2389 cognovit
1153 2342 1261 2390 quod
1301 2340 1501 2389 concipiet

127 2400 167 2433 35
184 2397 268 2434 sine
297 2406 466 2447 ruptura
496 2398 659 2435 claustri
687 2399 748 2435 vel
776 2398 879 2435 virili
908 2399 1059 2436 semine
1089 2408 1157 2436 aut
1181 2407 1375 2447 quantum
1406 2408 1500 2435 tunc

184 2456 256 2492 fuit
285 2456 554 2493 necessarium
585 2456 695 2493 illam
719 2456 832 2494 scire.
869 2457 1061 2503 Quamvis
1086 2457 1190 2494 enim
1214 2466 1300 2494 tota
1323 2457 1499 2509 Trinitas

183 2514 276 2550 fecit
308 2514 437 2563 ipsam
471 2515 698 2563 concipere,
737 2523 874 2552 tamen
911 2528 933 2552 a
966 2515 1119 2564 Spiritu
1153 2517 1301 2552 Sancto
1336 2515 1399 2552 cui
1431 2528 1500 2564 ap-

184 2572 416 2621 propriatur
449 2573 595 2610 caritas
628 2582 794 2621 propter
827 2573 1005 2610 caritatis
1027 2574 1329 2611 vehemenciam
1354 2573 1501 2610 dicitur

100 1042 171 1073 Fol.

138 1088 173 1103 ‘³8

94 1098 152 1131 ¹9³

254 2714 273 2734 1.
294 2707 339 2734 A:
361 2707 392 2734 in
413 2711 509 2734 utero.
585 2715 610 2735 2.
631 2705 671 2735 E:
694 2708 735 2735 im
763 2715 848 2735 ones.
931 2706 957 2735 3.
978 2706 1047 2735 DE:
1071 2708 1108 2736 de
1129 2707 1255 2736 Christo
1276 2707 1377 2743 deest:
1399 2708 1438 2736 ib.
1454 2708 1497 2736 A:

183 2749 299 2769 novum
320 2742 420 2776 deest;
442 2742 482 2769 ib.
498 2741 522 2769 E
542 2742 572 2769 in
594 2750 709 2778 marg:
747 2752 828 2770 esus.
902 2752 931 2776 4.
953 2743 1022 2770 DE:
1044 2743 1216 2779 signantur.
1290 2744 1317 2771 8.
1338 2745 1383 2771 A:
1406 2752 1499 2778 supra

184 2776 416 2804 humanitatem.
537 2784 576 2804 12.
598 2777 666 2805 DE:
688 2777 888 2811 licreditabi13
920 2778 959 2804 ib.
982 2778 1005 2805 E
1027 2778 1056 2805 in
1078 2787 1193 2813 marg:
1216 2778 1360 2806 Christus
1381 2783 1495 2811 regnat.

185 2810 221 2838 13.
242 2812 287 2838 A:
308 2816 401 2838 totam
424 2811 518 2839 deest.
588 2812 629 2844 16,
652 2821 690 2848 17.
712 2812 754 2840 l):
777 2812 923 2848 regnandi
945 2813 1038 2840 deest.
1107 2815 1147 2841 16.
1169 2812 1193 2840 E
1213 2814 1244 2841 in
1266 2822 1362 2848 marg.
1384 2807 1497 2840 addin:

184 2845 342 2881 regnandi.
425 2855 463 2881 17.
485 2846 554 2874 DE:
575 2847 706 2875 carnalis
726 2852 786 2874 aut.
870 2848 909 2875 18.
930 2847 999 2875 DE:
1022 2849 1137 2876 scilicet
1158 2849 1289 2876 civilem.
1368 2856 1406 2875 21.
1429 2847 1497 2875 DE:

183 2880 311 2918 fuerant.
385 2881 426 2908 25.
447 2880 472 2907 E
491 2880 521 2908 in
543 2890 657 2917 marg:
677 2881 768 2909 Nota.
790 2882 975 2910 Dominacio
997 2891 1075 2918 pape
1095 2888 1123 2910 et
1144 2884 1331 2918 prelatorum
1353 2883 1495 2910 mendax.

182 2918 229 2942 20.
244 2916 293 2943 A:
314 2919 368 2942 est.
441 2923 485 2951 27.
506 2917 551 2944 A:
572 2917 668 2952 regis;
689 2916 729 2944 ib.
746 2916 814 2944 DE:
835 2922 908 2944 erat.
981 2917 1025 2946 32.
1040 2919 1085 2945 A:
1107 2926 1195 2945 suam
1216 2918 1309 2945 deest.
1384 2916 1429 2951 34.
1451 2918 1495 2945 A:

183 2949 366 2986 conciperet.
442 2950 486 2979 36.
506 2950 531 2978 E
551 2951 581 2978 in
602 2960 716 2987 marg:
736 2951 816 2979 Tota
836 2951 975 2980 Trinitas
995 2952 1064 2980 fecit
1084 2953 1333 2988 concepcionem.

1740 325 1789 360 77

1561 2116 1639 2144 How
1660 2116 1746 2152 Mary

1569 2153 1743 2179 conccix'cd.
