1986 3380
223 310 358 339 SERMO
380 298 460 356 xx]
688 312 900 344 SECUNDA
931 313 1056 344 PARS.

220 418 300 456 vita
333 418 550 468 spiritualis
588 427 645 456 est
679 419 990 468 contemplativa
1028 432 1101 456 nec
1140 420 1270 457 omnis
1310 422 1532 469 corporalis

220 477 361 523 activa,
386 490 477 514 cum
511 478 633 514 multe
665 486 756 513 sunt
788 477 866 514 vite
900 477 1026 515 active
1060 478 1234 515 hominis
1267 487 1400 527 preter
1424 479 1530 516 istas.

220 536 297 572 Sed
330 537 405 572 hoc
439 548 481 572 ex
514 535 591 572 fide
623 537 841 572 tenendum
876 544 932 572 est
966 537 1074 585 quod
1105 536 1186 573 vita
1220 537 1532 585 contemplativa

219 606 292 630 nec
336 594 385 630 sit
430 593 572 630 melior
615 606 735 642 quam
790 594 930 640 activa,
985 607 1057 631 nec
1101 595 1190 643 plus
1241 595 1438 644 sequitur:
1492 596 1531 631 Si

220 651 459 688 dimittendo
492 651 615 688 vitam
649 664 724 688 con
752 648 756 706 Ι
785 652 1061 700 templativam
1096 662 1256 702 oportet
1290 654 1531 702 quandoque

218 709 424 746 intendere
474 709 552 746 vite
605 710 743 756 active,
798 723 890 758 ergo
944 711 1073 747 activa
1119 719 1176 748 est
1222 712 1365 748 melior
1410 724 1530 760 quam

218 767 417 816 sequitur:
451 769 622 816 Oportet
654 769 793 805 ambas
827 769 897 805 has
929 769 1029 806 vitas
1063 771 1306 818 quandoque
1330 769 1531 806 dimittere

219 834 255 862 et
300 825 491 874 egestioni
535 825 754 872 intendere,
810 839 903 874 ergo
955 827 1029 863 ista
1082 836 1139 864 est
1192 829 1386 864 ambabus
1446 827 1530 864 istis

217 884 451 932 perfeccior,
489 896 583 920 nam
617 884 794 921 bestialis
834 886 956 921 homo
995 894 1162 934 propter
1201 886 1397 922 defectum
1439 885 1530 922 fidei

162 955 201 978 10
217 942 473 990 appreciatur
512 943 662 979 bonum
702 942 887 980 sensibile
925 943 998 979 sibi
1036 956 1212 991 presens.
1254 944 1357 990 Quia
1396 952 1528 981 autem

216 999 367 1036 dictum
408 1009 464 1037 est
504 1002 611 1050 quod
651 1000 846 1038 direccior
885 1002 1092 1049 placencia
1126 1002 1218 1039 huic
1242 1002 1405 1038 domine
1438 1015 1528 1039 cum

215 1071 287 1094 suo
320 1057 402 1095 filio
434 1059 536 1095 foret
568 1058 676 1107 ipsos
710 1058 859 1096 imitari
904 1059 943 1096 in
984 1060 1175 1106 moribus,
1221 1068 1300 1097 tres
1344 1060 1529 1097 videntur

130 633 202 663 Fol.

122 682 205 710 201a

1748 321 1821 355 149

211 1115 377 1153 virtutes
426 1118 647 1154 secundum
698 1130 795 1166 quas
847 1118 977 1154 viator
1027 1118 1118 1155 huic
1169 1118 1331 1155 domine
1377 1127 1413 1154 et
1459 1131 1529 1167 per
1564 1123 1664 1152 Three
1684 1125 1799 1154 virtues

213 1187 461 1223 consequens
492 1174 567 1212 toti
600 1175 734 1212 celesti
768 1175 877 1212 curie
906 1177 1191 1225 complaceret,
1225 1176 1376 1213 scilicet
1398 1177 1528 1213 humi—

160 1232 314 1279 15litas,
349 1233 509 1270 castitas
543 1241 580 1270 et
612 1233 883 1279 taciturnitas;
918 1244 954 1271 et
988 1248 1077 1271 cum
1102 1244 1184 1271 tam
1207 1235 1372 1271 virtutes
1406 1249 1526 1284 quam

211 1290 312 1327 vicia
345 1300 436 1328 sunt
468 1291 507 1328 in
540 1305 621 1328 uno
653 1304 796 1340 genere
829 1305 1007 1330 connexa
1052 1306 1098 1330 ac
1143 1293 1423 1342 oppositorum
1470 1302 1527 1330 est

211 1351 350 1386 eadem
385 1349 608 1399 disciplina,
654 1359 763 1399 patet
796 1353 903 1399 quod
937 1351 1042 1388 idern
1077 1360 1134 1388 est
1181 1351 1435 1388 considerare
1479 1353 1526 1388 de

209 1407 421 1444 virtutibus
456 1417 493 1445 et
525 1408 713 1456 peccatis.

268 1465 484 1502 Humilitas
518 1466 652 1515 itaque
685 1476 743 1503 est
774 1467 898 1503 virtus
931 1469 1150 1504 secundum
1192 1481 1310 1516 quam
1354 1480 1525 1516 persona

152 1537 193 1558 20
209 1523 354 1560 dicitur
384 1537 475 1561 vere
508 1524 682 1569 humilis,
717 1525 828 1561 cuius
860 1525 1103 1574 principium
1138 1535 1194 1562 est
1218 1526 1365 1563 Christi
1396 1527 1525 1563 humi—

208 1581 310 1628 litas,
345 1595 435 1619 cum
468 1582 570 1619 sicut
601 1582 725 1619 nichil
758 1592 890 1631 potest
914 1596 996 1620 esse
1021 1593 1158 1620 centro
1184 1584 1321 1620 mundi
1346 1584 1522 1630 inferius,

207 1640 263 1677 sic
296 1640 419 1677 nichil
451 1650 582 1689 potest
616 1654 698 1678 esse
733 1641 892 1678 Christo
926 1642 1128 1679 humilius.
1169 1644 1217 1679 Et
1255 1655 1415 1679 necesse
1449 1643 1522 1679 fuit

208 1698 410 1735 Christum
445 1700 547 1736 hanc
570 1699 838 1736 humilitatem
868 1700 1047 1746 induere,
1083 1713 1172 1737 cum
1196 1714 1267 1749 per
1291 1701 1521 1749 superbiam

207 1756 280 1793 sibi
329 1757 558 1805 oppositam
605 1758 797 1806 dyabolus
843 1767 880 1795 et
924 1758 1043 1807 primi
1083 1768 1269 1807 parentes
1302 1768 1523 1796 noscuntur

150 1817 189 1850 25
206 1816 254 1851 ab
288 1815 522 1852 innocencie
555 1824 660 1852 statu
694 1816 873 1853 excidere
906 1826 943 1853 et
968 1826 1056 1865 post
1081 1817 1349 1854 humilitatem
1375 1817 1522 1854 Christi

205 1873 381 1910 creditur
432 1875 590 1911 beatam
642 1874 835 1923 Virginem
888 1875 1008 1912 fuisse
1066 1876 1348 1913 humillimam.
1408 1877 1521 1913 Unde

205 1932 397 1969 discendo
420 1933 522 1969 Ecce
544 1933 684 1969 ancilla
708 1933 880 1977 Domini,
898 1934 977 1983 fiat
1006 1934 1101 1970 mihi
1129 1936 1337 1970 secundum
1364 1935 1520 1970 verbum

204 1997 309 2026 tuum
329 1991 504 2028 creditur
527 2003 597 2039 per
620 1991 857 2028 humilitatis
880 1994 1048 2040 gradum
1064 2001 1158 2029 tunc
1182 1992 1314 2041 primo
1339 1993 1519 2029 habitum

206 2049 376 2085 maxime
409 2049 584 2085 Domino
624 2049 822 2098 placuisse
861 2060 898 2087 et
939 2052 1159 2087 secundum
1201 2051 1310 2087 illam
1353 2051 1521 2099 disposi-

146 2108 190 2142 30
205 2106 361 2144 cionem
376 2109 540 2144 verbum
559 2107 721 2144 Domini
737 2108 979 2157 concepisse.
997 2111 1045 2145 Et
1060 2118 1156 2146 nota
1172 2109 1287 2145 multi
1304 2111 1520 2146 creduntur

204 2165 373 2202 humiles
406 2165 473 2215 qui
505 2165 744 2203 intrinsecus
767 2175 857 2203 sunt
881 2167 986 2210 elati,
1020 2177 1062 2204 ut
1092 2176 1200 2216 patet
1223 2170 1403 2204 notando
1427 2177 1519 2204 octo

203 2223 315 2272 signa
348 2237 418 2272 per
451 2237 526 2273 que
561 2224 861 2272 Lyncolniensis
910 2227 1026 2262 docet
1069 2239 1204 2263 veram
1248 2226 1516 2263 humilitatem

203 2282 404 2330 cognosci,
450 2282 506 2319 sic
544 2284 652 2331 quod
693 2282 922 2332 quicunque
960 2284 1062 2320 foret
1093 2297 1183 2321 vere
1223 2284 1397 2326 humilis,
1435 2297 1517 2321 non

202 2341 410 2388 superbus,
444 2341 545 2377 foret
578 2341 744 2378 omnino
777 2341 861 2378 sine
893 2342 1060 2378 crimine
1094 2352 1131 2379 et
1159 2344 1311 2379 beatus.
1346 2344 1438 2379 Ideo
1469 2344 1517 2379 de

88 2408 91 2419 ²
145 2402 186 2436 35
201 2398 427 2436 humilitate
482 2407 602 2448 atque
660 2399 848 2448 superbia
904 2400 1063 2437 dilatari
1126 2409 1259 2449 potest
1313 2401 1516 2438 sentencia

201 2465 397 2505 quantum
449 2457 593 2506 placet.
648 2457 838 2495 Consistit
890 2467 1024 2495 autem
1076 2471 1169 2496 vera
1221 2458 1425 2496 humilitas
1476 2459 1515 2495 in

201 2515 345 2552 iniurie
375 2514 554 2552 virtuosa
585 2515 805 2564 paciencia,
854 2516 894 2553 in
926 2516 998 2553 Dei
1043 2517 1161 2566 plena
1203 2517 1440 2555 obediencia
1479 2526 1517 2554 et

268 2660 294 2689 3.
316 2661 339 2688 E
359 2661 389 2689 in
410 2669 477 2689 mar
501 2671 524 2689 ,ε
545 2661 636 2689 Nota.
725 2670 755 2696 4.
777 2661 846 2689 DE:
868 2670 923 2690 nec
943 2662 1037 2690 deest.
1128 2662 1155 2691 S.
1177 2664 1220 2691 A:
1243 2664 1394 2692 ambabus
1414 2663 1512 2699 ipsis:

199 2696 239 2724 ib.
255 2697 284 2724 A
302 2696 334 2735 in
354 2704 467 2735 marg3:
479 2669 570 2724 {Iota
590 2696 742 2724 defectum
763 2697 996 2732 consequencie.
1062 2696 1100 2725 13.
1116 2698 1139 2726 E
1153 2698 1184 2726 in
1200 2707 1314 2734 marg:
1335 2699 1512 2728 Secundum

199 2735 261 2758 tres
280 2735 409 2758 virtutes
427 2735 528 2758 Viator
547 2732 717 2767 complacet
737 2731 841 2759 Marie.
915 2740 957 2768 19.
978 2732 1034 2760 AD
1056 2732 1087 2760 in
1107 2741 1222 2768 marg:
1245 2733 1327 2769 Quid
1349 2737 1394 2761 est
1413 2733 1514 2760 humi-

200 2766 286 2797 litas:
317 2765 340 2793 E
359 2765 390 2793 in
411 2774 526 2800 marg.:
547 2765 724 2794 Humilitas.
831 2766 876 2794 28.
896 2766 937 2794 E:
959 2767 1094 2795 creditur
1114 2769 1214 2803 quod;
1244 2768 1285 2796 ib.
1307 2769 1376 2796 DE:
1398 2767 1511 2804 gradu;

199 2801 239 2828 ib.
255 2801 298 2827 D:
318 2800 440 2835 habitu3
460 2800 500 2828 E:
521 2800 636 2828 habito.
708 2799 752 2829 33.
773 2800 842 2829 DE:
862 2801 946 2829 fieret
963 2810 1045 2831 vere.

271 2906 324 2928 21.
343 2894 394 2928 Cf.
411 2895 630 2939 Trialogum‚
649 2908 727 2940 pag.
748 2897 822 2940 164.
897 2909 949 2941 27.
969 2899 1083 2930 Lucae
1103 2899 1126 2939 Ι,
1149 2898 1197 2930 18.
1275 2898 1326 2930 32.
1347 2897 1398 2929 Cf.
1415 2897 1511 2929 Tria-

200 2942 334 2984 logmn,
359 2951 436 2985 pag.
461 2940 534 2975 166.

1599 1160 1712 1187 needed
1734 1165 1764 1188 to

1591 1195 1692 1229 please
1712 1204 1769 1223 our

1629 1229 1715 1257 Ladv
1727 1241 1732 1256 :

1600 1260 1762 1301 Humility,

1603 1298 1754 1335 Chastity,

1593 1333 1762 1362 Reticence.

1600 1473 1760 1510 Humility.

1581 1879 1668 1916 Mary
1689 1886 1770 1909 most

1607 1915 1739 1944 humble.
