1986 3380
274 827 406 854 Clirist's

214 863 352 897 example
375 863 470 888 better

204 897 476 924 111111150101n‹111's.

240 1697 334 1724 Wliai
358 1704 448 1731 peace

215 1732 320 1760 Christ
340 1739 425 1758 came
447 1735 476 1757 to

296 1766 394 1801 bring.

246 2222 308 2250 Not
325 2223 390 2262 ‘tli'at
411 2221 446 2248 of

239 2265 407 2292 conniving
428 2260 456 2283 at

312 2292 380 2320 evil.

788 304 1011 335 JoHANNIS
1033 302 1213 334 WYCMF
1232 301 1486 333 SERMONUM
1522 286 1672 345 [SERMO
1695 296 1802 324 XLVI·

494 411 692 459 peccavit:
748 411 783 446 in
841 411 951 447 cuius
1006 410 1159 457 signum
1216 409 1343 456 ipsum
1400 409 1592 455 templum
1641 407 1719 444 cito
1767 417 1803 444 et

493 469 669 506 crebrius
703 479 759 505 est
794 471 1052 505 destructum.

553 530 660 572 Item,
695 527 756 563 isti
792 527 881 563 licet
918 525 1150 573 religionem
1192 538 1335 560 noram
1373 524 1630 570 constituant,
1671 534 1804 560 tamen

494 587 542 622 ad
578 586 812 632 dignitatem
849 585 951 631 regis
986 583 1214 620 Solomonis
1248 595 1326 618 non
1361 591 1526 630 possunt
1561 582 1804 630 contingere.

496 654 531 679 ct
566 654 699 680 tamen
735 644 764 679 si
799 655 937 679 omnes
971 654 1039 678 sue
1074 641 1235 678 basilice
1271 641 1396 676 forent
1433 640 1469 675 in
1511 641 1641 676 locum
1684 641 1839 676 unum5

495 711 535 738 ut
562 702 597 737 in
623 702 840 738 Jerusalem
878 701 1129 747 conglobato,
1164 700 1396 735 excederent
1431 707 1671 735 structuram
1707 698 1805 735 tanti

494 760 607 808 regis.

553 820 662 856 Item,
699 830 787 853 cum
814 818 1007 852 Salomon
1032 815 1308 863 multipliciter
1333 815 1546 862 peccabilis
1572 814 1656 858 fuit,
1683 814 1807 861 ligura

494 885 648 912 tantum
697 875 849 911 distans
889 887 908 910 a
951 874 1110 910 Christo
1156 873 1220 922 qui
1264 873 1335 909 fuit
1376 872 1649 920 impeccabilis
1689 881 1807 920 atque

494 932 772 982 propinquior.
809 932 953 968 mirum
979 932 1132 969 ridetur
1167 933 1273 980 quod
1298 931 1541 967 transultant
1573 943 1646 978 pro
1680 942 1807 966 exem·
1827 939 1866 961 10

494 993 559 1039 plo
594 1004 614 1027 a
648 991 808 1027 Christo
842 1004 958 1039 quern
995 1000 1049 1027 est
1086 1000 1165 1026 tam
1203 989 1316 1026 facile
1350 998 1386 1025 et
1420 998 1500 1025 tam
1535 987 1806 1025 necessarium

495 1049 642 1085 imitari
678 1050 724 1085 ad
761 1062 926 1096 regnum
962 1050 1079 1085 talem
1123 1050 1169 1084 de
1210 1049 1293 1095 lege
1326 1047 1448 1083 veteri
1484 1060 1504 1083 a
1538 1060 1617 1095 quo
1650 1054 1809 1094 oportet

495 1121 560 1144 eos
594 1109 694 1143 adeo
728 1106 965 1143 difformari.
1829 1127 1900 1158 fol·

553 1165 662 1201 Sicut
707 1178 799 1213 ergo
844 1165 1036 1201 sanctitas
1073 1161 1076 1217 Ι
1113 1163 1277 1200 vestium
1329 1164 1389 1199 vel
1434 1162 1509 1199 alie
1554 1161 1910 1205 obse1·vancie220·¹

496 1224 662 1259 istorum
709 1223 894 1259 ordinum
943 1225 1136 1259 seducunt
1183 1222 1377 1270 populum
1425 1230 1461 1257 et
1505 1233 1545 1257 se
1590 1221 1710 1268 ipsos,
1757 1219 1868 1256 si015

495 1281 685 1318 sanctitas
709 1294 872 1317 suorum
907 1282 1087 1317 locorum
1115 1290 1234 1328 atque
1269 1281 1482 1315 domorum
1508 1278 1653 1327 spoliat
1686 1291 1812 1326 popu-

497 1341 576 1375 lum
611 1348 731 1388 atque
764 1340 936 1376 fraudat.

972 1464 1165 1504 SERMO
1198 1463 1341 1503 XLVI.

556 1574 685 1610 Nolite
713 1573 905 1610 arbitrari
932 1573 1018 1622 quia
1049 1571 1215 1608 venerim
1241 1583 1377 1620 pacem
1408 1571 1558 1606 mittere
1585 1570 1621 1605 in
1651 1576 1810 1605 terram.

499 1632 666 1669 Matthei
699 1633 766 1678 XO,
804 1632 867 1677 34-
1830 1635 1872 1657 20

557 1692 643 1727 Hoc
672 1689 924 1738 evangelium
957 1687 1090 1735 dirigit
1114 1700 1292 1724 amorem
1325 1685 1499 1723 hominis
1529 1694 1565 1722 et
1587 1684 1814 1733 specialiter

500 1748 684 1797 martyris
724 1749 773 1784 ad
807 1750 933 1784 Deum
969 1745 1164 1782 direccius
1199 1744 1458 1793 diligendum.
1499 1744 1640 1789 Nolite,
1672 1742 1814 1791 inquit,

497 1807 689 1843 arbitrari
736 1807 822 1855 quia
874 1805 1040 1842 venerim
1093 1804 1244 1840 mittere
1282 1816 1417 1852 pacem
1463 1803 1498 1838 1'71
1543 1810 1705 1847 terram,
1749 1799 1815 1836 ubi

499 1874 650 1902 eertum
687 1873 742 1900 est
777 1864 883 1900 fideli
917 1865 1022 1911 quod
1064 1861 1242 1910 loquitur
1274 1862 1322 1897 de
1355 1873 1452 1909 pace
1486 1872 1562 1908 que
1595 1868 1652 1896 est
1685 1858 1816 1895 confe-

501 1923 661 1960 dei-acio
695 1921 918 1970 corporalis
949 1921 1009 1958 vel
1044 1921 1260 1969 mundana,
1284 1918 1376 1967 quia
1411 1918 1530 1955 aliam
1565 1929 1706 1966 pacem
1740 1928 1816 1965 que
1833 1914 1873 1948 25

501 1990 558 2018 est
587 1981 689 2018 inter
713 1982 840 2016 Deum
871 1988 907 2016 et
939 1978 1158 2019 hominem,
1190 1977 1290 2014 inter
1315 1976 1518 2013 hominem
1551 1985 1587 2012 et
1612 1974 1815 2012 hominem

499 2052 544 2076 ac
594 2039 696 2075 inter
746 2037 951 2075 hominem
1003 2046 1038 2073 et
1089 2049 1204 2072 suum
1255 2035 1439 2084 spiritum
1484 2034 1590 2071 venit
1637 2032 1817 2070 Christus

502 2097 660 2134 mittere
705 2105 742 2133 et
788 2108 958 2132 servare.
1017 2096 1094 2131 Sed
1139 2094 1178 2129 in
1218 2093 1292 2131 isto
1330 2094 1452 2130 verbo
1491 2092 1596 2129 tollit
1635 2090 1816 2128 Christus

501 2156 704 2192 infidelem
751 2153 955 2202 arguciam
1003 2153 1236 2195 multorum,
1283 2151 1350 2201 qui
1390 2159 1582 2199 respuunt
1620 2149 1659 2185 in
1697 2160 1818 2186 causa

499 2226 571 2250 sua
603 2214 857 2250 contendere.
891 2211 1032 2248 Melius
1065 2219 1122 2247 est
1155 2210 1370 2259 (inquiunt)
1404 2209 1608 2257 pacienter
1631 2208 1818 2244 tollerare
1833 2204 1875 2238 30

501 2271 676 2321 quietem
707 2270 873 2308 ecclesie
897 2282 1017 2318 quam
1047 2270 1096 2306 ad
1130 2268 1323 2305 maiorem
1354 2267 1437 2304 eius
1466 2265 1816 2315 perturbacionem

503 2331 764 2374 contendet-⁶33
821 2338 857 2365 et
913 2327 952 2364 in
1008 2327 1082 2364 ista
1131 2326 1317 2363 vecordia
1373 2325 1506 2374 sopuit
1567 2322 1817 2371 martyrium,

503 2387 722 2425 introduxit
755 2387 794 2424 in
827 2385 1036 2423 ecclesiam
1071 2394 1275 2433 torporem
1311 2383 1565 2432 dyabolicum
1601 2391 1637 2419 et
1667 2380 1819 2418 induxit

504 2445 734 2494 sompnium
782 2444 1007 2494 porcinum.
1060 2442 1136 2480 Ubi
1181 2446 1334 2492 (queso)
1379 2451 1470 2478 sunt
1510 2441 1631 2477 modo
1671 2437 1818 2477 Christi

505 2503 657 2553 pugiles
697 2503 764 2552 qui
802 2515 927 2552 usque
966 2503 1015 2538 ad
1055 2510 1224 2538 mortem
1266 2509 1404 2537 contra
1444 2499 1526 2536 eius
1568 2496 1818 2535 adversarios
1835 2496 1874 2531 35

507 2562 782 2599 decertarent?
805 2562 955 2598 Omnes
974 2559 1111 2596 dicunt
1129 2561 1235 2608 quod
1254 2571 1341 2607 pax,
1364 2557 1490 2594 eciam
1513 2570 1603 2594 curn
1624 2555 1817 2600 hostibus,

579 2693 617 2721 ¹7·
639 2685 678 2714 E:
700 2683 823 2713 fraudat
842 2687 896 2711 etc.
980 2691 1021 2719 19.
1042 2683 1070 2722 ᾼ
1091 2682 1120 2710 in
1143 2690 1256 2721 marga
1277 2680 1391 2714 XLVI3
1411 2680 1436 2709 E
1457 2681 1486 2709 in
1508 2687 1621 2715 marg:
1643 2678 1687 2706 De
1707 2681 1819 2709 martv-

510 2719 594 2748 ribns
615 2727 733 2749 sermo:
764 2719 803 2746 ib.
826 2718 867 2745 D:
890 2717 971 2753 quod
995 2726 1079 2750 vein:
1101 2718 1144 2745 A:
1167 2725 1237 2752 quia
1258 2715 1335 2744 veui.
1435 2713 1478 2743 23.
1499 2715 1543 2743 A:
1567 2714 1651 2748 veni;
1681 2713 1721 2740 ib.
1744 2712 1768 2740 D
1788 2709 1817 2740 in

511 2763 623 2789 marga
646 2755 723 2784 Pax:
744 2753 767 2781 E
789 2753 817 2780 in
840 2761 952 2789 marg:
976 2753 1018 2780 De
1040 2760 1121 2788 pace.
1222 2751 1264 2779 25.
1286 2752 1330 2778 A:
1351 2750 1483 2778 carnalis
1503 2750 1560 2777 vel.
1662 2747 1706 2776 28.
1728 2749 1771 2775 A:
1792 2751 1818 2774 ct

511 2798 631 2817 servare
646 2789 738 2816 deest.
801 2786 844 2815 32.
860 2787 899 2815 E:
921 2786 1050 2822 sopixit:
1073 2787 1111 2814 ib.
1128 2786 1151 2813 li
1166 2786 1195 2814 in
1212 2794 1323 2821 marg:
1346 2785 1453 2821 Sopio.
1475 2785 1510 2814 is.
1532 2784 1582 2812 ivi.
1605 2784 1691 2813 itinn.
1713 2782 1742 2810 id
1763 2786 1818 2811 cst.

511 2826 607 2851 saec-re
628 2823 775 2854 dormire,
797 2823 913 2850 sedare.
935 2822 1121 2856 extinguere.
1143 2821 1317 2850 terminare.
1339 2821 1436 2848 sace-rc
1457 2820 1622 2855 quiescere.
1707 2817 1753 2852 1³4.
1774 2818 1818 2845 A:

511 2859 616 2893 vigiles
638 2858 770 2888 Christi:
793 2858 834 2884 D:
857 2857 917 2884 reri
940 2856 1065 2883 Christi.

586 2940 634 2973 ιτ).
661 2930 713 2962 Cf.
735 2928 894 2970 Wyclif's
921 2928 1101 2967 Sermons,
1133 2927 1188 2959 ed.
1221 2927 1265 2969 by
1293 2926 1437 2965 Arnold,
1471 2926 1493 2965 1,
1519 2935 1597 2968 pag.
1627 2923 1818 2963 231—234.
