1986 3380
244 272 378 301 SERMO
401 261 540 318 xxvii]
703 273 915 306 SECUNDA
942 273 1066 304 PARS.

244 381 417 418 Domino
451 382 565 418 debet
599 380 777 417 animose
810 389 929 428 atque
962 379 1126 415 viriliter
1160 379 1234 415 ista
1269 392 1337 426 per
1370 378 1551 415 ordinem

244 439 466 488 predicare.

302 497 402 533 Illud
436 506 569 534 autem
603 495 738 543 iugum
773 497 880 544 quod
926 497 1042 532 debet
1088 508 1170 531 esse
1214 496 1470 531 sacerdotum
1504 496 1552 531 ad

245 555 449 592 Christum
483 555 542 591 vel
586 554 793 602 populum,
834 554 894 590 vel
940 562 996 589 est
1036 553 1074 588 in
1119 553 1203 600 lege
1237 552 1399 589 Domini
1438 553 1554 600 plene

212 617 228 649 5
245 613 484 650 instructum
518 613 577 649 vel
601 625 643 648 ex
667 611 901 648 Antichristi
926 610 1095 659 perfidia
1119 610 1381 658 disparatum.
1418 613 1553 657 Iugum

245 681 379 708 autem
414 671 542 708 tocius
577 669 743 707 ecclesia
776 670 825 705 ad
859 669 1062 706 Christum
1102 678 1179 705 stat
1219 669 1258 705 in
1297 668 1556 705 observancia

247 731 550 773 mandatorum;
584 741 677 765 nam
702 727 929 776 quicunque
952 726 1191 763 christianus
1217 727 1302 774 ipsa
1329 726 1556 771 servaverit,

246 788 375 824 salvus
409 787 500 833 erit3
535 796 571 823 et
605 787 675 822 hoc
708 786 841 836 iugum
874 793 929 822 est
951 798 1080 831 suave,
1116 798 1197 821 non
1223 797 1459 832 exasperans
1483 785 1557 820 hoc

247 846 453 894 ferentem,
487 852 522 881 et
554 845 634 881 leve
667 853 736 889 est⁷
759 856 840 880 non
871 843 1125 891 supprimens
1158 851 1463 891 supportantem
1500 844 1558 889 (ut

192 916 231 937 10
248 903 393 940 dicitur
416 902 582 939 Matthei
606 904 690 947 X10‚
719 902 798 949 30).
832 904 932 938 Nam
964 901 1003 937 in
1036 902 1120 949 lege
1149 900 1271 937 veteri
1295 902 1557 937 observarunt

247 962 482 1009 decalogum
517 973 607 997 cum
640 959 828 996 oneribus
862 968 970 996 extra
1014 959 1158 1007 ipsum,
1206 960 1273 995 sed
1321 960 1441 994 modo
1489 971 1559 1006 per

248 1032 387 1056 eorum
436 1018 779 1063 exoneracionem,
826 1030 896 1066 per
935 1017 1082 1054 Christi
1129 1017 1472 1054 confortacionem
1523 1025 1559 1052 et

247 1077 477 1114 adiutorum
514 1076 898 1124 multiplicacionem
932 1085 989 1112 est
1022 1075 1144 1112 levius
1185 1088 1305 1123 quam
1345 1084 1439 1111 tunc
1472 1075 1557 1110 fuit.

248 1137 415 1172 Constat
450 1135 611 1183 quidem
646 1135 752 1183 quod
786 1135 845 1170 lex
870 1133 941 1171 Dei
975 1134 1047 1170 fuit
1081 1147 1151 1182 per
1184 1133 1431 1170 ceremonias
1465 1132 1560 1180 legis

195 1193 391 1230 15veteris
427 1192 704 1241 multipliciter
737 1202 903 1229 onerata
939 1193 997 1239 (ut
1032 1192 1127 1228 dicit
1161 1193 1301 1228 Petrus
1324 1193 1410 1228 Act.
1436 1188 1558 1241 XVO).

249 1253 350 1289 Cum
384 1264 477 1300 ergo
511 1260 640 1287 totum
674 1252 749 1287 hoc
783 1264 882 1287 onus
928 1263 970 1286 ex
1003 1250 1188 1286 libertate
1233 1249 1450 1286 christiana
1496 1250 1561 1285 de·

249 1309 427 1358 ponitur,
473 1318 582 1358 patet
626 1309 821 1357 primum3
866 1310 933 1345 sed
980 1309 1055 1345 heu
1094 1308 1362 1344 Antichristus
1410 1316 1561 1344 santum

250 1368 501 1404 difficultavit
534 1368 661 1414 legem
706 1367 838 1415 gracie
871 1379 940 1415 per
972 1380 1063 1403 suas
1097 1366 1348 1403 tradiciones
1383 1378 1563 1402 cesareas

220 1427 359 1475 ‘quod
392 1425 657 1462 tollerabilior
690 1426 817 1462 fuerat
863 1426 922 1461 lex
967 1424 1150 1473 antiqua3
1204 1426 1272 1460 sed
1311 1425 1486 1472 prudens
1527 1432 1562 1459 et

193 1496 235 1518 20
251 1484 418 1532 simplex
452 1483 693 1520 christianus
728 1484 843 1520 debet
868 1483 1112 1519 tradiciones
1146 1483 1240 1519 istas
1275 1482 1477 1530 sapienter
1502 1494 1562 1517 ex-

252 1551 386 1579 cutere
417 1555 507 1578 cum
541 1542 579 1578 in
613 1553 750 1577 earum
783 1540 954 1588 regulari
988 1541 1247 1578 observancia
1281 1540 1329 1576 sit
1352 1552 1562 1577 venenum.

253 1603 457 1646 Quantum
491 1601 541 1637 ad
575 1599 918 1636 confortacionem
944 1599 1104 1644 Christi,
1140 1607 1248 1647 patet
1271 1600 1378 1647 quod
1403 1607 1564 1646 superat

251 1671 413 1696 omnem
447 1657 701 1706 gravedinem
727 1657 975 1701 Antichristi,
1010 1670 1100 1694 cum
1136 1656 1262 1693 fidelis
1287 1656 1435 1692 Christi
1470 1669 1563 1692 con—

252 1725 403 1754 stanter
435 1716 578 1753 retinet
614 1717 722 1764 quod
755 1717 929 1752 tenendo
962 1716 1088 1763 legem
1129 1728 1241 1751 suam
1283 1723 1320 1750 et
1359 1723 1565 1761 contemp-

197 1776 235 1808 25
251 1776 383 1812 nendo
416 1774 658 1811 tradiciones
693 1774 866 1810 hominis
901 1773 1054 1822 peccati
1091 1772 1301 1821 magnifice
1331 1772 1565 1820 premiatur.

254 1835 301 1869 Et
334 1834 467 1881 quoad
499 1832 669 1869 tercium
710 1841 819 1881 patet
853 1833 960 1880 quod
993 1831 1086 1868 licet
1120 1831 1199 1868 rari
1233 1839 1324 1867 sunt
1364 1830 1567 1867 adiutores

253 1890 500 1940 superstites,
566 1900 701 1927 tamen
757 1890 924 1927 omnino
984 1889 1305 1938 multiplicantur
1364 1888 1568 1925 adiutores

256 1948 520 1986 militancium
560 1948 600 1985 in
640 1948 807 1985 ecclesia
845 1947 1133 1996 triumphante,
1180 1947 1236 1984 sic
1276 1949 1383 1995 quod
1429 1959 1569 1983 currus

256 2007 328 2044 Dei
362 2016 419 2044 est
452 2007 571 2043 hodie
606 2007 731 2055 magis
765 2006 990 2054 multiplex;
1024 2006 1114 2042 ideo
1139 2014 1229 2042 sunt
1254 2005 1369 2041 multi
1394 2005 1569 2041 exultan-

197 2066 239 2098 30
258 2065 377 2111 cium,
403 2065 497 2114 quia
520 2065 716 2102 Dominus
741 2074 798 2102 est
814 2064 853 2101 in
870 2064 1039 2101 ecclesia
1057 2064 1265 2100 militante.
1301 2065 1349 2099 Et
1373 2072 1568 2112 quantum

258 2126 306 2161 ad
341 2136 480 2160 omnes
514 2123 696 2171 argucias
728 2122 1009 2160 vitulaminum
1043 2122 1288 2171 spuriorum,
1324 2130 1433 2170 patet
1463 2122 1570 2169 quod

257 2181 393 2218 omnia
427 2181 576 2218 Christi
610 2181 777 2218 consilia
809 2181 1006 2218 facilitant
1040 2182 1089 2217 ad
1118 2179 1424 2217 observanciam
1460 2192 1571 2215 man-

259 2241 466 2285 datorum3
503 2248 539 2276 et
572 2239 628 2275 illi
662 2240 728 2288 qui
759 2240 878 2276 stulte
901 2248 937 2275 et
962 2238 1115 2287 private
1140 2238 1223 2275 sine
1247 2237 1572 2274 auctorizacione

258 2300 308 2335 ad
342 2297 508 2335 consilia
540 2297 627 2346 ipsa
666 2311 705 2334 se
745 2297 924 2345 obligant
964 2298 1012 2333 ab
1053 2296 1107 2333 eis
1148 2296 1274 2344 magis
1313 2297 1571 2344 degenerant.

202 2358 241 2390 35
258 2359 339 2393 Nec
372 2364 532 2404 oportet
565 2355 718 2392 hortari
743 2355 947 2392 Christum
971 2364 1014 2391 ut
1037 2363 1143 2391 recte
1165 2354 1285 2391 faciat
1309 2354 1376 2403 qui
1401 2362 1457 2390 est
1481 2366 1573 2401 pars

259 2415 384 2451 altera
417 2413 534 2450 huius
566 2413 660 2462 iugi,
694 2427 783 2450 cum
820 2426 862 2450 ex
896 2414 973 2450 fide
1006 2413 1173 2449 firmiter
1196 2412 1377 2461 capimus
1400 2413 1507 2460 quod
1532 2424 1575 2448 ex

258 2481 372 2521 parte
395 2472 455 2509 sui
477 2485 559 2509 non
583 2481 717 2521 posset
741 2480 904 2520 pactum
928 2472 1110 2508 deficere.
1135 2473 1192 2508 De
1207 2469 1467 2507 observancia
1481 2482 1574 2507 vero

259 2530 428 2567 istorum
455 2531 739 2567 mandatorum
764 2529 945 2578 decalogi
971 2538 1080 2578 patet
1103 2529 1285 2578 superius
1300 2537 1414 2577 parte
1430 2528 1573 2577 prima.

330 2663 350 2682 1.
372 2654 440 2681 DE:
463 2653 514 2681 sed
537 2653 692 2686 animose3
722 2653 762 2680 ib.
783 2653 811 2680 A
831 2652 860 2680 in
883 2661 997 2687 marg:
1019 2661 1039 2683 ι,
1061 2660 1086 2680 2.
1185 2651 1210 2680 3.
1232 2653 1257 2680 D
1279 2652 1308 2679 in
1331 2660 1444 2687 marg:
1465 2651 1576 2686 Jugum

261 2689 413 2724 primum3
434 2689 458 2716 E
472 2689 502 2716 in
518 2697 632 2724 marg:
651 2688 763 2723 Jugurn
779 2687 904 2715 ecclesie
918 2687 954 2714 ad
971 2687 1140 2715 Christum.
1198 2696 1238 2714 10.
1255 2687 1323 2714 DE:
1345 2687 1424 2714 XX0.
1482 2695 1515 2713 11.
1532 2686 1576 2713 A:

261 2729 345 2751 extra
365 2723 536 2752 Christum.
611 2731 649 2758 17.
671 2724 715 2750 A:
738 2731 800 2750 seu.
875 2731 917 2758 19.
939 2722 1006 2750 DE:
1029 2722 1115 2749 foret.
1189 2721 1232 2749 23.
1254 2722 1323 2750 DE:
1346 2721 1461 2748 Christi
1483 2720 1576 2747 deest.

261 2759 308 2786 26.
330 2759 374 2786 A:
396 2759 441 2786 Ex
461 2767 532 2794 quo.
596 2766 640 2792 27.
662 2757 730 2785 DE:
751 2762 852 2784 tamen
874 2757 997 2784 animis.
1059 2757 1103 2784 28.
1126 2757 1194 2784 DE:
1217 2757 1295 2784 sicut
1314 2756 1407 2791 quod.
1464 2763 1510 2791 29.
1533 2756 1576 2782 A:

262 2798 307 2820 est
327 2793 426 2826 deest;
447 2792 487 2820 ib.
503 2793 547 2820 A:
568 2793 673 2819 omnia
694 2797 765 2819 sunt
785 2792 889 2819 millia.
957 2791 998 2819 33.
1016 2792 1083 2819 DE:
1106 2791 1222 2827 private
1243 2800 1307 2819 sua.
1384 2790 1430 2818 3s.
1451 2792 1495 2817 A:
1517 2794 1578 2822 etc;

262 2828 301 2855 ib.
318 2828 361 2855 De
377 2827 435 2856 Sex
449 2827 551 2862 Jugis:
573 2827 617 2854 De
637 2827 838 2854 observaneia
858 2827 988 2854 istorum
1010 2826 1227 2853 mandatorum
1249 2825 1384 2860 decalogi
1402 2829 1482 2860 patet
1497 2824 1577 2851 alibi.

331 2898 385 2932 38.
414 2899 465 2931 Cf.
494 2900 605 2930 Serm.
635 2899 724 2932 Part.
752 2899 775 2939 Ι,
801 2909 879 2942 pag.
906 2898 950 2942 89
972 2909 1071 2941 seqq.

1760 274 1780 299 [0

1788 277 1810 299 0

1820 264 1836 299 Q.)

1624 682 1690 708 The
1712 683 1788 717 yoke
1808 714 1811 718 .

1584 717 1716 743 between
1740 716 1845 743 Clmst

1574 751 1631 778 and
1652 751 1707 778 His
1722 752 1844 778 Church

1617 786 1751 813 consists
1772 786 1800 812 in

1591 821 1778 847 ohscrvaucc
1799 820 1833 847 of

1586 856 1634 882 1116
1657 855 1836 882 command-

1657 896 1765 918 ments.
