1986 3380
192 293 327 321 semro
350 283 387 341 1.]
665 296 874 329 SECUNDA
904 297 1027 328 PARS.
1776 290 1792 326 3

248 405 324 440 Ista
369 412 502 440 autem
550 403 743 451 professio
789 405 1007 439 secundum
1049 403 1166 439 istum
1209 403 1390 439 ordinem
1433 405 1503 440 suit
1549 411 1765 447 &viminu-1³11

190 461 305 499 facta.
341 471 381 497 ut
415 461 557 507 singuli
592 461 715 497 adulti
751 470 831 497 tam
867 461 1020 497 nobiles
1043 474 1163 509 quam
1188 462 1370 508 vulgares
1405 462 1504 498 irent
1567 452 1754 510 RJJJ,'1¹J1,{.⁴¹'„·

190 518 228 554 in
267 519 467 555 civitatem
515 518 587 554 sibi
627 519 851 567 proximam
891 529 927 555 et
968 519 1022 555 sic
1063 519 1261 555 distinctis
1300 519 1501 555 nobilibus

189 585 309 624 atque
349 576 588 624 ignobilibus
621 576 786 625 quilibet
826 576 971 612 nobilis
1006 577 1290 613 inscriberetur
1323 590 1502 613 seorsum

157 637 173 669 5
189 634 374 670 distincte
390 636 438 670 ab
463 634 641 681 ignobili,
666 644 702 670 et
724 633 890 682 quilibet
917 636 1029 671 daret
1053 634 1254 671 numisma
1278 648 1351 682 pro
1375 636 1505 683 capite

189 691 354 728 domino
395 691 571 740 capitali.
615 694 761 740 ,loseph
802 702 935 728 autem
976 692 1057 729 ibat
1097 692 1135 728 in
1170 694 1372 729 Bethleem
1415 693 1505 729 civi-

188 759 311 786 tatem
352 749 425 785 sibi
471 749 694 797 proximam
741 752 873 798 quoad
915 751 1048 787 locum
1089 750 1281 789 natalicii.
1328 764 1404 799 que
1449 759 1502 787 es!

186 819 312 856 parva
353 808 488 844 cii-itas
523 808 656 851 judee,
696 807 734 844 in
774 821 851 856 qua
886 808 1010 844 David
1050 817 1167 845 natus
1207 818 1263 845 est
1306 809 1363 854 (ut
1397 818 1506 857 patet

191 867 201 901 1
234 867 325 913 Reg.
351 867 494 912 XVNJ:
528 875 565 902 et
598 865 752 914 accepit
786 878 920 902 secum
945 866 1113 902 Mariam
1151 875 1317 903 matrem
1345 867 1505 902 Domini

135 938 174 959 ιο
188 936 301 959 suam
337 923 560 971 coniugem,
595 924 688 972 quia
723 923 793 960 suit
828 925 940 960 heres
973 924 1098 972 patris
1131 924 1189 960 sui
1224 933 1260 960 et
1285 926 1332 961 de
1365 926 1503 961 eadem

187 980 308 1017 tribu.
343 983 390 1017 Et
423 983 642 1018 secundum
677 981 980 1018 ordinacionem
1007 982 1077 1018 Dei
1102 982 1229 1019 Maria
1262 982 1314 1018 ibi
1350 982 1504 1031 peperit

187 1039 270 1075 sine
285 1039 499 1076 obstetrice
520 1039 558 1075 in
581 1039 800 1076 diversorio
824 1049 859 1076 et
876 1040 1079 1076 Christum
1097 1043 1222 1077 Deum
1247 1050 1283 1076 et
1301 1041 1503 1077 hominem
1539 1047 1596 1085 :md
1619 1048 1688 1074 100¹<
1713 1048 1782 1075 with

187 1096 289 1134 inter
328 1099 469 1134 bovem
510 1106 546 1134 et
585 1097 741 1134 asinum
782 1097 820 1133 in
861 1098 1046 1146 presepio
1088 1098 1308 1135 reclinavit.
1355 1100 1501 1147 joseph
1529 1082 1786 1144 ¹¹¹'¹¹;,³:‚'¹;,‘‡{f'¹'²¹

187 1164 320 1192 autem
360 1155 452 1192 licet
494 1155 640 1191 nobilis
680 1155 751 1192 suit
791 1169 944 1205 pauper
982 1158 1131 1193 ducens
1172 1169 1305 1193 secum
1347 1157 1503 1193 asinum

94 1195 261 1273 58⁰¹J,pro
311 1215 512 1262 portanda
558 1213 709 1262 virgine
753 1214 917 1261 gravida
965 1223 1001 1251 et
1047 1216 1188 1251 bovem
1218 1210 1222 1268 l
1251 1217 1502 1251 vendendum

134 1252 157 1282 4
188 1284 260 1318 pro
294 1271 473 1319 expensis
506 1271 752 1313 necessariis,
787 1271 879 1320 quia
913 1274 963 1308 ad
989 1274 1192 1309 Bethleem
1227 1272 1300 1309 fuit
1341 1286 1505 1321 magnus

188 1341 406 1365 concursus
446 1329 598 1378 populi,
639 1339 805 1378 propter
845 1343 964 1378 quem
1003 1340 1262 1380 preterquam
1303 1330 1342 1367 in
1383 1333 1504 1367 domo

187 1387 255 1423 illa
297 1387 517 1435 hospitaria
557 1387 761 1424 communi
802 1397 843 1424 ut
876 1389 1034 1425 stabulo
1066 1402 1147 1425 non
1181 1389 1252 1425 fuit
1285 1390 1397 1426 locus
1430 1389 1503 1425 sibi

187 1454 223 1481 et
247 1445 326 1481 suis
343 1444 478 1481 bestiis
503 1447 758 1481 manendum.
795 1448 871 1482 Ista
894 1455 1028 1483 autem
1054 1446 1239 1484 nativitas
1264 1448 1506 1496 prophetata

130 1502 258 1540 zofuit
291 1502 411 1538 Mich.
434 1504 489 1538 V⁰
523 1512 559 1539 et
592 1505 758 1540 Abacuk
793 1506 876 1540 1110.

244 1562 324 1596 Nec
350 1570 506 1597 moveat
531 1560 570 1596 in
595 1561 751 1598 fidelem
777 1563 883 1610 quod
910 1564 1026 1599 beata
1049 1562 1160 1610 virgo
1186 1572 1276 1611 post
1299 1563 1505 1600 Christum
1527 1569 1711 1608 ‘Fir-summ)
1732 1577 1786 1596 son

186 1617 340 1666 peperit
370 1618 493 1655 alium
519 1618 658 1664 lilium,
676 1619 769 1667 quia
793 1619 1083 1667 primogenitus
1107 1621 1253 1657 dicitur
1277 1621 1505 1669 quicunque
1529 1603 1794 1666 “1()ῗῗζζ(ς’ἷ,,ζᾞρ1)’

184 1685 276 1712 ante
309 1689 426 1724 quem
461 1689 541 1713 non
575 1686 632 1713 est
665 1677 765 1713 alius
797 1677 954 1725 genitus
988 1676 1048 1729 (ut
1081 1688 1191 1726 patet
1215 1679 1379 1715 Numeri
1404 1680 1504 1726 111⁰).

185 1733 380 1780 Qualibus
406 1743 539 1771 autem
556 1735 698 1783 pannis
721 1735 887 1772 involvit
903 1736 1108 1773 Christum
1132 1749 1213 1773 non
1239 1746 1296 1773 est
1321 1737 1506 1774 fidelibus

128 1797 167 1830 25
186 1791 414 1838 difficultas,
445 1794 514 1829 sed
550 1802 703 1829 certum
741 1802 798 1830 est
835 1796 943 1843 quod
979 1794 1103 1843 panni
1141 1804 1254 1832 erant
1289 1795 1505 1843 simplices,

184 1849 287 1886 sicut
301 1859 387 1888 tota
403 1851 618 1887 multitudo
634 1851 1037 1889 circumstanciarum
1060 1852 1100 1889 in
1119 1852 1328 1890 nativitate
1345 1853 1505 1889 Domini

185 1916 222 1944 et
246 1908 330 1945 eius
361 1909 670 1946 conversacione
693 1910 925 1947 humanitus
948 1910 1020 1947 fuit
1034 1923 1200 1960 pauper.
1233 1914 1315 1948 Nec
1339 1911 1505 1948 dubium

185 1965 281 2015 quin
309 1967 524 2016 utrobique
553 1969 788 2005 servabatur
811 1969 998 2006 honestas
1028 1970 1210 2006 alludens
1239 1969 1359 2006 statui
1390 1969 1505 2007 inno-

185 2024 320 2061 cencie
359 2037 405 2062 ac
445 2025 718 2072 beatitudinis,
758 2035 795 2063 et
833 2026 924 2064 ideo
964 2036 1145 2076 pastores
1184 2027 1387 2076 simplices
1420 2027 1504 2064 sine

127 2089 169 2122 30
185 2082 351 2120 cautelis
382 2083 540 2121 malicie
569 2083 694 2121 instar
715 2084 1038 2133 patriarcharum
1064 2087 1160 2122 Gen.
1184 2087 1344 2122 XLV110
1368 2087 1504 2123 obser-
1536 2089 1645 2138 vision
1667 2091 1702 2119 of
1719 2092 1768 2119 the

183 2149 322 2178 vantes
345 2141 533 2191 proprios
555 2154 693 2191 greges
708 2142 748 2179 in
762 2143 921 2191 tropico
938 2143 1100 2180 hiemali
1115 2143 1300 2180 viderunt
1315 2145 1501 2192 angelum
1566 2126 1748 2161 ⁵¹¹⁶¹³¹¹⁰''d⁵'

184 2211 275 2235 cum
302 2199 454 2237 lumine
482 2200 596 2249 quasi
627 2200 718 2237 diei.
754 2200 832 2251 Qti
859 2201 960 2238 dixit
981 2202 1034 2238 eis
1056 2203 1159 2251 quod
1180 2210 1292 2239 natus
1314 2210 1369 2239 est
1399 2203 1504 2239 vobis

183 2257 382 2304 Salvator,
413 2258 479 2307 qui
507 2266 563 2295 est
590 2258 770 2295 Christus
797 2260 986 2305 dominus,
1020 2260 1056 2296 in
1089 2261 1242 2297 civitate
1273 2261 1417 2296 David.
1451 2261 1503 2296 Et

183 2314 254 2351 hoc
298 2315 403 2352 vobis
445 2316 620 2367 signum:
658 2317 854 2354 invenietis
892 2318 1076 2367 infantem
1110 2319 1252 2368 pannis
1290 2319 1502 2355 involutum

127 2378 166 2411 35
183 2380 218 2408 et
235 2373 405 2422 positmn
434 2375 470 2410 in
494 2375 688 2424 presepio.
722 2375 774 2411 Et
804 2376 927 2412 subito
939 2377 1055 2425 sacta
1085 2384 1140 2413 est
1162 2389 1246 2413 cum
1271 2377 1337 2413 illo
1361 2377 1503 2428 angelo

183 2431 388 2468 multitudo
416 2432 556 2469 milicie
576 2433 737 2470 celestis.
772 2436 874 2470 Nam
898 2433 1027 2482 angeli
1053 2434 1121 2483 qui
1151 2443 1332 2483 pugnant
1362 2444 1503 2472 contra

249 2563 276 2604 β,
292 2574 322 2599 4.
343 2565 387 2593 A:
409 2566 566 2594 nobilibus
586 2567 633 2593 ab.
681 2575 729 2605 .9.
751 2567 795 2594 A:
816 2566 829 2594 1
849 2566 919 2603 Reg.
941 2567 976 2596 X.
999 2575 1037 2596 cr.
1059 2568 1119 2595 etl
1138 2567 1209 2603 Reg.
1231 2568 1298 2599 XX.
1320 2569 1356 2602 (›;
1377 2569 1416 2596 ib.
1434 2568 1500 2596 DE:

181 2598 310 2628 Mariam
332 2600 427 2628 deest.
511 2610 552 2629 10.
574 2602 619 2628 A:
642 2610 687 2629 sui
709 2602 803 2629 deest.
887 2610 924 2630 12.
947 2603 990 2630 A:
1013 2611 1048 2630 ac
1069 2603 1237 2630 hominem.
1322 2602 1358 2632 13.
1381 2604 1448 2632 DE:
1472 2604 1500 2631 in

182 2635 324 2670 presepio
343 2635 439 2663 deest.
509 2637 550 2664 io.
571 2636 610 2664 13:
634 2644 759 2670 magus:
781 2636 820 2664 ib.
838 2636 862 2664 E
882 2637 910 2664 in
933 2646 1049 2673 marg:
1071 2637 1159 2665 forte.
1229 2646 1267 2674 17.
1283 2638 1352 2666 DE:
1376 2647 1432 2674 pro
1458 2643 1502 2665 ter

179 2669 275 2704 quod.
326 2671 366 2697 18.
386 2671 431 2698 A:
454 2671 636 2706 hospitario.
693 2679 739 2698 20.
762 2670 878 2699 Codd.:
901 2671 992 2700 Mich.
1014 2673 1058 2705 X;
1080 2672 1224 2700 Correxi:
1247 2673 1284 2700 cf.
1306 2673 1397 2701 Mich.
1415 2674 1431 2700 X
1447 2695 1453 2702 .
1475 2681 1500 2700 2.

180 2711 224 2731 22.
240 2703 282 2732 D:
298 2704 474 2741 quicunque
489 2705 584 2733 deest.
634 2704 676 2733 23.
695 2705 762 2734 DE:
779 2711 847 2734 :inte
885 2704 952 2734 u‘em
970 2712 999 2734 et
1014 2711 1084 2743 post
1099 2715 1201 2743 quem.
1252 2707 1298 2735 30.
1315 2708 1356 2736 D:
1374 2708 1499 2736 xxvii.

181 2737 224 2766 33.
246 2739 270 2766 D
291 2739 322 2767 in
343 2747 458 2776 marg:
479 2741 589 2777 Angeli
611 2748 706 2777 quare
727 2741 851 2768 landant
887 2746 983 2769 jeum.
1058 2742 1104 2770 315.
1126 2744 1170 2770 A:
1192 2742 1264 2778 quia
1286 2747 1433 2778 pugnant.

251 2832 306 2856 22.
338 2823 440 2867 Engl.
475 2825 587 2857 Serm.
621 2825 641 2857 1.
674 2835 702 2857 c.
741 2835 819 2869 pag.
855 2825 937 2869 317:
978 2825 1056 2858 And
1090 2826 1115 2858 it
1150 2825 1242 2868 felle,
1280 2826 1389 2859 while
1427 2826 1498 2858 thei

182 2879 303 2902 weren
328 2870 440 2912 there,
466 2880 553 2903 oure
580 2871 665 2904 Ladi
693 2872 777 2904 bare
803 2871 858 2905 hir
883 2873 992 2914 child,
1017 2873 1078 2905 the
1096 2871 1214 2905 which
1234 2883 1304 2905 was
1325 2872 1381 2905 hir
1400 2871 1496 2905 firste

180 2914 286 2956 child,
313 2915 369 2948 for
396 2916 471 2950 him
496 2917 561 2950 she
587 2917 649 2951 bar
673 2918 742 2951 and
770 2929 867 2951 noon
891 2919 1006 2951 other.

1321 2976 1359 3011 ιφ
