1986 3380
141 307 218 342 236

710 312 932 345 JOHANNIS
953 311 1136 343 WYCLlF
1155 312 1409 345 SERMONUM
1445 298 1596 356 [ΞΡ-ἨΜΘ
1620 310 1739 337 XXXII·

138 421 594 469 Theirsulutatiouprimuni
641 420 770 455 dicite:
812 419 898 454 Pax
937 418 1022 453 huic
1060 419 1202 463 dnmui,
1236 418 1328 465 quia
1369 418 1457 454 talis
1497 418 1740 466 imprecacio

139 464 216 490 >lieu
227 476 239 489 s
261 464 321 489 {luit
344 463 412 489 ther

139 507 189 525 are
210 498 355 533 discipu>
376 494 410 524 0'1‘
429 479 601 515 ostendit
652 478 759 525 quod
811 485 901 511 sunt
952 476 1060 523 pacis
1105 475 1288 523 discipuli
1342 485 1378 512 et
1422 489 1501 512 non
1555 475 1739 524 discipuli

227 542 325 568 peuce

153 1703 247 1731 Their
269 1703 406 1738 example

208 1739 282 1765 does
304 1743 354 1765 not

181 1778 314 1800 narrant
336 1774 384 1800 the

157 1808 287 1844 practice
308 1808 342 1834 os
360 1808 408 1835 ilie

233 1845 332 1872 sriars.

428 536 555 584 rapidi
590 533 836 571 Antichristi.
884 535 996 570 Unde
1035 534 1214 578 (Matthei
1256 535 1323 578 X‘',
1357 540 1417 579 14)
1456 533 1600 570 dicitur
1634 536 1740 582 quod

429 596 474 630 de
519 595 681 643 pedihus
733 593 811 628 suis
861 599 1085 628 excuterent
1131 592 1331 640 pulverem
1385 591 1612 628 infidelibus
1662 605 1741 627 non

429 652 713 700 recipientibus
759 652 877 686 verba
929 663 1012 691 sua,
1061 651 1134 685 hoc
1186 659 1255 695 est,
1302 650 1468 686 omnino
1513 651 1774 696 detegerent}

428 720 509 747 tum
545 711 664 746 verbo
699 722 817 757 quam
859 722 978 756 opere
1012 709 1119 755 quod
1159 721 1238 744 non
1280 717 1444 756 propter
1483 708 1742 744 al‘l‘eccionem

429 782 506 817 que
546 769 687 816 pedem
727 766 856 814 signat
895 775 931 802 et
971 766 1077 802 circa
1115 779 1184 802 sua
1224 766 1463 813 temporalia
1503 778 1578 813 que
1618 766 1744 814 pulvis

429 827 609 874 implicat
642 827 708 861 sed
743 834 908 873 propter
941 825 1109 860 salutem
1145 837 1212 860 sue
1246 824 1378 860 anime
1418 833 1454 860 et
1487 824 1542 860 sic
1582 833 1745 871 propter

431 886 577 920 bonum
621 883 826 931 multiplex
865 883 939 919 ista
980 882 1127 918 dicant.
1168 882 1210 917 Si
1249 890 1374 918 aulem
1415 883 1465 918 ibi
1484 882 1612 931 suerit
1633 882 1745 932 filius

425 943 534 992 pacis
567 954 684 990 quem
711 943 815 977 Deus
848 939 1047 977 ordinavit
1081 939 1257 976 converti
1291 942 1339 976 ad
1365 940 1582 976 Dominum
1616 939 1744 976 verbis
1764 953 1802 974 10

430 1001 523 1045 suis,
567 1012 685 1048 super
722 1012 805 1035 eum
846 999 1053 1047 requiescet
1093 1010 1178 1047 pax
1216 999 1395 1047 discipuli
1429 998 1484 1034 sic
1528 997 1740 1045 loquentis.

432 1059 496 1094 Sin
538 1066 663 1094 autem
704 1059 823 1094 verba
863 1056 972 1105 pacis
1011 1069 1090 1092 non
1132 1065 1245 1092 erunt
1280 1056 1496 1104 superflua,
1532 1057 1599 1092 sed
1636 1068 1745 1091 more

432 1117 518 1153 soni
563 1116 694 1152 reflexi
736 1117 785 1152 ad
825 1114 1013 1160 solidum,
1060 1127 1134 1162 pax
1175 1127 1264 1150 cum
1305 1114 1460 1162 premio
1500 1123 1664 1156 causato
1704 1126 1746 1150 ex

433 1175 575 1211 merito
616 1175 667 1210 ad
705 1174 807 1223 ipsos
846 1174 1053 1222 discipulos
1093 1180 1321 1208 revertetur.
1371 1173 1409 1207 In
1448 1173 1579 1208 eadent
1620 1180 1745 1208 autent

433 1235 544 1269 donu)
576 1240 775 1268 manerent
799 1231 946 1267 Christi
979 1230 1164 1278 discipuli
1190 1243 1270 1266 non
1295 1230 1544 1267 circueuntes
1568 1230 1747 1266 civitates
1768 1234 1804 1264 15

432 1301 473 1327 ut
498 1290 711 1326 minstralli
743 1289 948 1326 instabiles
972 1290 1031 1325 vel
1055 1288 1228 1325 mendici
1251 1290 1319 1324 sed
1341 1290 1495 1325 ederent
1525 1296 1559 1324 el
1581 1289 1747 1324 biberent

432 1362 649 1398 quecunque
680 1356 766 1384 sunt
787 1348 917 1398 gratis
950 1348 1001 1383 eis
1034 1347 1230 1396 apposila;
1262 1346 1373 1383 cuius
1406 1359 1517 1383 arras
1549 1346 1587 1381 in
1619 1345 1749 1393 prima

432 1406 680 1443 salutacione
725 1415 1023 1453 cognoscerent.
1077 1407 1156 1440 Nec
1204 1418 1247 1440 ex
1291 1405 1367 1440 isto
1411 1404 1591 1452 sequitur
1641 1404 1747 1452 quod

433 1467 576 1501 domus
609 1464 700 1501 talis
733 1463 869 1511 gratis,
902 1463 942 1499 id
976 1472 1045 1507 est,
1080 1462 1162 1499 sine
1196 1476 1315 1499 causa
1348 1462 1538 1499 laudabili
1571 1463 1631 1498 vel
1665 1462 1748 1498 sine

433 1522 814 1571 recompensacione
842 1522 938 1569 ipsis
967 1521 1160 1557 tribueret
1190 1521 1265 1557 ista
1289 1523 1406 1561 bona,
1432 1534 1521 1556 cum
1546 1520 1748 1570 operarius
1765 1532 1806 1553 20

434 1581 656 1629 corporalis
707 1581 754 1616 sit
806 1581 948 1629 dignus
999 1580 1173 1616 mercede
1221 1592 1289 1615 Sua
1341 1588 1377 1615 et
1422 1580 1537 1626 longe
1590 1577 1748 1625 dignior

434 1639 642 1688 operarius
676 1638 908 1686 spiritualis.

492 1700 540 1733 Et
574 1706 706 1745 preter
745 1696 863 1732 istum
904 1704 1052 1732 textum
1094 1707 1300 1743 nunquam
1342 1694 1469 1743 reperi
1510 1695 1616 1742 quod
1659 1694 1749 1729 licet

435 1755 624 1792 fratribus
671 1753 840 1791 circuire
888 1753 1066 1790 civitates
1111 1762 1148 1789 et
1188 1752 1337 1801 patrias
1384 1752 1651 1788 mendicando
1690 1751 1751 1787 vel

436 1815 485 1850 ad
524 1826 625 1849 onus
658 1814 872 1849 domorum
914 1825 1011 1860 quas
1043 1810 1204 1847 visitant
1237 1823 1258 1846 a
1298 1810 1458 1847 cibariis
1496 1810 1751 1857 singulariter
1769 1813 1808 1845 25

436 1871 687 1908 abstinendo.
737 1872 814 1906 Sed
860 1879 1000 1906 contra
1045 1869 1216 1917 primam
1265 1867 1610 1916 extravaganciam
1657 1867 1752 1903 dicit

437 1929 636 1966 Christus:
673 1930 712 1964 In
751 1929 882 1965 eudem
918 1929 1031 1963 domo
1070 1935 1238 1971 manete;
1277 1935 1313 1962 et
1354 1935 1493 1963 contra
1533 1926 1749 1962 secundam

437 1987 532 2024 dicit
572 1988 724 2024 edentes
762 1994 795 2022 et
829 1986 994 2022 bibentes
1027 1998 1096 2034 que
1135 1986 1240 2034 apud
1272 1985 1359 2021 illos
1390 1992 1489 2021 sunt.
1536 1984 1611 2020 Sed
1651 1983 1752 2019 sicut

436 2054 666 2094 pervertunt
701 2045 819 2081 fidem
853 2043 1060 2092 antiquam
1095 2043 1133 2079 in
1166 2042 1440 2087 sacramentis,
1473 2041 1529 2079 sic
1563 2050 1599 2077 et
1633 2041 1750 2077 fidem

438 2103 629 2151 evangelii
675 2103 715 2138 in
759 2102 844 2138 istis
893 2110 930 2138 et
971 2100 1106 2137 multis
1145 2100 1362 2146 similibus;
1405 2109 1442 2137 et
1482 2112 1550 2148 per
1593 2112 1751 2136 sensum
1771 2104 1812 2136 30

437 2161 687 2198 consimilem
718 2159 877 2197 fundari
907 2168 1038 2208 potest
1062 2159 1228 2195 fratrum
1263 2158 1511 2194 mendicacio
1545 2157 1753 2206 generalis,

439 2234 484 2257 eo
508 2221 615 2268 quod
641 2231 684 2256 ex
708 2217 976 2255 retribucione
1005 2216 1396 2265 superhabundantis
1420 2216 1514 2252 boni
1537 2214 1755 2264 spiritualis

438 2279 582 2314 debent
605 2289 723 2325 super
747 2289 813 2313 eos
837 2289 937 2324 quos
960 2275 1160 2311 instruunt
1184 2276 1289 2311 bona
1312 2273 1536 2323 spiritualia
1558 2272 1755 2310 seminare

439 2345 474 2373 et
499 2344 588 2384 post
617 2334 693 2371 nisi
726 2336 775 2371 ad
809 2333 1086 2370 necessitatem
1121 2332 1181 2369 sui
1215 2332 1425 2380 singularis
1458 2330 1579 2368 officii
1614 2343 1756 2379 capere

439 2394 524 2442 ipsa
557 2395 674 2430 bona.
710 2392 855 2429 Paulus
889 2391 992 2428 enim
1029 2390 1269 2427 mendicavit
1303 2389 1509 2438 egentibus
1536 2389 1754 2425 Jerusalem
1774 2392 1812 2424 35

440 2451 524 2503 (sed
558 2464 639 2488 non
671 2449 812 2487 validis
846 2447 1186 2494 mendicantibus)
1220 2447 1364 2497 quibus
1397 2447 1558 2484 aliunde
1592 2446 1714 2483 defuit
1750 2438 1852 2500 1ΡοῙὲ

441 2508 723 2558 opportunitas
768 2507 992 2545 laborandi.
1039 2509 1119 2543 Nec
1162 2507 1220 2554 (ut
1264 2514 1374 2554 patet
1414 2507 1499 2542 Act.
1533 2505 1639 2552 XX0)
1683 2495 1837 2540 fuit²¹o

511 2640 529 2659 ι.
551 2631 623 2659 Ab:
646 2630 697 2666 qui
719 2631 797 2658 talis.
854 2639 880 2664 7.
903 2630 971 2657 DE:
994 2638 1051 2665 que
1073 2629 1186 2663 pedum
1209 2628 1306 2663 signat
1328 2627 1417 2655 circa.
1476 2635 1514 2654 12.
1530 2627 1573 2663 A:
1597 2626 1619 2653 si
1641 2630 1753 2652 nutem.

442 2666 480 2699 13,
502 2675 542 2699 η.
564 2675 598 2693 ex
620 2666 729 2693 merito
751 2666 844 2693 deest.
990 2665 1030 2692 ui.
1053 2663 1120 2692 lui:
1143 2663 1326 2691 ministram.
1471 2670 1509 2696 17-
1533 2660 1600 2688 DE:
1621 2669 1656 2688 ex
1677 2660 1753 2695 ipsa.

441 2701 483 2729 23.
505 2702 532 2728 A
555 2701 582 2728 in
607 2709 720 2734 marga
743 2701 858 2727 fotura
880 2698 1143 2727 mmdieacionem
1166 2698 1305 2725 fratrum.
1380 2704 1423 2731 27.
1445 2697 1489 2724 A:
1510 2700 1537 2723 et
1558 2701 1663 2723 contra
1684 2702 1755 2722 cou-

441 2736 588 2769 trnrium;
619 2736 659 2762 ibi
683 2735 722 2762 b:
746 2735 926 2762 secundum.
1025 2741 1070 2767 29.
1092 2735 1136 2761 A:
1159 2733 1248 2760 tidem
1271 2731 1464 2759 Anticlu-isii.
1562 2729 1608 2761 34.
1631 2731 1673 2757 A:
1695 2737 1754 2756 uon

442 2771 511 2798 sini.
587 2769 632 2797 30.
656 2770 724 2797 DE:
745 2770 868 2796 aliunde
888 2769 954 2796 suit.
1027 2767 1072 2803 37.
1095 2768 1213 2795 Codd.:
1238 2771 1266 2794 ut
1290 2770 1369 2801 putet
1391 2767 1447 2793 Act
1471 2765 1549 2793 xxo.
1571 2764 1644 2792 Nec.

516 2853 540 2873 1.
569 2844 679 2874 Lucae
708 2842 749 2882 X,
779 2842 806 2873 5.
911 2840 958 2872 16.
980 2840 1125 2881 Vulgzite
1154 2840 1193 2877 X,
1220 2849 1255 2880 7:
1282 2838 1320 2870 In
1348 2838 1471 2870 eadem
1500 2841 1619 2869 autem
1647 2835 1754 2867 domo

441 2894 578 2968 Ξῧνιιειξ
596 2888 735 2922 edentes
753 2891 787 2920 et
803 2887 954 2920 bibentes
972 2895 1036 2929 que
1054 2885 1151 2927 apud
1170 2885 1246 2917 illos
1270 2889 1361 2917 sunt.
1453 2882 1598 2925 35—37.
1627 2881 1648 2914 1.
1671 2881 1752 2913 Cor.

525 2960 532 2976 ,
582 2959 591 2968 .
