1986 3380
223 275 358 304 SERMo
380 265 520 322 xxvir]
695 278 909 310 SECUNDA
937 277 1062 308 PARS.

224 385 370 421 dicitur
404 398 475 433 pro
510 384 617 421 finali
651 384 819 432 premio,
852 383 1042 432 quoniam
1078 385 1249 433 ipsorum
1283 392 1338 419 est
1371 396 1533 433 regnum

224 445 406 479 celorum.
454 443 563 479 Sicut
603 442 707 478 enim
748 451 887 478 ventus
931 441 1101 477 turbinis
1147 443 1207 478 vel
1252 441 1535 489 impressiones

224 501 325 537 aeris
357 514 438 537 non
471 499 695 548 impediunt
741 500 869 536 celum
915 501 964 536 ab
1009 500 1148 536 ordine
1183 499 1242 535 sui
1288 508 1433 542 motus,
1480 500 1533 536 sic

224 558 551 607 perturbaciones
600 557 719 594 seculi
771 571 851 594 non
909 557 1132 606 impediunt
1191 558 1245 594 sic
1298 557 1533 598 virtuosum,

190 616 385 653 Seciamsi
431 629 539 652 mors
583 615 800 657 advenerit,
843 629 865 652 a
903 629 975 652 suo
1014 616 1224 664 proposito
1265 616 1534 663 promerendi,

222 688 315 711 nam
350 674 490 712 talium
525 673 784 710 conversacio
830 683 885 710 est
920 674 958 709 in
993 673 1098 710 celis.
1155 677 1234 710 Nec
1273 673 1387 710 video
1429 675 1534 721 quod

222 732 288 769 alii
321 741 411 768 sunt
443 745 533 768 vere
573 741 767 779 martyres
807 733 867 768 vel
910 732 1103 774 salvandi,
1144 733 1212 768 sed
1258 731 1351 780 quia
1391 733 1535 767 debent

223 803 306 827 esse
339 791 465 838 legem
508 790 764 826 defendentes
805 799 841 826 et
887 798 1122 838 exequentes
1167 803 1301 837 opere,
1348 789 1534 828 sciencia,

227 847 509 885 exhortacione
533 857 569 884 et
594 847 776 884 doctrina
800 849 922 896 (quod
949 848 1169 895 figurarunt
1186 847 1356 895 apostoli
1375 847 1536 884 Christo

170 918 207 939 ιο
226 905 442 954 propinqui
476 915 513 942 et
546 905 666 942 medii
705 905 808 942 inter
848 905 979 954 ipsum
1014 915 1050 942 et
1092 907 1315 953 populum),
1362 904 1452 941 ideo
1486 907 1535 941 ad

224 964 333 1012 ipsos
367 963 500 1011 dirigit
534 976 759 1000 sermonem
808 963 1102 1000 exhortacionis
1148 972 1184 1000 et
1229 963 1268 999 in
1314 963 1409 1011 ipsis
1454 976 1535 999 non

224 1021 390 1058 dubium
436 1021 653 1058 animative
698 1021 876 1070 loquitur
921 1021 1226 1070 quibuscunque
1269 1021 1433 1070 prelatis
1477 1022 1534 1057 vel

221 1079 456 1128 apostolicis
501 1079 568 1128 qui
615 1079 723 1128 ipsos
768 1079 899 1116 debite
944 1079 1172 1116 imitantur:
1219 1079 1344 1125 Beati,
1392 1079 1533 1128 inquit,

221 1138 323 1184 estis,
368 1150 453 1174 cum
495 1138 770 1174 maledixerint
810 1138 914 1174 vobis
952 1138 1124 1174 homines
1167 1146 1201 1174 et
1241 1138 1439 1187 persecuti
1471 1150 1536 1173 vos

169 1197 367 1245 15suerint
398 1203 433 1232 et
465 1196 638 1232 dixerint
670 1209 779 1232 omne
811 1197 954 1232 malum
988 1197 1195 1232 adversum
1222 1209 1288 1232 vos
1311 1196 1536 1232 mencientes

215 1262 382 1304 propter
413 1267 485 1300 me,
523 1255 693 1304 gaudete
725 1262 759 1290 et
792 1255 977 1299 exultate,
1018 1255 1193 1303 quoniam
1229 1266 1375 1290 merces
1408 1261 1535 1290 vestra

221 1312 373 1362 copiosa
407 1319 463 1348 est
495 1312 531 1347 in
565 1313 666 1348 celis.

278 1373 331 1406 Ex
365 1369 509 1418 quibus
542 1370 670 1406 verbis
704 1370 809 1406 fideli
843 1370 965 1406 vianti
999 1369 1239 1406 dulcissimis
1273 1379 1353 1406 tam
1388 1370 1535 1406 doctri-

221 1428 377 1465 nalibus
410 1441 530 1476 quam
565 1428 810 1476 propheticis
851 1428 1132 1476 expergefieret
1172 1428 1465 1476 evangelizator
1498 1437 1534 1464 et

165 1497 205 1517 20
222 1495 382 1523 curatus
423 1495 459 1522 et
497 1485 795 1529 semimortuus,
842 1485 872 1521 si
912 1487 1008 1523 fides
1047 1486 1086 1521 in
1119 1486 1206 1534 ipso
1250 1499 1330 1522 non
1375 1486 1532 1522 titubet.

222 1544 394 1581 Predicit
428 1544 532 1580 enim
568 1544 749 1580 Christus
783 1544 1017 1592 prophetice
1050 1545 1158 1592 quod
1192 1545 1289 1580 tales
1319 1544 1531 1592 apostolici

223 1604 393 1639 debeant
426 1615 508 1638 non
541 1602 696 1647 timere,
731 1611 767 1638 et
801 1603 905 1638 nude
940 1612 1105 1650 propter
1138 1602 1442 1650 persecuciones
1463 1603 1532 1638 has

221 1660 397 1708 triplices
432 1661 601 1696 debeant
635 1662 906 1707 congaudereg
942 1660 1072 1708 prima
1103 1673 1195 1706 ergo
1229 1660 1442 1696 insultacio
1476 1669 1532 1696 est

221 1718 457 1755 Antichristi
490 1730 561 1766 per
585 1718 895 1754 maledicciones
919 1727 955 1754 et
979 1718 1432 1759 excommunicaciones,
1466 1720 1533 1754 sed

167 1778 204 1809 25
221 1789 360 1813 omnes
405 1776 462 1812 illi
506 1785 597 1812 sunt
642 1776 837 1822 homines,
877 1776 971 1824 quia
1016 1777 1181 1812 humum
1226 1777 1287 1813 vel
1331 1775 1534 1812 terrestria

223 1834 444 1882 sapiente33
491 1833 635 1870 siciunt
681 1834 786 1870 enim
822 1835 1047 1871 mundanos
1082 1836 1254 1871 honores
1300 1843 1336 1870 et
1370 1833 1534 1882 propria

221 1894 437 1929 commoda
469 1901 628 1929 terrena
659 1905 741 1929 non
765 1893 959 1929 honorem
987 1891 1059 1930 Dei
1083 1893 1144 1929 vel
1167 1894 1272 1929 bona
1295 1891 1533 1940 spiritualia,

220 1959 262 1987 ut
314 1951 354 1986 in
407 1949 618 1987 celestibus
670 1959 964 1987 conversantes.
1027 1951 1144 1987 Tales
1197 1946 1397 2003 (inquam)
1444 1959 1533 1986 sunt

221 2008 403 2045 homines
427 2008 493 2056 qui
511 2008 744 2057 apostolicis
762 2008 1020 2053 maledicunt,
1037 2022 1172 2057 ymmo
1189 2017 1371 2057 tempore
1388 2008 1534 2044 Christi

164 2069 205 2100 30
221 2068 451 2103 sacerdotes
497 2075 533 2103 et
585 2066 760 2114 pharisei
812 2076 849 2103 et
894 2066 1024 2103 scribe
1069 2066 1254 2103 arraliter
1299 2066 1534 2114 inceperunt

221 2120 283 2178 (ut
316 2133 426 2172 patet
457 2125 544 2161 Joh.
570 2120 682 2177 IX0);
716 2137 789 2161 nec
823 2124 1054 2173 quietantur
1087 2124 1126 2161 in
1149 2124 1224 2161 ista
1246 2124 1534 2161 malediccione

221 2184 289 2219 sed
324 2182 605 2219 machinantur
627 2195 773 2219 nocere
797 2182 1036 2219 christicolis
1061 2182 1223 2231 vulpina
1247 2181 1533 2231 persecucione

221 2250 263 2276 ut
309 2241 401 2277 ficta
447 2239 651 2286 citatione,
704 2240 968 2278 insidiacione
1014 2250 1050 2277 et
1095 2240 1432 2277 incarceracione.
1486 2242 1534 2276 Et

221 2297 346 2335 tercio
379 2298 475 2348 quid
508 2312 578 2347 per
606 2312 658 2344 se,
692 2298 788 2347 quid
812 2311 882 2347 per
905 2308 1189 2347 procuratores
1217 2298 1387 2335 dixerint
1416 2311 1535 2335 omne

164 2361 202 2392 ’.ἐς
220 2369 343 2404 genus
377 2356 472 2393 mali
495 2369 595 2405 pene
618 2357 678 2393 vel
702 2356 881 2394 scandali
904 2358 1115 2394 adversum
1138 2356 1284 2394 Christi
1316 2357 1534 2405 discipulos

223 2415 350 2463 legem
383 2428 497 2451 suam
530 2414 696 2452 viriliter
730 2416 1000 2461 defendentes,
1035 2417 1103 2452 sed
1136 2424 1297 2463 oportet
1320 2416 1370 2452 ad
1395 2428 1535 2452 eorum

221 2472 525 2519 beatitudinem,
567 2474 674 2522 quod
719 2472 956 2510 insultantes
1001 2473 1040 2509 in
1079 2486 1199 2510 causa
1232 2473 1380 2510 Christi
1412 2486 1534 2522 quarn

290 2593 308 2611 1.
330 2585 373 2612 A:
397 2584 479 2619 quod
501 2584 652 2620 ipsorum.
744 2593 768 2612 2.
792 2585 829 2612 E:
853 2584 934 2612 enim
957 2585 1050 2612 deest.
1148 2594 1177 2619 4.
1200 2585 1268 2613 DE:
1292 2587 1530 2621 perturbatores.

218 2628 243 2658 7.
268 2619 306 2646 13:
329 2619 400 2654 quia
420 2619 513 2646 deest.
600 2620 626 2647 8.
650 2619 717 2646 DE:
740 2624 862 2655 oportet
882 2628 958 2647 esse.
1046 2629 1079 2648 1¹.
1102 2621 1171 2648 DE:
1193 2629 1368 2655 sermones3
1401 2621 1440 2649 ib.
1464 2622 1531 2649 DE:

218 2662 247 2681 ln
270 2654 363 2681 deest.
474 2654 509 2681 15.
532 2655 575 2681 A:
597 2659 624 2681 et
645 2654 777 2681 dixerint
798 2655 899 2688 deest:
930 2655 970 2682 ib.
992 2656 1034 2682 A:
1057 2655 1215 2683 adversus.
1334 2657 1374 2684 [Ο.
1396 2657 1439 2684 A:
1462 2657 1533 2692 quia

219 2697 346 2728 merces.
466 2696 512 2716 20.
533 2690 578 2717 A:
599 2694 627 2728 e't
647 2689 740 2716 deest.
861 2697 900 2716 21.
924 2689 992 2717 DE:
1014 2690 1105 2725 quid;
1135 2691 1175 2718 ib.
1198 2691 1242 2718 A:
1264 2691 1338 2717 tales
1359 2692 1531 2726 apostatici.

218 2722 260 2750 23.
283 2724 310 2751 A
331 2731 361 2750 ιη
383 2731 497 2758 marg:
522 2732 546 2757 ις
569 2724 591 2751 E
611 2732 641 2751 ln
664 2732 731 2751 mar
755 2734 778 2751 .:
801 2724 903 2751 Prima
923 2724 1087 2752 insultacio
1107 2725 1301 2752 Antichristi.
1399 2726 1439 2753 25.
1462 2726 1531 2753 DE:

218 2758 268 2793 qui
300 2758 471 2785 humanum
503 2759 558 2786 vel.
703 2766 717 2785 2
744 2781 750 2786 .
781 2760 825 2786 A:
855 2759 983 2793 cupiunt
1013 2760 1112 2791 euim:
1142 2760 1181 2787 ib.
1206 2760 1244 2786 E:
1276 2761 1409 2787 honores
1438 2761 1523 2788 deest

217 2794 262 2819 28.
283 2793 328 2820 A:
351 2796 382 2831 ut
403 2792 496 2819 deest.
622 2801 670 2828 29.
694 2794 731 2821 E:
753 2802 859 2829 ymmo
881 2794 1050 2822 Christum.
1183 2794 1222 2823 31.
1244 2795 1298 2822 Al:⁴
1320 2795 1350 2822 in
1372 2803 1484 2830 marg:
1506 2803 1530 2828 2,

217 2826 264 2860 34.
285 2827 340 2854 ΑΕ
360 2835 389 2854 ιη
411 2835 524 2861 marga
546 2826 571 2855 3.
1445 2833 1449 2835 “

290 2899 340 2930 15.
368 2897 488 2931 Matth.
508 2899 550 2939 V,
575 2910 625 2932 10.

1745 279 1814 304 201

1602 1670 1774 1696 Antichrist

1602 1705 1707 1731 makes
1728 1704 1776 1730 his

1627 1740 1753 1768 attacks,

1569 1783 1587 1801 1.
1612 1775 1649 1810 by
1670 1774 1804 1807 cursing.

1561 2198 1585 2217 2.
1609 2192 1646 2227 by
1668 2191 1811 2218 citationis

1660 2226 1718 2253 and

1561 2261 1811 2296 imprisonmem,

1567 2422 1591 2451 3.
1615 2424 1652 2460 by
1673 2425 1806 2460 slander,
