1986 3380
223 281 358 309 SERMO
380 271 491 328 xvir]
697 283 909 316 SECUNDA
936 284 1063 317 PARS.

223 393 349 427 Deum
390 404 518 427 suum.
560 391 636 427 Sed
677 390 769 438 quia
809 392 858 426 ad
898 390 1192 427 mercacionem
1226 390 1342 426 istam
1376 400 1535 439 oportet

222 458 467 486 mercantem
490 461 628 485 cavere
644 449 692 484 de
706 448 881 496 peccatis
901 448 1127 485 carnalibus
1143 460 1218 497 que
1238 457 1329 484 sunt
1343 461 1536 497 sompnus

221 507 352 543 anime
386 516 421 544 et
452 515 591 544 contra
624 507 756 543 hostes
787 519 831 543 ac
856 519 928 554 pro
962 506 1235 543 continuanda
1266 506 1535 543 sollicitudine

221 565 341 601 divini
368 564 576 601 ministerii
599 573 758 612 oportet
778 564 996 600 instancius
1014 564 1189 612 vigilare,
1207 564 1297 601 ideo
1320 573 1536 613 utrumque

187 623 390 670 §precipit
423 622 669 671 evangelium
706 631 996 670 consequenter
1030 635 1119 658 cum
1155 622 1268 658 dicit:
1304 623 1387 658 Sint
1419 623 1539 659 lumbi

221 681 340 717 vestri
376 681 567 730 precincti
608 688 643 717 et
688 680 842 716 lucerne
880 681 1060 717 ardentes
1098 681 1133 716 in
1171 680 1346 716 manibus
1383 681 1533 717 vestris.

223 740 397 775 [umbos
421 750 595 787 namque
618 738 900 786 precingimus‚
932 751 1020 774 cum
1052 738 1274 786 appetitum
1303 738 1534 775 sensitivum

219 809 240 832 a
285 806 451 845 peccato
495 797 585 845 gule
629 805 748 844 atque
792 795 943 832 luxurie
989 805 1231 842 coartamus7
1277 804 1315 832 et
1352 797 1535 833 lucernas

219 856 403 891 ardentes
442 864 622 891 tenemus
660 853 698 889 in
738 853 935 899 manibus,
977 856 1138 903 quando
1171 854 1359 891 virtutem
1394 866 1535 903 opera-

166 923 203 945 10
218 912 339 949 rivam
379 921 557 949 nostram
597 913 817 948 secundum
858 911 1035 948 caritatis
1076 912 1375 960 splendenciam
1415 925 1535 961 coap-

218 979 362 1007 tamus.

275 1028 323 1064 Et
367 1036 560 1077 quantum
613 1028 661 1064 ad
706 1027 860 1075 vigilias
905 1028 1047 1077 quibus
1093 1036 1255 1065 cavetur
1298 1041 1320 1065 a
1363 1040 1534 1077 sompno

218 1086 372 1122 letifero
411 1094 502 1122 sunt
536 1087 612 1122 due
643 1085 703 1122 vie
736 1094 902 1134 propter
935 1099 1033 1134 quas
1072 1085 1144 1122 iste
1177 1085 1309 1134 vigilie
1341 1095 1431 1122 sunt
1464 1099 1534 1123 no-

217 1145 357 1187 tande:
397 1144 527 1191 prima
569 1153 611 1179 ut
657 1157 825 1191 sponsus
867 1145 964 1180 dans
1012 1146 1236 1181 mercedem
1276 1144 1535 1181 beatitudinis

164 1202 201 1234 15
218 1201 266 1237 sit
300 1202 483 1250 pai-acius
523 1202 787 1238 introductus.
830 1202 982 1250 Nupcie
1020 1212 1153 1239 autem
1195 1202 1330 1251 sponsi
1370 1202 1536 1239 ecclesie

219 1268 309 1295 sunt
343 1259 502 1296 deitatis
536 1269 571 1296 et
601 1260 862 1296 humanitatis
888 1259 1034 1297 Christi
1069 1260 1306 1297 coniunccio
1340 1273 1361 1297 a
1392 1260 1535 1309 quibus

218 1317 373 1366 nupciis
418 1327 460 1354 ut
507 1318 639 1354 medio
685 1327 779 1365 apto
826 1319 1038 1367 copulatur
1082 1318 1260 1365 ecclesie,
1300 1318 1356 1355 sic
1400 1327 1536 1355 tamen

218 1377 326 1424 quod
371 1388 452 1412 non
497 1384 757 1424 peccatorum
803 1376 1003 1424 repagulis
1049 1376 1224 1414 inveniat
1262 1376 1409 1413 ostium
1450 1376 1533 1413 eius

218 1435 411 1470 clausum.

160 1506 203 1528 20
274 1491 391 1528 Venit
415 1500 547 1528 autem
571 1493 682 1528 Jesus
706 1493 755 1528 ad
779 1492 925 1528 ostium
950 1492 1114 1529 viatoris
1142 1501 1179 1529 et
1202 1493 1346 1541 pulsat,
1371 1493 1533 1541 quando

1749 277 1815 313 131

1604 1034 1662 1063 We
1683 1040 1766 1063 must

1563 1071 1672 1098 watch.
1695 1071 1753 1098 and
1778 1072 1811 1098 be

1558 1106 1647 1140 ready
1669 1110 1699 1132 to
1720 1106 1816 1133 admit

1629 1140 1743 1167 Christ.

1565 1498 1669 1526 Christ
1690 1499 1806 1526 knocks

1560 1539 1589 1561 at
1609 1534 1658 1560 the
1679 1534 1757 1561 door
1776 1534 1807 1560 in

218 1551 437 1586 secundum
464 1550 662 1586 Kalendas
694 1550 834 1586 mortis
863 1550 1164 1587 infirmitatibus
1195 1550 1375 1599 corporis
1400 1550 1530 1599 ipsum
1546 1569 1596 1596 the
1617 1568 1772 1604 approach
1793 1569 1828 1595 of

218 1616 368 1656 gravat.
401 1609 515 1644 Tunc
549 1607 653 1644 enim
688 1609 833 1644 debent
866 1608 1002 1645 fideles
1035 1608 1181 1644 ostium
1216 1608 1349 1645 anime
1373 1608 1532 1645 Christo

218 1666 343 1702 lacius
376 1674 496 1714 atque
529 1666 696 1702 celerius
728 1666 896 1714 aperire,
932 1666 1024 1715 quia
1056 1666 1148 1703 licet
1180 1679 1320 1703 omnes
1348 1675 1533 1703 tenentur

219 1724 407 1760 continue
439 1725 659 1760 secundum
689 1725 846 1773 regulas
880 1724 1058 1761 caritatis
1090 1736 1247 1761 servare
1269 1733 1352 1761 tam
1385 1724 1533 1761 ostium

162 1784 202 1818 25
219 1795 337 1831 quam
361 1783 522 1819 oculum
546 1791 729 1831 apertum
747 1782 907 1820 Christo
923 1791 1005 1820 tam
1027 1784 1247 1819 secundum
1271 1782 1532 1819 affeccionem

218 1853 338 1889 quam
372 1840 647 1886 intuicionem,
687 1849 822 1877 tamen
854 1840 894 1877 in
928 1840 1068 1877 mortis
1106 1840 1276 1878 articulo
1310 1842 1426 1877 debet
1458 1840 1534 1877 ista

216 1898 340 1935 lacius
379 1898 547 1947 aperire.
593 1901 674 1935 Nec
714 1907 821 1936 caret
860 1898 949 1935 talis
987 1898 1121 1947 vigilia
1158 1899 1338 1935 notando
1376 1898 1532 1947 premio

217 1969 308 1993 cum
333 1957 392 2003 (ut
413 1956 509 1993 dicit
523 1956 694 2005 Veritas)
712 1969 785 2005 pro
809 1969 880 1994 suo
902 1966 1085 2005 tempore
1108 1956 1186 1994 sint
1207 1956 1326 1994 beati.
1351 1957 1532 1994 Christus

217 2023 350 2052 autem
398 2014 603 2063 precinget
645 2027 685 2051 se
730 2015 852 2052 linteo
893 2015 1123 2052 ministrans
1166 2015 1326 2061 talibus,
1371 2016 1533 2064 quando

160 2076 202 2110 30
217 2073 436 2109 seeundum
466 2085 589 2121 opera
618 2073 991 2122 supererogacionis
1019 2074 1124 2110 ultra
1153 2073 1396 2121 condignum
1425 2073 1533 2122 ipsos

217 2130 390 2167 finaliter
421 2130 637 2180 premiabit
669 2144 715 2168 ac
747 2131 778 2168 si
811 2140 975 2180 paratus
1015 2140 1052 2168 et
1084 2140 1259 2168 attentus
1293 2130 1532 2168 distribuere

216 2189 371 2237 premia
410 2189 531 2226 servis
569 2189 648 2225 suis
687 2189 773 2238 ipsa
811 2189 966 2238 premia
1004 2189 1158 2226 inclusa
1197 2189 1236 2226 in
1279 2189 1403 2226 linteo
1442 2202 1532 2238 par-

216 2247 375 2292 tiretur3
422 2256 459 2283 et
497 2246 571 2284 ista
616 2256 731 2284 erunt
768 2247 969 2284 iniciative
1015 2256 1052 2284 et
1090 2247 1275 2285 arraliter
1312 2247 1352 2284 in
1391 2247 1532 2284 mortis

216 2305 385 2342 articulo
409 2307 476 2341 sed
503 2305 820 2342 consummative
845 2314 881 2342 et
904 2305 1076 2342 finaliter
1099 2305 1139 2342 in
1168 2313 1344 2342 extremo
1367 2304 1530 2342 iudicio.

160 2367 199 2400 35
216 2365 264 2399 Et
296 2363 510 2400 dividendo
543 2372 671 2400 totam
712 2363 923 2412 periodum
963 2363 1138 2401 hominis
1176 2363 1216 2399 in
1255 2372 1334 2400 tres
1373 2363 1530 2409 tercias,

215 2430 325 2469 patet
357 2423 465 2470 quod
502 2422 612 2458 nulla
651 2434 788 2458 earum
828 2422 1049 2458 excluditur
1087 2430 1253 2470 propter
1291 2421 1530 2470 parvitatem

217 2478 361 2525 meriti,
387 2479 483 2528 quin
507 2480 687 2517 Christus
710 2479 856 2516 talibus
885 2479 1006 2517 servis
1031 2479 1214 2516 fidelibus
1236 2479 1293 2516 sie
1316 2479 1530 2516 ministrat.

284 2621 309 2641 2.
331 2613 399 2641 DE:
430 2613 587 2641 veritatem
614 2622 738 2648 cavere3
767 2614 807 2642 ib.
829 2614 874 2642 A:
904 2614 1094 2646 casualibus;
1125 2613 1165 2641 ib.
1186 2614 1231 2641 A:
1261 2618 1333 2641 sunt
1358 2613 1458 2648 deest:
1488 2613 1528 2641 ib.

214 2647 288 2676 AD:
310 2648 474 2683 sompniis.
577 2648 602 2681 5,
623 2647 651 2675 6.
672 2649 743 2676 AE:
764 2656 833 2676 cum
855 2648 929 2676 dicit
947 2664 981 2668 —
1000 2648 1110 2676 vestris
1130 2648 1224 2676 deest.
1327 2657 1356 2684 9.
1377 2649 1422 2676 A:
1444 2648 1528 2684 quin.

216 2682 254 2710 13.
282 2683 326 2710 A:
360 2683 504 2716 Iucifero;
536 2683 576 2710 ib.
607 2683 646 2711 E:
677 2684 736 2711 due
765 2683 937 2716 evidencie:
970 2683 1010 2710 ib.
1041 2682 1080 2710 E:
1116 2687 1243 2719 propter
1269 2698 1304 2702 —
1333 2687 1405 2710 sunt
1433 2683 1527 2710 deest.

214 2724 253 2744 21.
274 2718 319 2745 A:
340 2718 449 2746 mortis
470 2718 562 2745 deest.
660 2725 702 2745 22.
724 2718 797 2746 AD:
819 2718 945 2746 Christi.
1043 2725 1057 2744 2
1081 2739 1086 2745 .
1108 2717 1132 2745 E
1152 2718 1182 2745 in
1203 2725 1317 2753 marg:
1338 2718 1426 2745 Jesus
1447 2717 1529 2744 venit

1047 2726 1159 2780 tgeolo.
1241 2751 1280 2780 31.
1301 2753 1344 2780 D:
1366 2752 1526 2779 distribue.

215 2752 252 2779 ad
273 2752 419 2780 hostium.
501 2753 547 2780 28.
568 2753 614 2780 A:
636 2757 668 2780 ut
688 2753 781 2781 deest.
866 2761 881 2781 2
908 2774 914 2780 .
935 2754 979 2781 A:
1001 2753 1042 2780 lin

216 2785 258 2826 .3²·
279 2786 347 2814 DE:
369 2788 400 2814 in
415 2787 514 2827 deest.
570 2786 674 2827 332E:
698 2788 826 2827 realiter.
882 2761 928 2822 34.

214 2821 255 2848 1b.
275 2821 316 2849 E:
337 2822 472 2850 homlms
493 2822 594 2857 deest;
615 2823 656 2850 1b.
678 2827 780 2851 tercia.

949 2787 1019 2815 DE:
1040 2795 1074 2815 ac
1094 2786 1232 2815 finaliter.
1289 2786 1330 2815 35.
1345 2787 1390 2814 A:
1410 2790 1526 2820 totum;

285 2904 316 2937 6.
344 2906 458 2938 Lucae
490 2917 540 2945 12,
568 2905 620 2938 35.

1347 2975 1366 3007 9

1635 1603 1734 1630 death.
