1986 3380
183 300 233 345 φᾶ

208 536 230 562 Ιῐ
254 536 379 568 belongs
400 539 429 559 to

248 570 341 603 Κίιιμς
363 574 392 607 ¹5¹

184 606 314 639 regulate
335 608 454 639 priests

212 1752 450 1787 Righteonsness

255 1787 288 1814 ot*
304 1786 411 1813 John's

265 1826 396 1856 parents.

768 303 990 336 JOHANNIS
1010 302 1194 335 WYCLIF
1212 302 1467 335 SERMONUM
1531 287 1683 345 [SERMO
1704 299 1784 327 XIV-

470 408 684 446 Zacharias
717 418 830 457 pater
863 408 1040 457 Baptiste
1077 408 1151 444 fuit
1191 409 1239 444 de
1278 408 1381 445 linea
1414 409 1523 456 Abye
1563 407 1782 444 sacerdotis

472 466 534 503 cui
568 466 711 503 cecidit
744 480 829 503 sors
862 466 902 503 in
934 476 1076 503 octava
1109 467 1336 503 ebdomada
1370 465 1637 503 ministrandi.

530 526 583 560 Ex
617 538 696 573 quo
729 526 951 561 notandum
986 533 1044 561 est
1076 526 1184 573 quod
1217 526 1266 561 ad
1297 537 1407 572 reges
1432 523 1603 572 pertinet
1636 532 1782 560 statum

471 584 725 619 sacerdotum
761 592 797 618 et
832 581 1107 618 ministrorum
1142 582 1307 619 ecclesie
1340 582 1548 621 ordinare:
1590 581 1645 617 sic
1680 580 1784 618 enim

472 640 563 677 lieet
596 653 779 688 perverse
818 639 1018 676 ordinavit
1051 640 1338 678 Constantinus
1378 653 1494 677 suum
1534 642 1784 676 sacerdotem

473 700 697 735 Romanum
732 710 850 745 super
873 710 1012 734 omnes
1036 700 1265 735 sacerdotes
1289 697 1574 735 christianismi
1597 697 1785 746 preponi;

472 758 540 793 sed
580 755 742 792 indubie
781 755 1042 803 prudenciam
1077 756 1203 793 David
1243 756 1462 793 dimiserat.
1504 757 1610 792 Uxor
1649 764 1784 792 autem

474 814 567 851 dicti
600 813 793 850 Zacharie
826 812 899 849 fuit
922 815 1143 851 secundum
1172 815 1299 863 legem
1330 814 1528 863 scripture
1560 815 1665 850 Luce
1689 816 1738 858 Is',
1767 813 1783 848 5

474 873 520 909 de
550 872 714 922 filiabus
756 871 888 906 Aaron
933 879 1066 908 vocata
1111 872 1314 925 Elizabeth
1367 880 1403 909 et
1454 879 1612 920 uterque
1655 872 1786 908 iustus.

474 932 522 966 Et
555 930 645 966 licet
680 929 851 966 carnalis
891 930 1125 977 procreacio
1170 931 1243 967 fuit
1288 940 1382 967 tunc
1427 929 1467 966 in
1512 928 1788 966 sacerdotibus

475 988 583 1025 licita
617 996 653 1023 et
686 1000 807 1035 supra
841 995 973 1023 cetera
1006 987 1205 1035 affectata,
1240 997 1377 1025 tamen
1410 987 1464 1024 hii
1489 989 1567 1024 duo
1601 987 1789 1034 coniuges

475 1059 597 1094 supra
647 1054 806 1093 tempus
855 1045 1132 1093 generacionis
1183 1046 1379 1083 naturalis
1434 1058 1477 1082 ex
1529 1044 1791 1082 ordinacione

477 1104 639 1140 Domini
677 1112 842 1151 propter
880 1105 1172 1140 ostendendum
1214 1104 1454 1140 miraculum
1495 1111 1789 1152 processerunt.

478 1165 524 1198 Et
563 1163 613 1198 ad
653 1161 952 1209 exprimendam
1000 1161 1215 1210 coniugum
1262 1162 1430 1198 istorum
1478 1161 1676 1198 iusticiam
1712 1173 1792 1197 non

477 1222 661 1257 obstante
695 1220 803 1268 quod
836 1218 876 1254 in
917 1219 1042 1267 prolis
1083 1219 1264 1256 carencia
1304 1229 1394 1256 sunt
1433 1219 1575 1267 puniti,
1615 1220 1793 1255 notanda

478 1287 534 1315 est
558 1276 844 1326 interpretacio
867 1276 1022 1314 nomini
1046 1277 1158 1313 istius
1182 1277 1349 1325 generis.
1383 1279 1520 1314 Aaron
1544 1277 1649 1314 enim
1673 1276 1793 1313 inter—

478 1344 658 1384 pretatur
692 1347 806 1372 mons
840 1334 953 1372 fortis
983 1343 1021 1371 et
1043 1336 1174 1383 Abyas
1197 1344 1311 1384 pater
1333 1344 1481 1381 noster,
1507 1336 1615 1383 quod
1638 1335 1794 1372 videtur

478 1395 634 1442 signare
669 1393 823 1430 mistice
856 1394 964 1442 quod
993 1405 1015 1430 a
1047 1394 1130 1430 Deo
1169 1402 1283 1442 patre
1322 1402 1359 1430 et
1391 1393 1551 1431 Christo
1585 1393 1793 1430 incarnato

479 1464 618 1489 omnes
669 1451 761 1488 iusti
812 1450 880 1487 alii
932 1450 1196 1499 spiritualiter
1247 1460 1525 1500 procreantur.
1579 1450 1794 1488 Zacharias

480 1519 613 1547 autem
648 1509 715 1558 qui
748 1509 1036 1557 interpretatur
1069 1522 1300 1547 memorans
1334 1510 1552 1547 Dominum
1587 1518 1623 1546 et
1656 1508 1794 1557 Elyza-

480 1569 575 1605 beth
618 1567 881 1616 interpretata
920 1566 993 1604 Dei
1041 1567 1118 1604 mei
1163 1567 1435 1604 iuramentum
1481 1567 1560 1604 sive
1605 1567 1794 1604 saturitas

480 1626 665 1663 videntur
697 1625 853 1662 iusticie
882 1625 1060 1674 Baptiste
1093 1638 1176 1662 esse
1210 1626 1375 1663 consoni
1408 1625 1448 1662 in
1480 1625 1633 1662 radice:
1666 1625 1797 1661 Arbor

482 1686 593 1731 bona,
625 1683 755 1732 inquit
787 1682 996 1729 Dominus,
1031 1684 1148 1720 bonos
1168 1684 1333 1732 fructus
1354 1684 1480 1733 facit:

539 1743 714 1779 Fuerunt
746 1748 872 1777 autem
905 1741 969 1778 isti
993 1749 1179 1791 parentes
1206 1742 1317 1778 ambo
1346 1742 1447 1789 iusti,
1476 1754 1557 1778 non
1579 1740 1798 1790 ypocritice

482 1802 543 1837 vel
575 1800 795 1837 secundum
833 1800 984 1835 nudam
1024 1799 1173 1836 famam
1212 1799 1335 1836 seculi
1374 1801 1443 1836 sed
1480 1799 1676 1836 veraciter
1713 1806 1799 1835 ante

485 1860 610 1895 Deum
644 1858 858 1894 incedentes
889 1857 925 1893 in
959 1858 1133 1893 omnibus
1177 1858 1370 1895 mandatis
1413 1859 1632 1894 secundum
1677 1869 1800 1905 genus

484 1917 620 1966 quoad
642 1914 944 1953 observanciam
979 1915 1195 1952 moralium
1229 1924 1525 1964 preceptorum.
1560 1916 1800 1952 Incedebant

485 1975 661 2012 secundo
706 1973 742 2009 in
774 1973 1108 2023 iustifi'cacionibus
1139 1974 1300 2010 Domini
1330 1973 1627 2022 inculpabiliter
1667 1973 1801 2022 quoad

486 2031 789 2070 observanciam
843 2030 1186 2077 cerimonialium3
1249 2031 1488 2069 incedebant
1545 2030 1671 2068 tercio
1722 2031 1802 2067 sine

487 2091 643 2141 querela
676 2088 844 2126 subiecti
868 2089 1007 2137 populi
1031 2098 1225 2138 quantum
1251 2091 1301 2126 ad
1324 2089 1541 2126 iudicialia.
1575 2091 1624 2125 Et
1646 2088 1800 2125 utinam

487 2149 716 2186 sacerdotes
748 2146 875 2184 nostri
909 2147 1102 2195 temporis
1141 2147 1197 2184 sic
1237 2149 1371 2196 quoad
1410 2160 1502 2184 suos
1541 2146 1722 2184 subditos
1761 2158 1802 2182 se

488 2208 695 2244 haberent.
729 2206 920 2242 Senectus
953 2214 991 2241 et
1014 2205 1203 2242 sterilitas
1226 2205 1395 2242 istorum
1421 2205 1636 2253 coniugum
1671 2204 1801 2241 decla-

489 2273 628 2302 rarunt
661 2263 900 2300 miraculum
933 2262 1036 2300 sicut
1074 2263 1152 2300 loci
1196 2263 1399 2310 sanctitas,
1445 2263 1635 2300 sanctitas
1680 2260 1802 2299 officii

490 2332 609 2372 atque
641 2320 835 2370 temporis
867 2321 1192 2369 prenosticarunt
1214 2321 1339 2370 prolis
1371 2321 1411 2358 in
1443 2333 1522 2370 qua
1555 2320 1800 2369 completum

491 2390 548 2418 est
581 2379 821 2418 miraculum
854 2379 1122 2416 sanctitatem.

560 2490 585 2519 3.
615 2491 644 2519 A
672 2491 702 2518 in
732 2499 845 2527 marg.:
877 2490 925 2518 Ad
960 2498 1045 2526 reges
1078 2490 1208 2527 pertinet
1240 2490 1383 2518 ordinare
1416 2490 1453 2518 de
1485 2494 1564 2518 statu
1596 2488 1803 2516 sacerdotum.

514 2546 520 2552 .
536 2526 579 2553 A:
601 2525 682 2553 cuim
704 2525 799 2554 deest.
872 2533 897 2561 7.
920 2525 959 2553 13:
981 2526 1055 2553 false
1077 2534 1132 2561 pro
1153 2525 1268 2553 David:
1290 2525 1465 2553 dicendum.
1539 2524 1566 2552 8.
1587 2524 1655 2552 DE:
1678 2523 1758 2551 Luce
1777 2522 1805 2549 1⁰

491 2534 592 2592 deest:
615 2561 656 2587 D:
679 2560 849 2596 scripture:
871 2560 1010 2595 seqnitur
1031 2561 1148 2588 lacuna.
1218 2568 1256 2595 17.
1279 2560 1347 2587 DE:
1368 2564 1454 2599 pater
1475 2559 1632 2587 dominus
1702 2565 1742 2588 ιο.
1758 2558 1804 2585 A:

492 2604 600 2622 omnes
621 2595 687 2628 isti:
709 2595 748 2622 ib.
765 2595 848 2623 ADE
863 2595 892 2622 in
911 2603 1024 2630 marg:
1046 2596 1162 2629 Aaron,
1183 2595 1307 2630 Abyas:
1328 2594 1352 2622 E
1367 2603 1395 2621 in
1418 2603 1531 2629 marga
1552 2594 1670 2628 Aaron,
1687 2590 1804 2628 Abyas,

493 2629 669 2666 Zacharias,
690 2630 847 2657 Elizabeth
869 2629 1118 2665 interpretantur.
1202 2637 1240 2656 21.
1262 2629 1330 2658 DE:
1352 2630 1586 2668 interpretatum
1616 2628 1656 2655 ib.
1677 2629 1724 2655 A:
1745 2631 1806 2654 sta-

492 2665 611 2692 turitas.
709 2671 751 2691 22.
773 2664 842 2692 DE:
864 2664 958 2697 iuste;
989 2664 1028 2691 ib.
1051 2664 1119 2691 DE:
1141 2672 1294 2695 consone:
1325 2663 1365 2691 ib.
1388 2665 1415 2691 A
1436 2672 1465 2691 in
1487 2671 1583 2698 marg.
1605 2662 1676 2690 inf.:
1699 2662 1804 2689 Aaron

493 2699 709 2734 interpretatur
724 2707 814 2726 mons
829 2698 927 2730 fou-tis,
944 2699 1051 2734 Abyas
1066 2699 1283 2734 interpretatur
1299 2703 1384 2734 pater
1400 2703 1513 2731 noster,
1535 2698 1700 2726 Zacharias
1715 2697 1806 2724 inter-

494 2738 630 2769 pretatur
651 2741 827 2761 memorans
848 2733 1021 2765 dominum,
1042 2732 1199 2760 Elizabeth
1221 2733 1438 2769 interpretatur
1452 2733 1506 2760 Dei
1523 2733 1581 2760 mei
1597 2732 1803 2759 iuramentum

494 2768 557 2796 sive
578 2768 731 2795 saturitas.
788 2767 830 2795 23.
852 2766 920 2794 nli:
941 2768 1088 2795 dominus
1107 2768 1201 2794 deest.
1265 2775 1310 2802 24.
1332 2767 1374 2794 lJ:
1397 2767 1544 2803 ypocrite.
1600 2774 1614 2794 2
1635 2774 1685 2793 ——2
1712 2765 1804 2794 .AE:

496 2803 660 2831 moratium
681 2818 714 2822 -—
735 2807 950 2838 preceptorum
972 2801 1065 2841 deest.
1104 2836 1109 2841 ,
1149 2801 1194 2829 30.
1216 2801 1286 2830 DE:
1307 2799 1412 2841 populi
1434 2802 1528 2829 deest.
1613 2775 1655 2830 ξι».
1679 2801 1687 2828 1
1707 2800 1745 2828 13:
1768 2800 1806 2828 Et

496 2842 653 2872 senectu53
674 2838 718 2865 A:
740 2842 888 2865 senectus.
963 2835 1006 2864 33.
1026 2838 1071 2864 A:
1092 2837 1159 2864 licet
1180 2837 1239 2864 loci
1260 2841 1405 2864 sanctitas
1426 2837 1528 2865 officii.

567 2910 619 2944 23.
646 2909 766 2942 Matth.
786 2909 858 2952 v11‚
883 2919 932 2954 ¹7·

1809 934 1847 956 10

1814 1214 1850 1246 15

1811 1513 1853 1535 20

1816 1793 1855 1826 25

1817 2083 1859 2117 30

1821 2371 1860 2404 35
