1986 3380
171 301 244 335 194

181 702 223 726 St.
247 700 307 726 C‘ei
311 708 380 731 :ori
402 711 414 725 s

190 736 273 769 gloss
294 744 332 761 on
355 732 414 761 ihc

216 770 330 796 millsto
325 779 378 796 nie.

228 1175 370 1211 Worldly

172 1212 302 1247 prelatus
323 1210 423 1237 would

198 1247 232 1273 be
254 1247 349 1273 better
370 1254 402 1272 as

180 1283 311 1311 lavmen.
333 1281 415 1307 since

203 1313 271 1343 t'licv
293 1315 394 1342 would

174 1348 261 1378 incur
281 1359 296 1377 a
318 1351 426 1385 ligliter

203 1386 392 1413 damnation.

751 299 974 331 JOHANNJS
996 300 1177 332 xvvciff
1195 300 1449 333 sannionum
1485 286 1636 345 [SERMO
1658 298 1768 326 xxvl·

455 404 604 441 faciunt
637 418 774 441 omnes
799 405 1016 442 criminosi.
1058 407 1212 442 Talibus
1243 415 1368 443 autem
1402 407 1766 444 scandalizantibus

453 462 693 507 (cuiusmodi
734 472 824 499 sunt
870 464 1138 500 communiter
1177 465 1403 513 superiores
1443 466 1623 511 ecclesie)
1652 467 1766 515 soret

452 522 661 570 expediens
705 523 810 569 quod
859 521 980 558 cicius
1026 531 1264 559 necarentur
1314 524 1607 572 quantumlibet
1657 523 1764 571 gravi

453 591 568 626 pena,
603 587 642 614 ut
673 591 855 628 suspensa
889 581 940 615 ad
973 581 1071 616 colla
1104 593 1236 616 eorum
1271 582 1372 617 mola
1405 582 1575 618 asinaria
1607 582 1642 617 in
1669 594 1763 631 pro-

442 637 573 685 fundo
601 637 739 687 pelagi
771 638 1062 687 demergantur.
1104 638 1169 674 Sic
1204 638 1308 674 enim
1343 638 1489 675 dicitur
1521 639 1796 677 occidendosffi

453 694 491 730 in
518 695 715 731 l'alestina
747 704 874 731 morte
906 696 1030 743 magis
1060 696 1227 732 terribili
1260 697 1429 733 cruciari
1461 698 1520 734 vel
1551 695 1612 749 (ut
1635 698 1765 745 placet

454 754 570 788 beato
587 752 796 802 Gregorio)
820 766 890 801 per
915 755 1063 790 molam
1089 754 1303 791 asinariam
1328 755 1563 803 intelligitur
1578 755 1766 791 circuitus

453 810 634 846 laboricii
666 811 901 859 corporalis,
929 811 983 848 ita
1008 813 1115 860 quod
1147 813 1254 849 mola
1284 821 1451 849 testetur
1481 812 1563 849 eius
1586 813 1766 860 gravedi-

451 880 542 904 nem
596 878 633 904 et
678 868 893 905 circulacio
945 869 1028 906 eius
1080 870 1432 907 continuacionem
1478 883 1554 919 que
1599 871 1637 906 in
1682 871 1765 907 dies

452 935 667 962 renovatur
719 936 755 963 et
808 927 942 963 asinus
993 927 1188 976 significet
1240 928 1458 965 stulticiam
1509 928 1691 965 laboricii
1744 942 1765 966 a
1785 946 1824 968 10

452 984 596 1020 talibus
641 984 864 1032 agrestibus
908 994 1201 1033 supportatam.
1256 986 1472 1035 Suspensio
1518 999 1611 1023 vero
1660 987 1766 1024 circa

452 1043 600 1079 collum
641 1043 723 1079 eius
764 1052 823 1079 est
862 1043 1087 1080 necessaria
1120 1044 1333 1092 deputacio
1367 1046 1416 1081 ad
1449 1044 1554 1081 istud
1587 1045 1764 1082 officium

452 1110 488 1137 et
524 1100 563 1136 in
596 1101 839 1149 profundum
874 1101 996 1138 maris
1030 1102 1227 1139 demersio
1260 1112 1316 1139 est
1341 1112 1477 1139 eterna
1510 1103 1765 1151 dampnacio.

451 1159 544 1195 Vult
590 1171 682 1207 ergo
728 1159 975 1207 evangelium
1023 1159 1155 1196 dicere
1197 1162 1304 1209 quod
1351 1161 1486 1197 multis
1524 1161 1688 1209 prelatis
1727 1161 1767 1198 in

454 1218 602 1253 mundo
626 1217 927 1265 splendentibus
951 1218 1052 1254 foret
1076 1218 1288 1266 expediens
1311 1220 1419 1267 quod
1442 1232 1523 1255 non
1544 1221 1764 1256 secundum
1785 1224 1822 1257 15

452 1276 557 1311 hunc
595 1284 743 1312 statum
780 1275 955 1323 prelacie
993 1277 1060 1312 sed
1099 1278 1318 1313 secundum
1360 1285 1506 1314 statum
1546 1278 1686 1314 rudem
1726 1277 1766 1314 in

452 1333 587 1369 seculo
646 1334 976 1382 dampnaremur,
1029 1333 1123 1383 quia
1178 1334 1233 1371 sic
1293 1334 1442 1371 mititas
1495 1335 1764 1384 dampnabilis

452 1403 572 1439 supra
606 1391 943 1440 dampnacionem
983 1391 1176 1440 gravioris
1216 1393 1371 1440 peccati
1405 1406 1448 1430 ex
1481 1393 1674 1441 pastorali
1708 1393 1764 1430 of-

452 1448 543 1486 ficio
572 1449 674 1486 foret
704 1450 758 1487 eis
788 1449 1011 1498 expediens.
1046 1452 1094 1486 Et
1124 1449 1217 1499 quia
1245 1459 1327 1487 tam
1357 1450 1515 1499 spissim
1544 1451 1765 1488 seminatur

451 1508 527 1543 hoc
567 1506 712 1544 vicium
754 1521 797 1545 ex
835 1520 971 1544 errore
1008 1507 1165 1556 prelati,
1199 1521 1289 1545 cum
1329 1509 1409 1546 fere
1446 1518 1553 1546 totus
1594 1511 1764 1546 mundus
1779 1524 1822 1546 20

451 1565 587 1614 aliquo
626 1578 690 1602 sex
730 1578 996 1603 consensuum
1039 1565 1126 1614 ipso
1166 1566 1392 1616 participet,
1427 1567 1630 1615 signanter
1668 1567 1764 1604 dicit

451 1623 718 1671 evangelium:
760 1625 809 1662 Ve
847 1625 989 1660 mundo
1034 1637 1056 1660 α
1093 1625 1299 1661 scandalis.
1341 1626 1417 1662 Sed
1457 1625 1550 1674 quia
1583 1625 1764 1663 Christus

449 1681 547 1718 vidit
591 1691 802 1730 peccatum
852 1683 1070 1731 precedens
1121 1684 1171 1719 ad
1215 1682 1320 1719 istud
1373 1683 1628 1730 necessitans⁷
1674 1683 1764 1720 ideo

449 1753 540 1776 vere
578 1739 692 1777 dicit:
727 1742 834 1789 quod
868 1753 1018 1777 necesse
1050 1748 1105 1777 est
1138 1748 1177 1776 ut
1210 1741 1361 1777 veniant
1392 1742 1599 1787 scandala;
1637 1743 1764 1790 quod-

451 1798 545 1834 libet
579 1797 683 1835 enim
718 1807 928 1847 peccatum
963 1798 1106 1846 prelati
1138 1799 1197 1835 vel
1222 1799 1359 1847 populi
1393 1808 1582 1848 preparat
1605 1801 1654 1836 ad
1688 1801 1820 1837 hoc25

450 1857 684 1893 scandalum
717 1857 757 1893 in
790 1857 957 1905 prelato,
992 1856 1085 1905 quia
1114 1858 1200 1902 (Job
1224 1858 1417 1903 XXX1V0)
1446 1857 1632 1894 scribitur
1656 1859 1763 1906 quod

451 1916 558 1951 Deus
596 1927 767 1964 regnare
787 1915 905 1963 jacit·
932 1915 1122 1950 hominem
1146 1915 1376 1966 ypocritam
1412 1923 1577 1966 propter
1602 1924 1762 1965 peccata

446 1973 601 2023 populi,·
632 1985 768 2009 verum
799 1981 934 2009 tamen
966 1985 1047 2009 non
1080 1974 1263 2009 obstante
1292 1973 1367 2009 ista
1389 1973 1637 2020 necessitate,
1671 1987 1761 2010 curn

451 2031 618 2080 quilibet
656 2031 746 2067 talis
784 2030 915 2079 primo
961 2031 1205 2068 scandalizat
1244 2043 1284 2067 se
1322 2031 1451 2079 ipsum
1499 2040 1535 2068 et
1573 2041 1762 2081 preparat

452 2091 502 2126 ad
545 2089 779 2126 scandalum
821 2089 1006 2135 aliorum,
1046 2102 1127 2126 non
1167 2098 1375 2126 excusatur
1414 2102 1435 2126 a
1475 2089 1654 2136 crimine,
1693 2091 1760 2127 sed
1777 2095 1819 2128 30

451 2160 494 2184 ve
525 2148 732 2196 cuicunque
763 2148 834 2183 tali
859 2160 934 2196 per
965 2159 1072 2196 quem
1111 2148 1336 2183 scandalum
1371 2148 1491 2193 venit5
1526 2160 1598 2184 nec
1629 2149 1760 2185 solum

450 2206 569 2242 debes
602 2217 741 2242 cavere
778 2204 1051 2242 scandalizare
1089 2204 1145 2241 sic
1178 2205 1403 2253 proximum
1438 2207 1506 2242 sed
1538 2214 1575 2242 te
1614 2206 1760 2255 ipsum.

451 2264 494 2299 Si
522 2271 648 2299 autem
681 2276 816 2299 manus
848 2270 926 2311 tua,
960 2264 1035 2299 hoc
1069 2272 1138 2309 est,
1185 2263 1308 2300 virtus
1353 2263 1559 2312 operativa
1600 2265 1660 2300 vel
1692 2276 1762 2314 pes

449 2329 548 2367 tuus,
583 2322 659 2357 hoc
692 2329 762 2367 est,
795 2320 918 2357 virtus
952 2320 1134 2358 affectiva
1155 2322 1261 2370 sacit
1292 2329 1328 2358 te
1355 2334 1470 2358 ruere
1491 2322 1527 2357 in
1546 2329 1761 2371 peccatum,

449 2392 540 2416 erue
572 2378 926 2427 indisposicionem
961 2378 1051 2415 talis
1085 2379 1269 2427 potencie
1302 2388 1338 2416 et
1371 2379 1454 2416 eius
1487 2388 1620 2416 actum
1653 2380 1761 2417 nefa·
1777 2384 1818 2418 35

450 2437 553 2473 rium
581 2437 716 2487 proice
747 2437 815 2473 abs
845 2444 892 2484 te,
925 2436 1019 2485 quia
1053 2437 1194 2473 melius
1231 2446 1287 2473 est
1311 2437 1381 2473 tibi
1407 2450 1544 2474 carere
1567 2438 1760 2474 exercicio

449 2495 691 2543 voluptuoso
734 2494 927 2531 virtutum
971 2494 1202 2531 huiusmodi
1246 2495 1285 2531 in
1330 2496 1405 2531 hoc
1450 2497 1600 2532 mundo
1640 2508 1760 2545 quarn

449 2554 654 2601 voluptate
683 2552 912 2589 huiusmodi
942 2553 1172 2590 eternaliter
1202 2553 1502 2602 condempnari.
1538 2556 1639 2591 Nam
1670 2566 1761 2590 curn

539 2710 589 2738 E
610 2711 638 2738 in
661 2719 727 2738 mar
796 2710 877 2739 Mola
897 2710 1041 2739 asinaria.
1145 2719 1184 2739 to.
1207 2712 1250 2740 A:
1274 2716 1470 2739 renovantur.
1572 2720 1609 2740 12.
1631 2713 1674 2740 A:
1696 2711 1761 2739 eius

450 2718 543 2773 deest.
629 2746 671 2774 25.
694 2719 773 2774 IAET
785 2746 890 2781 populi
912 2746 1005 2773 deest.
1093 2747 1138 2774 26.
1162 2748 1207 2774 A:
1230 2746 1372 2775 xxxlvss
1393 2747 1487 2774 deest.
1574 2746 1612 2775 31.
1635 2747 1677 2774 D:
1700 2755 1759 2774 non

450 2782 568 2815 solum;
588 2780 627 2808 E:
651 2781 720 2808 ideo
740 2789 812 2808 non

518 2886 548 2918 7.
576 2875 737 2915 Gregorii
765 2877 852 2908 Mor.
879 2875 936 2908 lib.
957 2877 1010 2915 VI,
1038 2877 1056 2916 ἓ
1086 2875 1139 2919 57.
1172 2875 1224 2908 Cf.
1252 2877 1385 2908 Arnold
1419 2878 1439 2909 l.
1465 2887 1493 2909 c.
1591 2887 1644 2909 22.
1675 2878 1758 2909 Mat-

450 2923 542 2954 thaei
570 2922 689 2963 XVIII,
719 2933 750 2965 7.
849 2921 900 2955 33.
922 2923 1040 2965 Vulg.:
1067 2922 1292 2966 scandalizat
1317 2927 1359 2956 te.
