1986 3380
263 654 330 682 The
352 655 459 691 pope&

277 690 463 726 unfonnded,

313 726 430 753 claims.

234 1467 364 1495 Christ's
386 1468 489 1495 words

225 1502 390 1530 addressed
412 1507 443 1530 to
459 1503 495 1530 all

259 1538 308 1564 the
329 1537 460 1565 faithful.

247 2165 339 2193 Wars
359 2166 469 2194 caused

241 2201 278 2236 by
299 2201 347 2228 the
369 2210 475 2236 popes.

816 367 1037 398 ionum&
1059 366 1240 397 uictus
1263 366 1515 398 SERwaUM
1564 353 1714 410 [af-Fun
1740 366 1829 393 xix.

519 473 626 520 quod
661 472 841 509 Christus
887 472 1028 520 potuit,
1071 485 1139 507 nec
1189 471 1359 507 consulit
1395 473 1596 508 Christum
1644 474 1702 508 x‘el
1749 474 1830 509 eius

518 530 645 578 legem
685 532 733 567 ad
773 530 882 567 illam
930 529 1115 566 licticium
1158 531 1456 566 declarandam.
1504 532 1594 566 ldeo
1634 543 1723 566 cuin
1759 531 1830 568 iste

518 587 698 624 Christus
744 598 823 625 tam
880 588 1025 624 multos
1076 587 1229 624 seducit
1281 597 1360 624 tam
1414 588 1637 636 periculose
1683 588 1830 625 faciens

518 646 726 682 ecclesiam
777 647 977 683 aberrare.
1025 645 1181 681 videtur
1219 647 1324 694 quod
1365 645 1546 682 Christus
1592 645 1695 682 istud
1747 655 1828 683 tam

518 717 706 752 magnum
761 703 982 752 periculum
1037 716 1116 739 non
1169 712 1329 740 taceret.
1385 705 1534 740 Omnes
1583 713 1716 740 autem
1766 704 1863 741 istis«

516 763 774 810 pseudopape
805 761 968 798 veniunt
1002 761 1041 798 in
1074 761 1236 797 nomine
1269 761 1429 807 Christi,
1465 761 1640 798 dicentes
1675 774 1715 798 se
1748 774 1830 799 esse

517 819 772 856 immediatos
803 819 884 856 eius
907 818 1090 865 vicarios,
1115 819 1170 856 sic
1199 821 1306 868 quod
1329 819 1529 856 infinitum
1554 820 1641 868 plus
1666 830 1830 868 possunt

517 879 564 914 de
586 877 890 926 dispensacione
912 878 1043 926 quoad
1066 877 1290 925 spiritualia
1312 890 1432 926 quam
1455 877 1554 914 alius
1577 877 1828 917 christianus,

517 948 605 972 cum
652 948 691 971 se
737 936 884 972 habent
929 936 977 972 ad
1024 935 1122 972 alios
1168 935 1378 984 episcopos
1423 935 1523 972 sicut
1563 935 1744 972 Christus
1789 949 1829 973 se

516 994 634 1030 habet
667 995 717 1030 ad
751 1007 843 1030 suos
876 993 1095 1042 apostolos.
1131 996 1211 1030 Nec
1246 995 1320 1030 hoc
1343 993 1557 1030 vendicant
1591 1006 1633 1030 ex
1667 1006 1829 1030 conver—
1851 1011 1887 1031 ιο

516 1051 687 1088 sacionis
725 1051 987 1088 similitudine
1020 1052 1080 1088 vel
1113 1052 1341 1100 evangelica
1374 1051 1520 1088 Christi
1556 1052 1827 1089 concessione.

516 1122 561 1145 eo
596 1110 702 1157 quod
742 1122 814 1146 nec
854 1110 1022 1146 fundant
1062 1111 1169 1158 quod
1211 1112 1348 1146 Petrus
1389 1119 1544 1147 tantum
1586 1110 1715 1158 potuit
1755 1122 1826 1146 nec

517 1169 625 1215 quod
649 1176 739 1203 sunt
762 1167 899 1204 vicarii
924 1167 1049 1204 sancti
1077 1167 1192 1207 Petri,
1227 1169 1294 1204 sed
1330 1168 1634 1204 fundamentum
1660 1168 1825 1204 tacitum

515 1234 592 1261 stat
637 1225 676 1260 in
721 1225 1003 1262 dominacione
1048 1238 1206 1262 cesarea
1261 1235 1296 1262 et
1343 1226 1600 1262 concessione
1653 1228 1826 1274 quadam

515 1283 655 1320 frivola
693 1283 976 1330 Constantina3
1018 1293 1054 1320 et
1089 1283 1162 1320 ista
1202 1284 1388 1320 seduccio
1428 1284 1521 1321 facit
1563 1284 1709 1320 multos
1748 1291 1885 1323 non15

514 1342 563 1378 ad
598 1342 723 1389 legem
757 1343 817 1378 vel
856 1341 1210 1379 conversacionem
1245 1342 1391 1379 Christi
1433 1343 1638 1379 attendere
1677 1343 1744 1378 secl
1779 1344 1827 1378 ad

515 1399 802 1436 diffinicionem
837 1399 953 1436 huius
985 1412 1088 1448 pape
1121 1409 1158 1436 et
1191 1413 1259 1436 sue
1294 1399 1414 1437 curie.

570 1459 718 1494 Totum
754 1471 846 1505 ergo
884 1471 1007 1506 genus
1046 1458 1312 1495 successivum
1356 1458 1531 1494 fidelium
1575 1459 1690 1494 debet
1722 1457 1827 1494 istud

512 1515 735 1564 periculum
776 1529 1001 1564 precavere.
1048 1516 1228 1553 Christus
1274 1525 1406 1553 autem
1456 1529 1566 1553 more
1611 1529 1682 1553 suo
1728 1516 1827 1552 allo-

513 1573 648 1622 quitur
687 1575 762 1611 hoc
802 1587 924 1622 genus
964 1574 1230 1611 successivum
1274 1574 1385 1611 cuius
1425 1587 1503 1611 una
1543 1586 1635 1623 pars
1668 1574 1827 1610 fuerunt
1846 1593 1885 1615 χο

512 1631 685 1679 apostoli
731 1641 767 1668 et
812 1631 890 1669 alia
935 1641 1062 1669 totum
1103 1646 1225 1681 genus
1267 1632 1442 1669 fidelium
1484 1632 1661 1669 futurum
1702 1644 1826 1681 usque

512 1691 561 1726 ad
598 1690 714 1727 finem
751 1690 870 1732 seculi
914 1691 1102 1727 futurum.
1150 1691 1213 1727 Sic
1250 1690 1353 1727 enim
1390 1690 1658 1727 Antichristus
1693 1702 1826 1727 neces-

511 1748 601 1785 sitat
626 1750 845 1785 concedere
870 1750 974 1797 quod
993 1748 1173 1786 Christus
1197 1762 1288 1797 sepe
1313 1750 1535 1785 concedens
1558 1748 1825 1796 singularibus

512 1805 691 1853 personis
725 1809 822 1843 dans
855 1815 1111 1855 potestatem.
1147 1806 1332 1843 virtutem
1359 1816 1394 1843 et
1430 1806 1655 1843 doctrinam
1694 1806 1823 1855 ipsum

513 1873 550 1900 et
582 1873 730 1901 sectam
765 1877 877 1901 suam
913 1864 1116 1912 intellegit.
1164 1865 1290 1901 Multo
1324 1878 1417 1912 ergo
1452 1864 1678 1901 evidencius
1712 1864 1825 1900 intel·
1843 1874 1882 1906 25

512 1922 595 1969 ligit
621 1921 801 1959 Christus
826 1935 948 1970 genus
974 1922 1147 1959 fidelium
1186 1935 1355 1971 sequens
1390 1923 1516 1970 ipsum
1555 1921 1593 1959 in
1628 1921 1823 1959 moribus:

510 1980 694 2016 Auditus-1·
729 1981 825 2016 enim
865 1981 952 2016 estis
981 1981 1106 2029 prelia
1147 1989 1178 2016 el
1219 1981 1413 2029 opiniones
1447 1981 1678 2029 preliormn,
1717 1982 1823 2029 quod

512 2037 637 2085 magis
660 2038 906 2074 verificatum
933 2047 989 2074 est
1015 2040 1062 2075 de
1085 2052 1227 2086 genere
1253 2039 1426 2075 lidelium
1454 2047 1543 2086 post
1569 2038 1821 2075 dotacionem

514 2098 690 2133 Romane
731 2096 908 2132 ecclesie.
961 2099 1110 2133 Extunc
1159 2096 1319 2145 quidem
1361 2101 1417 2140 (ut
1457 2096 1604 2133 dictum
1648 2102 1718 2147 est)
1759 2109 1824 2132 ne—

512 2154 697 2190 cessitata
743 2153 814 2189 fuit
854 2156 923 2191 hec
961 2168 1054 2203 puts
1093 2154 1261 2191 occidua
1300 2154 1459 2202 preliari
1501 2154 1606 2191 circa
1645 2153 1882 2204 dominia30

510 2225 585 2260 que
625 2211 805 2249 Christus
845 2212 1090 2249 secularibus
1125 2212 1330 2252 limitavit:
1371 2222 1408 2249 ct
1454 2225 1531 2250 non
1577 2213 1705 2249 solum
1748 2213 1822 2249 hoc

509 2271 575 2306 sed
611 2269 725 2318 papis
748 2269 967 2318 irreligiose
990 2270 1260 2318 aspirantibus
1285 2272 1332 2307 ad
1360 2279 1532 2319 papatus
1555 2283 1635 2307 non
1659 2279 1824 2319 propter

511 2327 694 2364 meritum
732 2327 769 2364 in
804 2328 994 2376 regimine
1029 2328 1193 2365 ecclesie
1228 2328 1351 2365 instar
1375 2328 1523 2366 Christi
1558 2329 1625 2365 sed
1659 2337 1824 2377 propter

509 2386 686 2423 seculare
731 2385 953 2423 dominium
1003 2399 1095 2435 sepe
1148 2386 1342 2435 contingit
1389 2387 1521 2435 plures
1574 2386 1732 2434 prefici3
1786 2395 1823 2422 et

508 2443 746 2492 quibusdam
781 2444 1039 2492 opinantibus
1073 2458 1193 2481 unum
1231 2445 1376 2481 habere
1412 2443 1625 2485 iusticiam,
1661 2443 1880 2493 quibus-35

509 2503 599 2538 dam
625 2510 759 2538 autem
784 2502 996 2551 reliquum,
1026 2502 1220 2540 seminate
1250 2511 1340 2539 sunt
1364 2502 1578 2550 opiniones
1603 2501 1819 2550 preliorum

506 2559 627 2601 varie,
669 2559 909 2609 quibusdam
945 2569 1076 2597 autern
1114 2569 1218 2597 recte
1252 2559 1512 2608 opinantibus
1546 2561 1652 2608 quod
1687 2560 1822 2596 nullus

508 2630 611 2666 papa
656 2617 715 2654 vel
763 2617 930 2654 clericus
974 2619 1089 2655 debet
1134 2631 1206 2666 pro
1241 2618 1493 2666 possessione
1537 2617 1819 2665 temporalium

508 2675 563 2712 sic
608 2675 756 2712 bellare
801 2677 867 2712 sed
912 2675 1206 2713 affirmantibus
1253 2675 1413 2712 racione
1461 2675 1672 2724 multiplici
1714 2676 1819 2724 quod

507 2733 642 2770 omnia
667 2732 791 2782 prelia
816 2732 1024 2771 militantis
1048 2733 1212 2771 ecclesie
1237 2735 1380 2770 debent
1417 2735 1464 2771 ad
1500 2733 1819 2770 destruccionem
1833 2754 1880 2785 40

567 2865 596 2891 4,
607 2856 794 2884 §.13132i11ud
810 2864 965 2890 inagnum.
1004 2856 1026 2884 5.
1039 2855 1105 2883 mi:
1119 2857 1237 2883 Omnes
1249 2856 1341 2883 enini.
1381 2864 1406 2890 7.
1418 2855 1484 2883 DE:
1499 2854 1819 2892 immediatos-Christi

507 2891 638 2919 vicarios
653 2891 729 2924 eius,
745 2891 832 2919 sicut.
883 2899 916 2918 ιι.
933 2890 998 2918 mi:
1015 2891 1059 2918 vel
1075 2899 1126 2922 cx:
1143 2890 1182 2918 ib.
1196 2891 1239 2918 A:
1255 2890 1369 2918 Christi
1387 2891 1484 2918 twice.
1537 2889 1572 2917 13.
1592 2889 1659 2917 lui:
1678 2889 1819 2917 neurius.

506 2927 606 2954 20.A:
620 2934 700 2954 nona
711 2927 802 2961 (nova
813 2926 845 2960 ὲ).
884 2932 923 2953 21.
937 2925 961 2952 Ι)
973 2935 978 2952 t
991 2925 1127 2953 futurum
1140 2925 1234 2953 deest.
1274 2925 1366 2952 2213:
1381 2926 1566 2952 futurorum.
1604 2923 1820 2958 4‹›.1):debct.

577 3009 630 3040 27.
659 2996 821 3029 Matthaei
851 2997 976 3037 xxiv,
1003 2996 1033 3027 Γ).
