1986 3380
207 271 341 299 smnio
364 262 456 317 [λι]
675 275 890 307 SECUNDA
919 275 1042 306 PARs.

207 380 414 417 diversitas
468 380 570 417 inter
629 380 917 417 comestionem
971 393 1049 429 qua
1103 381 1285 417 Christus
1346 383 1519 419 comedit

206 439 388 475 membra
420 451 490 475 sua
523 447 560 475 et
593 438 882 475 comestionem
908 451 986 488 qua
1019 440 1200 476 membra
1223 439 1354 487 ipsum
1389 453 1519 477 come-

207 497 316 533 dunt.
351 497 429 533 Sed
461 496 562 533 sicut
596 497 717 533 homo
755 510 837 534 non
876 496 1041 545 proprie
1080 497 1256 534 comedit
1290 497 1421 534 cibum
1462 499 1519 535 in-

207 554 485 602 digestibilem,
532 554 587 591 sic
626 554 786 603 presciti
826 567 899 592 nec
939 555 1142 592 Christum
1189 557 1405 592 comedunt
1448 570 1519 593 nec

174 611 290 660 5ipse
322 612 423 659 illos,
458 613 526 649 sed
560 621 767 661 tamquam
796 613 1000 662 superflua
1024 622 1060 650 et
1084 613 1371 662 indigestibilia
1396 614 1519 651 mittit

206 670 324 715 foras,
361 679 397 706 et
430 670 485 707 sic
517 670 752 717 intelligitur
786 671 922 708 oracio
957 671 1104 708 Christi
1143 684 1215 720 pro
1249 684 1319 708 sua
1354 672 1520 709 ecclesia

204 729 453 774 Joh.XV110,
480 738 545 774 21,
581 730 742 776 quando
776 729 904 766 oravit
938 731 1058 778 quod,
1092 730 1189 766 sicut
1220 730 1301 779 ipse
1332 737 1367 766 et
1400 731 1518 767 Pater

204 793 291 822 sunt
324 798 437 822 unum
474 799 619 834 corpus
652 788 786 834 quoad
819 786 1103 824 indivisibilem
1138 787 1424 833 substanciam,
1464 788 1519 825 sic

205 845 386 880 membra
425 856 495 880 sua
533 843 611 880 sint
651 857 774 880 unum
816 857 960 893 corpus
1000 847 1134 895 quoad
1172 845 1518 894 inseparacionem

153 913 190 935 ιο
206 901 370 938 ecclesie
402 901 703 950 triumphantis.

262 961 376 996 Unde
409 959 525 996 istam
550 960 821 997 diversitatem
846 960 1027 998 Christus
1062 962 1264 1010 explicans
1286 962 1400 1011 ponit
1423 975 1520 1011 quo-

109 996 190 1084 20415,
207 1018 326 1054 modo
367 1017 451 1066 ipse
491 1026 527 1054 et
570 1018 648 1055 alia
689 1018 877 1055 dicuntur
916 1032 1040 1068 panes
1074 1020 1277 1069 equivoce.
1308 1016 1312 1073 Ι
1341 1021 1430 1068 Hic,
1463 1020 1521 1057 in-

109 1068 124 1075 ⁶
205 1075 303 1124 quit,
344 1083 399 1113 est
431 1076 547 1126 panis
585 1076 649 1126 qui
686 1077 732 1114 de
770 1078 849 1114 celo
890 1078 1098 1126 descendit,
1142 1091 1215 1115 non
1254 1079 1351 1115 sicut
1384 1086 1521 1128 patres

205 1134 326 1171 vestri
355 1135 689 1171 manducaverunt
720 1136 866 1172 Manna
908 1136 943 1172 in
983 1137 1135 1173 deserto
1178 1144 1212 1173 et
1244 1137 1390 1173 mortui
1419 1145 1518 1174 sunt.

151 1193 187 1226 15
205 1193 372 1229 Constat
413 1192 574 1241 quidem
615 1194 723 1242 quod
764 1194 908 1242 duplex
948 1203 1005 1231 est
1045 1195 1173 1243 panis,
1214 1194 1365 1232 scilicet
1405 1195 1519 1243 panis

203 1250 272 1299 qui
305 1251 353 1287 de
392 1251 477 1288 celo
519 1251 724 1288 descendit
766 1260 802 1289 et
841 1252 955 1301 panis
995 1253 1063 1301 qui
1103 1265 1147 1289 ex
1186 1253 1382 1290 fructibus
1414 1262 1520 1290 terre

204 1308 383 1346 ascendit
415 1309 496 1347 sive
534 1309 785 1358 producitur.
842 1310 998 1347 Primus
1036 1311 1150 1360 panis
1184 1320 1316 1360 potest
1348 1311 1519 1360 intelligi

204 1366 431 1416 dupliciter,
477 1368 539 1404 vel
578 1381 651 1416 pro
699 1370 820 1405 verbo
867 1368 939 1406 Dei
984 1369 1264 1418 temporaliter
1308 1369 1519 1407 incarnato

202 1426 264 1462 vel
302 1438 375 1474 pro
421 1425 510 1463 cibo
549 1426 618 1462 illo
658 1426 725 1475 qui
764 1429 911 1464 Manna
949 1428 1010 1464 vel
1050 1428 1200 1464 Manhu
1240 1427 1405 1475 dicitur3
1440 1441 1519 1476 quo

147 1496 189 1517 20
204 1492 339 1532 patres
374 1483 618 1521 miraculose
657 1484 698 1521 in
736 1485 821 1533 lege
858 1485 981 1522 veteri
1021 1494 1112 1522 sunt
1151 1485 1271 1522 cibati
1311 1490 1368 1532 (ut
1409 1494 1520 1534 patet

203 1542 370 1578 Numeri
403 1543 521 1591 XXI).
556 1544 604 1578 Et
637 1551 785 1591 quante
825 1543 975 1580 distant
1014 1543 1078 1580 isti
1117 1556 1240 1592 panes
1280 1543 1320 1580 in
1359 1553 1517 1590 natura,

203 1608 315 1636 tante
354 1600 468 1648 panis
509 1600 725 1637 eukaristie
765 1610 801 1637 et
840 1601 954 1650 panis
995 1602 1061 1650 qui
1103 1610 1160 1638 est
1193 1602 1519 1639 substancialiter

204 1670 349 1707 corpus
384 1658 532 1695 Christi
566 1658 755 1695 differunt
795 1659 836 1695 in
868 1668 1025 1707 natura,
1064 1660 1157 1696 licet
1190 1660 1229 1696 in
1267 1660 1353 1708 lege
1386 1660 1519 1709 gracie

205 1717 255 1753 ad
288 1715 484 1753 unitatem
518 1716 810 1765 suppositalern
852 1717 988 1766 aliquo
1028 1720 1151 1755 modo
1183 1719 1386 1770 tendatur,
1427 1731 1518 1756 curn

149 1775 188 1808 25
203 1774 319 1823 panis
352 1774 658 1812 sacramentalis
684 1784 871 1813 constans
905 1788 949 1812 ex
971 1785 1075 1813 terre
1109 1776 1305 1813 fructibus
1338 1777 1388 1813 sit
1411 1776 1517 1814 idem

203 1833 242 1869 in
289 1845 459 1870 numero
500 1846 590 1870 cum
636 1846 806 1882 corpore
845 1834 993 1871 Christi
1032 1834 1391 1882 sacramentaliter,
1438 1848 1519 1872 non

202 1890 452 1928 naturaliter.
487 1891 668 1928 Christus
701 1900 835 1929 autern
865 1894 999 1941 quoad
1030 1901 1217 1930 naturam
1251 1906 1364 1930 suam
1389 1902 1519 1942 potest

204 1949 359 1986 mistice
383 1949 461 1986 dici
477 1949 603 1998 panis,
629 1958 666 1986 et
689 1950 790 1987 sicut
814 1950 1033 1988 delectacio
1057 1951 1097 1987 in
1121 1953 1268 1988 Manna
1289 1951 1520 1989 variabatur

203 2009 421 2044 secundum
461 2009 608 2056 gradus
648 2008 914 2046 affeccionum
954 2009 1260 2047 comedencium
1308 2014 1366 2055 (ut
1408 2018 1518 2059 patet

146 2067 188 2100 30
205 2067 298 2115 Sap.
331 2067 470 2113 XV10),
504 2065 560 2103 sic
598 2066 713 2115 panis
752 2066 820 2116 qui
859 2076 916 2104 est
951 2067 1133 2104 Christus
1171 2068 1212 2104 in
1245 2068 1518 2106 delectacione

203 2132 241 2161 et
263 2124 447 2173 profectu
469 2124 602 2173 ipsum
628 2125 932 2162 comedencium
966 2126 1156 2163 variatur.
1192 2128 1239 2162 Et
1273 2126 1376 2163 sicut
1401 2128 1518 2163 eden—

203 2181 308 2219 cium
342 2184 490 2219 Manna
513 2182 637 2232 aliqui
671 2183 858 2221 dicebant
890 2184 1027 2220 Anima
1051 2192 1184 2221 nostra
1221 2192 1380 2221 nauseat
1401 2197 1519 2234 super

201 2241 282 2277 cibo
314 2240 385 2278 isto
409 2241 616 2289 levissimo,
648 2241 750 2279 sicut
774 2242 984 2279 edencium
1009 2255 1156 2291 panem
1180 2243 1517 2280 sacramentalem

202 2298 367 2347 quidam
417 2300 466 2336 ad
517 2299 577 2335 sui
628 2299 905 2349 inproperium
952 2301 1151 2349 recipiunt
1190 2309 1228 2337 et
1273 2303 1519 2338 manducant

145 2357 185 2391 35
202 2357 359 2394 dicente
403 2358 599 2406 Apostolo
651 2371 682 2395 1.
725 2359 817 2396 Cor.
857 2360 943 2405 XIO,
984 2369 1056 2407 29:
1112 2359 1190 2404 Qui
1230 2360 1438 2396 manducat
1484 2367 1519 2396 et

202 2415 292 2452 bibit
323 2415 494 2466 indigne,
526 2416 708 2453 iudicium
741 2417 815 2453 sibi
843 2418 1052 2454 'manducat
1083 2424 1119 2453 et
1150 2417 1250 2453 bibit.

258 2475 308 2509 Et
330 2481 441 2522 patet
463 2475 571 2523 quod
593 2482 676 2511 tam
709 2475 825 2524 panis
849 2475 916 2524 qui
941 2484 999 2512 est
1022 2474 1347 2512 substancialiter
1371 2487 1517 2524 corpus

202 2531 350 2569 Christi
373 2544 494 2580 quarn
516 2532 632 2581 panis
656 2533 723 2582 qui
748 2542 805 2570 est
828 2533 1177 2570 sacramentaliter
1201 2546 1345 2582 corpus
1370 2532 1517 2570 Christi

201 2590 321 2627 habet
368 2589 486 2627 istam
526 2590 748 2628 efficaciam
788 2593 923 2641 quoad
962 2592 1136 2640 perfecte
1175 2600 1213 2628 et
1256 2591 1518 2640 spiritualiter

269 2743 298 2769 4.
319 2735 344 2762 E
363 2734 394 2763 in
415 2743 529 2771 marg:
551 2736 684 2776 presciti·
697 2737 734 2765 al.
756 2745 838 2764 man.
923 2745 952 2777 9.
973 2737 1042 2765 DE:
1064 2745 1181 2776 corpus·
1199 2736 1292 2776 deest.
1385 2737 1420 2765 15.
1441 2737 1465 2765 E
1485 2737 1516 2764 in

200 2778 313 2805 marg:
335 2770 416 2798 Nota
437 2771 521 2798 bene.
576 2771 624 2799 26.
638 2771 708 2800 Em
723 2780 837 2808 marg:
859 2773 949 2800 Panis
970 2773 1200 2800 sacramentalis
1220 2776 1265 2799 est
1284 2771 1366 2800 idem
1387 2780 1516 2800 numero

201 2813 271 2832 cum
292 2813 422 2841 corpore
443 2805 568 2833 Christi.
643 2805 690 2842 34.
711 2807 781 2835 DE:
803 2807 994 2842 properium.

275 2909 325 2932 12.
351 2900 429 2933 Joh.
450 2901 506 2943 VI,
535 2901 588 2945 59.
685 2901 738 2934 32.
765 2902 868 2935 Num.
893 2902 983 2942 XXI,
1012 2901 1041 2934 5.

1543 507 1620 535 Thi>
1644 508 1668 534 is
1690 514 1740 535 not
1762 518 1796 534 so

1600 543 1670 569 xxith
1693 543 1741 570 tlic-

1587 578 1756 611 reprobate.

1607 971 1738 999 Christ's

1547 1014 1582 1033 ex
1609 1007 1742 1034 lanatiou
1764 1007 1798 1034 of

1570 1046 1619 1068 tic
1639 1042 1778 1069 ditl'crent

1565 1077 1724 1111 meanings
1751 1078 1784 1104 of

1624 1111 1725 1139 bread.

1544 2482 1677 2519 Et'ficacy
1697 2483 1731 2510 of
1748 2483 1798 2510 the

1539 2517 1632 2545 broad
1653 2517 1754 2545 which
1774 2518 1800 2545 is

1567 2552 1618 2580 the
1638 2553 1721 2589 body
1741 2552 1775 2580 of

1612 2586 1726 2615 Christ.
