1986 3380
201 296 337 326 SERMO
360 283 455 342 V111.]
671 293 885 327 SECUNDA
912 293 1037 324 PARS.
1752 284 1797 321 55

260 409 340 443 Nec
371 406 598 453 negandum
633 411 689 439 est
723 402 830 450 quod
864 400 959 437 dicit
981 400 1225 448 Augustinus
1258 400 1297 435 in
1322 402 1377 436 De
1402 401 1512 435 Bono

202 463 413 512 Coniugali
447 464 554 511 quod
587 469 642 498 est
663 460 810 509 triplex
832 460 969 495 bonum
1000 458 1188 507 coniugii:
1218 458 1348 504 Fides,
1380 469 1512 493 sacm-
1528 464 1702 504 Tlnjeet'old
1721 465 1800 500 good

202 530 367 558 mentum
401 529 436 558 et
468 520 613 570 proles.
660 521 761 555 Nam
796 517 835 553 in
870 517 945 553 isto
979 516 1164 563 coniugio
1197 515 1269 551 fuit
1307 514 1514 564 quodlibet
1560 503 1587 527 ‘¹¹
1612 508 1771 534 masmage.

202 580 369 616 istorum
404 578 546 623 trium3
591 590 686 613 nam
731 575 832 612 sicut
864 575 1011 622 Joseph
1056 574 1128 610 fuit
1173 582 1287 621 pater
1330 575 1421 609 Jesu
1457 574 1515 619 (ut

168 644 185 676 5
202 646 310 686 patet
335 639 439 674 Luce
463 638 545 683 110),
569 635 625 671 sic
650 643 814 671 econtra
835 635 946 669 Jesus
970 632 1042 668 fuit
1067 632 1149 668 eius
1173 631 1276 667 filius
1300 640 1337 667 et
1360 643 1515 667 summe

201 696 375 732 virtuose
414 694 488 731 sibi
521 693 714 729 subditus.
748 692 894 738 Joseph
919 690 1023 727 enim
1048 702 1129 726 non
1152 690 1282 725 solum
1308 689 1380 724 fuit
1403 697 1516 736 pater

201 756 305 799 Jesu,
340 765 435 789 cura
468 751 682 800 putacione
714 748 926 786 fantastica
949 749 1009 784 vel
1032 747 1110 784 alia
1132 747 1293 784 racione
1317 756 1515 789 extranea,

203 813 271 848 sed
304 810 563 855 coniunctim,
597 808 691 857 quia
724 819 861 844 curam
896 806 1034 843 habuit
1065 805 1147 843 veri
1181 805 1250 841 filii
1283 804 1415 841 uxoris
1448 817 1517 840 sue

202 869 376 917 legitime
415 865 772 916 supernaturaliter
806 878 828 901 a
850 864 1024 901 Domino
1049 864 1346 900 commendata.
1381 864 1429 898 Et
1461 862 1517 898 sic

147 943 185 964 10
203 929 319 964 beata
357 926 468 974 virgo
509 924 582 961 fuit
621 925 789 971 innupta
834 931 974 965 mater,
1020 922 1224 970 loquendo
1269 922 1317 957 de
1361 920 1517 968 nupciis

201 985 387 1033 perfectis
431 984 510 1020 iam
557 982 808 1019 currentibus
853 980 956 1016 inter
1006 992 1173 1028 sponsos
1225 980 1371 1027 lapsos,
1426 991 1515 1014 cum

201 1043 389 1080 continue
421 1041 494 1078 fuit
527 1054 549 1078 a
581 1039 733 1077 carnali
766 1038 911 1087 copula
944 1046 1192 1086 preservata;
1228 1046 1265 1073 et
1293 1036 1349 1073 sic
1370 1037 1518 1084 Joseph

200 1101 339 1138 habuit
371 1100 411 1137 in
442 1100 510 1136 illo
549 1097 762 1135 benedicto
802 1096 988 1144 coniugio
1028 1109 1151 1132 unum
1192 1095 1332 1141 filiurn,
1372 1103 1409 1131 et
1447 1106 1518 1142 per

201 1171 460 1208 consequens,
495 1159 644 1194 bonum
685 1155 823 1204 prolis.
874 1154 923 1191 Et
968 1162 1078 1202 patet
1126 1155 1235 1202 quod
1280 1166 1361 1189 non
1404 1153 1517 1189 obest

146 1223 183 1256 15
201 1219 359 1254 beatam
392 1215 586 1264 virginem
617 1213 770 1251 vovisse
808 1212 1078 1261 virginitatem
1118 1220 1155 1248 et
1192 1211 1277 1247 sine
1310 1210 1517 1248 solucione
1540 1216 1743 1256 Mary'syfnv
1764 1217 1797 1244 of

199 1275 281 1312 voti
312 1274 397 1311 viro
437 1273 557 1310 fuisse
595 1272 728 1309 taliter
767 1272 1011 1319 copulatam.
1050 1271 1340 1306 Verumtamen
1377 1277 1515 1306 votum
1591 1256 1747 1287 ”sgnum

200 1342 332 1382 potest
365 1332 578 1380 dupliciter
609 1329 776 1377 intelligi
808 1330 869 1366 vel
901 1329 1031 1365 solum
1057 1328 1230 1364 mentale
1261 1328 1322 1364 vel
1355 1327 1517 1375 copula-

201 1401 285 1428 tum
319 1390 484 1427 mentali
516 1398 653 1426 votum
688 1388 884 1424 sensibile.
920 1389 977 1423 De
1010 1386 1142 1434 primo
1176 1394 1329 1422 certum
1361 1385 1518 1422 videtur

202 1451 309 1497 quod
343 1450 459 1484 beata
490 1448 602 1495 virgo
633 1446 739 1483 vovit
771 1445 1055 1493 virginitatem,
1089 1457 1179 1480 cum
1215 1445 1320 1480 Luce
1344 1445 1379 1479 ΙΟ
1412 1443 1518 1479 dicat

144 1522 185 1544 20
202 1507 344 1555 angelo
382 1506 629 1554 pertinenter
675 1504 863 1552 quomodo
896 1504 970 1552 fiet
1014 1503 1129 1548 istud,
1174 1502 1351 1550 quoniam
1391 1501 1517 1537 virum

201 1578 273 1601 non
307 1576 519 1615 cognosco;
550 1572 588 1599 et
620 1560 829 1610 probabile
861 1561 1018 1597 videtur
1051 1561 1160 1608 quod
1182 1568 1319 1596 votum
1345 1559 1518 1595 mentale

200 1623 240 1659 in
273 1622 386 1671 signo
419 1621 596 1658 sensibili
628 1619 734 1657 vovit
770 1622 851 1655 Deo
891 1627 927 1655 et
960 1617 1015 1654 sic
1048 1618 1204 1653 nullum
1237 1625 1375 1654 votum
1410 1629 1518 1653 com-

201 1680 365 1717 missum
401 1679 620 1728 diruperat.

259 1740 335 1776 Sed
369 1737 576 1775 dubitatur
609 1735 878 1773 communiter
916 1743 1051 1771 utrum
1089 1745 1233 1770 vovere
1274 1731 1429 1769 homini
1469 1731 1519 1768 sit

144 1802 183 1834 25
200 1796 422 1846 prudentis,
457 1804 494 1832 et
517 1795 673 1832 videtur
697 1794 805 1842 quod
828 1793 998 1829 fratrum
1023 1791 1176 1839 religio,
1212 1790 1517 1828 matrimonium

201 1864 239 1892 et
271 1855 350 1892 alia
382 1862 635 1891 sacramenta
669 1851 901 1889 communia
934 1851 1162 1899 approbant
1201 1849 1308 1885 istud
1345 1848 1517 1893 factum;

200 1926 274 1950 nec
313 1912 479 1949 dubium
513 1911 610 1961 quin
641 1919 779 1947 votum
814 1908 966 1946 homini
1006 1909 1156 1945 factum
1191 1909 1239 1944 de
1271 1906 1518 1955 perficiendo

204 1970 420 2019 temporali
452 1978 588 2018 posset
621 1981 705 2005 esse
737 1968 885 2005 factum
922 1966 1112 2014 legitime,
1153 1967 1222 2002 sed
1252 1973 1391 2002 votum
1426 1964 1520 2001 facti
1545 1968 1692 2004 spiritual
1714 1977 1800 1996 vows

204 2029 424 2078 spiritualis
456 2029 517 2065 vel
549 2027 681 2076 operis
716 2025 911 2062 meritorii
944 2025 1100 2061 videtur
1134 2024 1232 2060 mihi
1271 2023 1519 2071 superfluum
1560 2004 1699 2066 mffissuffl
1722 2003 1790 2066 {eod

146 2087 290 2124 30fieri
329 2086 496 2132 homini,
546 2099 636 2122 cum
683 2084 829 2121 sufficit
873 2084 1005 2132 ipsum
1052 2081 1137 2118 fieri
1185 2081 1260 2118 soli
1292 2083 1390 2118 Deo.
1439 2083 1521 2117 Nec
1632 2074 1713 2109 only.

205 2155 362 2183 moveat
386 2146 493 2194 quod
516 2145 595 2181 tale
617 2144 735 2180 stulte
758 2151 894 2179 votum
920 2140 1056 2177 multis
1079 2140 1206 2188 prosit
1228 2152 1299 2188 per
1321 2139 1520 2185 accidens,

205 2203 299 2252 quia
330 2203 386 2241 sic
419 2202 513 2240 facit
544 2210 755 2250 peccatum
789 2199 1088 2249 gravissimum3
1122 2198 1213 2235 ideo
1243 2199 1521 2234 erubescerent

205 2262 359 2308 fratres,
394 2261 425 2298 si
457 2269 550 2298 vota
581 2261 766 2308 leguntur
798 2258 838 2295 in
871 2258 1070 2306 scriptura
1093 2256 1270 2294 crebrius
1292 2256 1398 2293 facta
1422 2256 1519 2301 Deo,

205 2328 249 2356 ut
281 2329 390 2368 patet
424 2321 471 2356 de
503 2319 639 2363 Jacob,
671 2320 797 2366 Yepte
830 2326 867 2353 et
900 2316 1006 2361 aliis;
1047 2327 1139 2363 ergo
1176 2327 1248 2363 per
1284 2313 1390 2351 idem
1430 2313 1522 2349 licet

149 2383 189 2416 35
206 2378 396 2415 fratribus
441 2377 496 2414 sic
540 2388 695 2422 vovere,
742 2375 835 2424 quia
874 2374 990 2411 simia
1028 2373 1098 2410 tali
1137 2372 1297 2421 argucie
1342 2385 1365 2409 a
1401 2371 1521 2408 simili

208 2435 448 2473 dissentiret,
481 2438 563 2472 Nec
596 2442 755 2471 moveat
787 2435 896 2482 quod
929 2445 973 2469 ex
1004 2433 1088 2480 lege
1121 2431 1194 2468 Dei
1231 2444 1333 2467 unus
1364 2437 1523 2467 tenetur

277 2566 302 2586 2.
319 2559 348 2586 A
362 2558 392 2586 in
410 2566 523 2593 marga
545 2556 733 2596 Coniugium
754 2556 845 2584 habet
859 2555 969 2591 triplex
985 2555 1101 2582 bonum
1116 2554 1285 2591 secundum
1300 2553 1523 2588 Augustinum.

207 2592 232 2621 3.
252 2594 297 2621 A:
319 2594 382 2621 illo.
439 2601 480 2620 10.
501 2593 545 2620 A:
567 2596 682 2628 nuptls.
740 2599 774 2618 11.
795 2592 839 2618 A:
862 2590 1005 2626 perfectis
1026 2590 1119 2616 deest.
1178 2592 1219 2616 10.
1240 2588 1308 2616 DE:
1330 2587 1424 2615 veteri
1445 2586 1521 2614 viro.

209 2637 247 2663 17.
268 2629 313 2655 A:
334 2627 474 2655 videlicet
494 2628 605 2655 solum.
731 2625 770 2654 18.
790 2626 821 2654 A
839 2625 870 2652 in
891 2633 1004 2660 marg:
1025 2624 1141 2652 Votum
1163 2623 1291 2658 duplex;
1314 2623 1336 2650 E
1356 2623 1386 2649 in
1408 2630 1521 2656 marg:

206 2663 324 2691 Votum
345 2662 508 2702 dupliciter
527 2660 622 2690 intelli
646 2661 722 2695 itu1·;
743 2660 783 2688 ib.
799 2661 843 2688 A:
866 2660 1016 2687 sensuale.
1109 2666 1150 2694 19.
1171 2659 1196 2686 D
1218 2658 1249 2686 in
1270 2665 1384 2693 marg:
1405 2656 1523 2683 Votum

208 2697 303 2725 Marie
322 2697 462 2733 virginis.
551 2704 595 2724 22.
655 2705 661 2724 :
683 2695 828 2723 sensuali.
927 2693 970 2722 23.
992 2694 1065 2721 AD:
1088 2693 1255 2729 dirumpat.
1346 2699 1393 2725 24.
1413 2690 1470 2718 AD
1491 2690 1522 2717 in

209 2740 323 2767 marg:
344 2732 491 2759 Dubium.
541 2732 582 2759 25.
598 2731 622 2758 E
637 2730 668 2758 in
683 2738 797 2766 marg:
818 2729 916 2763 Nota;
936 2729 977 2756 ib.
994 2728 1036 2755 D:
1057 2728 1171 2755 factum
1187 2726 1304 2762 religio.
1360 2725 1407 2753 26.
1425 2733 1524 2752 sacra-

209 2771 328 2799 mentm
358 2766 400 2793 D:
422 2766 634 2802 transscript.:
655 2765 685 2793 id
707 2769 751 2792 est
771 2764 954 2792 iuramenta.
1033 2770 1048 2790 2
1072 2783 1077 2789 .
1099 2762 1152 2790 DE
1171 2763 1202 2790 in
1223 2770 1338 2797 marg:
1358 2761 1476 2788 Votum
1498 2759 1522 2786 si

210 2801 298 2828 debet
317 2801 379 2829 fieri
400 2801 529 2828 homini.
610 2799 652 2828 32.
674 2800 715 2827 D:
737 2799 824 2833 facit3
846 2799 875 2826 in
897 2807 1010 2834 marg:
1032 2798 1039 2824 i
1083 2801 1128 2824 est
1148 2797 1275 2832 prodest
1296 2805 1349 2832 per
1369 2794 1522 2822 accidens.

281 2883 311 2905 2.
330 2873 382 2905 Cf.
397 2872 516 2913 Trial.‚
535 2883 612 2915 pag.
634 2872 709 2904 315.
731 2872 876 2912 August.
897 2871 988 2913 Opp.
1008 2877 1092 2902 tom.
1106 2870 1162 2908 VI,
1186 2879 1263 2912 pag.
1286 2869 1344 2900 321
1369 2873 1403 2898 et
1421 2875 1519 2909 seqq.

218 2930 264 2962 ¹9·
291 2921 404 2951 Lucae
431 2919 456 2958 1,
486 2919 537 2959 34.
