1986 3380
244 273 380 301 SERMO
401 261 493 320 ΗΧ]
716 275 927 308 SECUNDA
956 275 1079 307 PARS.
1760 270 1839 317 43⁴]

245 382 649 430 contemplativorum
696 381 818 430 aliqui
863 390 1116 418 assumentur
1168 382 1217 417 ad
1264 381 1550 419 beatitudinem

245 449 280 476 et
304 440 370 476 alii
394 439 687 489 relinquentur;
722 439 832 476 cuius
857 452 1017 476 causam
1042 438 1072 475 si
1097 438 1303 487 quesieris,
1339 441 1553 487 respondet

243 498 490 546 evangelium
525 499 613 543 hoc,
648 497 740 546 quia
764 497 958 545 assumpti
991 505 1081 533 sunt
1110 498 1158 533 de
1180 509 1349 533 numero
1383 498 1552 545 pruden-

243 555 362 601 cium,
395 555 644 592 sumencium
678 568 813 592 secum
837 556 984 600 oleum,
1009 564 1045 591 et
1069 554 1195 591 relicti
1221 556 1269 591 ad
1294 555 1553 603 dampnacio-

210 617 332 649 finem
373 622 509 650 carent
552 613 620 649 tali
661 614 763 659 oleo,
805 626 893 650 cum
942 612 1020 649 sint
1059 614 1107 649 de
1145 625 1314 649 numero
1353 613 1551 660 virginum

241 671 455 707 fatuarum.
509 673 589 707 Nec
635 672 753 708 habet
806 670 950 719 aliquis
996 671 1208 707 salvandus
1263 679 1343 707 tarn
1394 671 1551 707 brevem

240 729 450 776 periodum
505 728 600 777 quin
651 738 742 766 ante
792 728 1095 777 separacionem
1140 727 1272 765 anime
1317 741 1339 765 a
1384 741 1553 776 corpore

242 787 386 823 habeat
413 786 701 823 sufficienciam
725 786 908 823 sumendi
931 799 1065 823 secum
1090 787 1237 823 oleum.
1272 787 1422 823 Omnes
1447 786 1551 822 enim

239 844 451 881 salvandos
496 853 656 892 oportet
700 853 807 881 recte
846 846 1007 881 credere
1046 857 1116 893 per
1155 844 1334 881 habitum
1378 844 1551 880 infusum

186 918 223 939 10
239 910 276 938 et
320 915 390 950 per
435 914 684 951 consequens
731 903 877 939 habere
917 902 1125 939 caritatem
1174 911 1210 939 et
1250 901 1348 939 alios
1394 901 1552 938 habitus

239 969 541 1009 consequentes.

297 1019 427 1054 Media
465 1026 591 1054 autem
633 1026 740 1054 nocte
779 1018 928 1054 clamor
955 1019 1093 1067 factus
1131 1025 1205 1054 est:
1249 1018 1350 1054 Ecce
1389 1030 1552 1067 sponsus
1573 1025 1639 1052 The
1661 1027 1838 1064 confingor

241 1076 350 1121 venit,
385 1076 487 1113 exite
519 1076 668 1112 obviam
693 1077 735 1112 ei.
772 1075 847 1112 Ubi
878 1088 958 1112 non
982 1075 1147 1112 dubium
1171 1075 1267 1124 quin
1301 1075 1549 1124 evangelium
1567 1060 1839 1127 ¹¹¹}i1l'¹'1¹1²llff³³,[l‘‡‘l’¹¹¹

237 1133 422 1182 intelligit
476 1147 547 1183 per
591 1136 805 1171 adventum
853 1133 993 1182 sponsi
1040 1135 1254 1170 adventum
1301 1132 1449 1170 Christi
1502 1135 1551 1170 ad
1609 1130 1795 1165 Judgmmt).

184 1197 220 1229 15
238 1192 356 1229 finale
400 1192 607 1229 iudicium.
662 1193 761 1228 Illud
808 1200 942 1228 autem
988 1201 1146 1240 tempus
1192 1191 1338 1228 dicitur
1386 1191 1551 1228 medium

236 1251 366 1286 noctis.
413 1253 498 1287 Nox
543 1250 688 1287 dicitur
732 1259 897 1298 propter
934 1249 1147 1286 latericiam
1189 1258 1225 1286 et
1263 1249 1550 1286 obscuritatem

234 1308 382 1345 noticie
428 1310 621 1345 adventus
662 1308 810 1345 Christi
857 1309 907 1345 ad
952 1308 1049 1344 illud
1094 1307 1287 1344 iudicium
1335 1306 1395 1359 (ut
1435 1309 1551 1344 docet

236 1365 417 1403 Christus
450 1367 618 1404 Matthei
652 1364 828 1417 XXIVO).
863 1365 1019 1403 Dicitur
1052 1374 1185 1402 autem
1211 1364 1387 1402 medium
1421 1365 1550 1402 noctis

235 1433 400 1473 propter
433 1425 508 1461 hoc
542 1426 650 1473 quod
684 1433 741 1461 est
775 1423 994 1461 confinium
1028 1423 1131 1460 inter
1164 1433 1323 1472 tempus
1356 1423 1551 1460 viacionis

178 1497 218 1518 20
234 1491 272 1519 et
304 1491 462 1531 tempus
496 1492 688 1531 perpetue
721 1482 878 1531 quietis.
938 1483 1099 1518 Clamor
1128 1494 1222 1518 vero
1256 1481 1459 1530 predictus
1492 1490 1550 1518 est

234 1540 465 1577 notificacio
498 1541 731 1589 angelorum
767 1541 900 1589 quoad
940 1539 1038 1576 illud
1077 1539 1268 1576 iudicium
1310 1552 1430 1588 quam
1465 1539 1550 1588 qui-

235 1600 327 1635 dam
359 1607 503 1635 vocant
537 1598 793 1635 tubacionem
827 1598 1087 1635 novissimam
1122 1597 1340 1634 Michaelis.

298 1657 401 1693 Tunc
444 1665 707 1694 surrexerunt
751 1669 881 1693 omnes
919 1657 1091 1707 virgines
1135 1656 1198 1692 ille
1242 1664 1276 1692 et
1314 1664 1550 1692 ornaverunt
1588 1662 1764 1700 Trimming
1786 1666 1820 1693 of

235 1715 421 1764 ampades
443 1727 548 1751 suas.
586 1715 689 1761 Quia
712 1715 815 1751 inter
839 1714 938 1751 alios
963 1716 1010 1751 de
1033 1715 1210 1750 humano
1244 1726 1388 1762 genere
1421 1713 1540 1750 activi
1612 1698 1661 1726 the
1682 1699 1792 1734 lamps.

178 1776 217 1809 25
234 1773 409 1810 viventes
448 1773 488 1809 in
530 1785 625 1821 agro
659 1772 725 1822 qui
765 1773 925 1809 fuerunt
964 1772 1003 1808 in
1043 1771 1209 1809 ecclesia
1254 1780 1461 1820 resurgent
1500 1773 1550 1808 ad

236 1831 354 1868 finale
389 1831 583 1867 iudicium
618 1839 655 1868 et
688 1830 780 1880 quia
805 1843 944 1867 omnes
968 1830 1022 1867 hii
1056 1829 1200 1878 singuli
1224 1831 1404 1867 fecerunt
1427 1842 1550 1878 opera

237 1890 343 1926 bona
377 1890 424 1926 de
456 1901 613 1937 genere,
648 1890 849 1926 ornabunt
882 1889 1091 1937 lampades
1115 1901 1219 1935 suas,
1245 1888 1338 1936 quia
1361 1900 1551 1936 prepara-

235 1948 333 1983 bunt
365 1959 406 1984 se
439 1948 489 1984 ad
528 1947 733 1984 racionem
773 1948 1019 1984 reddendam
1059 1945 1181 1982 iudici
1222 1947 1269 1983 de
1307 1946 1388 1983 suis
1420 1945 1551 1995 operi-

234 2006 319 2041 bus.
375 2006 424 2041 Et
468 2013 579 2053 patet
623 2006 731 2054 quod
774 2004 946 2053 virgines
991 2005 1064 2041 iste
1108 2013 1275 2053 possunt
1321 2003 1399 2041 dici
1443 2004 1550 2041 fatue

179 2067 219 2099 30
234 2071 401 2112 propter
432 2062 522 2109 tria,
558 2063 690 2111 primo
723 2063 754 2100 si
783 2076 864 2100 non
888 2064 1036 2100 habent
1061 2062 1321 2099 devocionem
1347 2063 1397 2099 ad
1421 2064 1548 2099 Deum

235 2120 420 2158 faciendo
455 2123 561 2158 bona
593 2134 716 2170 opera
750 2122 798 2158 de
831 2133 987 2169 genere,
1028 2122 1204 2157 secundo
1238 2120 1269 2157 si
1303 2121 1450 2157 habent
1483 2121 1549 2157 de-

233 2179 443 2216 vocionem
478 2179 613 2216 fictam
635 2179 898 2228 ypocriticam
924 2188 1090 2227 propter
1122 2179 1271 2215 famam
1294 2180 1356 2216 vel
1389 2179 1549 2215 laudern
1564 2185 1674 2224 Thi-ee·
1688 2186 1786 2213 forms
1807 2186 1841 2213 of

233 2237 356 2274 seculi
399 2237 700 2286 acquirendam,
747 2246 784 2274 et
822 2237 948 2274 tercio
992 2237 1024 2273 si
1069 2249 1159 2273 cum
1200 2237 1315 2273 bonis
1359 2235 1549 2285 operibus
1600 2221 1800 2248 ¹⁰⁰¹¹S¹¹¹¹⁰S⁵'

233 2296 382 2332 habent
416 2295 676 2333 devocionem
701 2307 911 2332 erroneam
935 2295 975 2331 in
998 2294 1172 2332 falsitate
1198 2294 1290 2331 fidei
1324 2294 1546 2331 fundatam.

178 2358 216 2391 35
233 2353 429 2390 Omnibus
468 2353 574 2390 enim
613 2353 691 2390 illis
730 2353 972 2401 extinguitur
1011 2353 1074 2389 lux
1114 2353 1410 2401 lampadarum,
1454 2351 1548 2401 quia

234 2412 365 2448 solum
397 2411 543 2449 veritas
582 2412 688 2449 lucet
722 2414 820 2448 Deo.
866 2413 914 2447 Et
946 2410 986 2447 in
1019 2411 1095 2448 isto
1128 2411 1254 2448 tercio
1288 2423 1423 2448 errore
1456 2419 1548 2447 sunt

232 2469 376 2518 singuli
425 2469 619 2516 infideles,
665 2469 758 2519 quia
806 2478 1163 2518 quantumcunque
1217 2468 1348 2506 devoti
1401 2468 1547 2505 fuerint

232 2529 442 2565 adorando
481 2528 606 2565 lacius
647 2541 768 2577 quam
808 2540 984 2574 oramus,
1027 2527 1120 2576 quia
1162 2539 1250 2564 cum
1286 2529 1458 2564 adorant
1489 2526 1547 2563 in-

300 2673 326 2701 3.
337 2674 391 2713 -Ατ
413 2673 471 2713 hoc
491 2673 585 2713 deest.
659 2682 684 2709 7.
707 2672 775 2701 DE:
798 2673 849 2710 qui
871 2678 948 2701 ante.
1024 2672 1062 2701 13.
1078 2674 1128 2713 ·A:
1151 2674 1224 2709 quin
1246 2673 1340 2701 deest.
1414 2681 1456 2709 ¹9·
1477 2673 1547 2701 DE:

231 2708 398 2736 confinium
420 2713 571 2736 interitus.
704 2716 743 2742 21,
765 2716 808 2736 22.
830 2708 900 2736 DE:
922 2717 1012 2744 quem
1034 2709 1169 2744 quidem.
1301 2716 1348 2747 24.
1369 2709 1412 2736 A:
1434 2713 1546 2736 actum.

231 2743 277 2771 28.
293 2743 363 2771 DE:
385 2751 416 2782 se
436 2743 472 2770 ad
495 2743 589 2771 deest.
663 2750 709 2779 29.
732 2743 756 2771 E
776 2743 805 2770 in
827 2751 942 2779 marg.:
964 2744 1045 2779 quod
1067 2743 1201 2779 virgines
1222 2743 1282 2776 (ὓς)
1304 2743 1447 2782 dicuntur
1467 2743 1548 2771 fatue

233 2777 550 2842 §gofferstridae-esfm
571 2777 610 2821 ξι.
632 2778 855 2840 ffizEadhlggeutm
875 2794 909 2797 —
929 2786 1038 2814 genere
1058 2778 1153 2806 deest.
1208 2777 1247 2806 31.
1268 2779 1312 2806 A:
1333 2786 1404 2814 qu1a
1425 2778 1547 2805 habent.

270 2834 275 2840 .
335 2822 342 2841 z
497 2834 502 2840 .
575 2822 622 2847 ³4-
707 2822 713 2840 :
828 2833 834 2839 .

306 2907 356 2928 22.
385 2894 601 2928 ‘Michaelis'.
628 2895 680 2928 Cf.
709 2897 798 2928 EW.
825 2895 866 2928 of
887 2896 1030 2939 Wyclif,
1060 2907 1135 2939 pag.
1167 2895 1242 2937 382,
1271 2895 1346 2928 385.
