1986 3380
212 319 346 347 staffilo
371 310 422 367 ir]
682 323 893 356 SECUNDA
923 324 1037 355 PARS

270 432 317 466 Et
352 438 460 478 patet
496 442 585 466 cum
624 429 750 466 sancti
786 429 957 466 viatores
998 429 1169 477 graviter
1210 431 1338 467 ferunt
1380 432 1523 468 exulta—

212 488 367 525 cionem
405 487 478 527 sui,
519 488 612 523 dum
654 489 783 524 honor
817 487 886 524 Dei
922 486 1191 536 postponitur,
1233 490 1359 525 multo
1401 489 1525 537 magis

212 546 316 583 beati
351 545 573 594 despiciunt
608 546 714 582 illam
750 547 908 582 laudem
944 559 1081 582 eorum
1115 559 1355 594 perversam.
1390 550 1437 583 Et
1471 548 1525 584 sic

212 604 317 641 beati
374 605 591 640 creduntur
648 613 932 652 contempnere
991 605 1135 640 multas
1181 605 1524 647 canonizaciones,

178 663 403 699 5festorum
433 675 596 698 suorum
630 661 916 710 multiplicatas
947 671 982 698 et
1013 663 1178 711 cupidas
1207 672 1326 711 atque
1349 672 1527 701 terrenas

211 719 623 768 sollempnizaciones,
665 729 702 756 et
735 720 789 756 ita
823 733 912 756 cum
947 720 1051 757 beati
1086 730 1376 769 contempnunt
1410 736 1528 771 quos-

212 791 367 827 cunque
391 779 496 815 Deus
530 778 816 826 contempserit
849 778 1076 815 necessario
1117 780 1356 816 subtrahunt
1390 781 1528 817 suffra-

210 836 318 884 gium
358 849 379 873 a
419 835 474 872 sic
514 848 581 873 eos
621 836 856 873 colentibus.
904 838 951 873 Et
990 846 1099 885 patet
1139 850 1260 886 quam
1299 837 1439 875 frivola
1480 839 1527 875 sit

211 895 270 931 lex
316 895 364 931 de
408 895 526 930 laude
571 896 759 937 humana,
801 896 848 931 de
889 895 992 932 fama
1035 895 1207 932 hominis
1250 898 1453 933 mundana
1493 906 1528 933 et

160 966 196 988 10
212 953 295 989 eius
342 952 630 998 defamacione,
671 965 761 989 cum
796 953 978 989 Christus
1018 966 1110 990 suos
1152 955 1398 1002 despexerat.
1442 957 1528 991 Non

211 1020 343 1048 tamen
373 1023 474 1058 nego
505 1012 573 1047 sed
604 1012 743 1047 hortor
767 1012 873 1060 quod
899 1011 1051 1048 viantes
1081 1011 1303 1049 accessorie
1332 1013 1530 1050 honorent

213 1077 374 1106 sanctos
414 1078 450 1105 et
490 1069 674 1106 ordinate
713 1079 904 1118 appetant
944 1070 1093 1107 famam
1134 1083 1260 1116 suam,
1295 1072 1362 1107 sed
1398 1080 1527 1107 totum

211 1127 359 1164 factum
392 1127 527 1163 mundi
552 1126 710 1164 videtur
739 1128 951 1175 personale
975 1137 1094 1177 atque
1117 1137 1411 1177 preposterum,
1437 1129 1530 1178 quia

211 1186 533 1234 quandocunque
555 1185 644 1235 quis
667 1185 827 1222 affectat
854 1186 1051 1223 attencius
1076 1187 1225 1223 famam
1248 1187 1308 1224 vel
1336 1188 1528 1224 honorem

158 1244 194 1277 15
211 1243 271 1280 sui
319 1251 386 1279 aut
434 1243 602 1280 membri
642 1243 790 1280 Christi
830 1257 949 1293 quam
989 1244 1137 1281 Christi
1176 1253 1233 1282 est
1280 1245 1531 1283 adversarius

212 1300 373 1338 Christi.
408 1301 459 1337 Et
491 1302 621 1338 beatus
653 1303 794 1351 estqui
822 1303 1036 1352 nonsuerit
1059 1303 1346 1355 scandalizatus
1378 1305 1414 1340 in
1447 1305 1529 1340 isto.

213 1361 361 1396 Omnes
395 1359 499 1396 enim
534 1359 712 1409 episcopi
747 1360 814 1409 qui
848 1361 896 1397 ad
930 1360 1185 1409 temporalia,
1220 1362 1269 1398 ad
1304 1364 1530 1399 mundanos

214 1419 385 1454 honores
416 1417 454 1453 in
479 1417 643 1458 familia.
669 1418 709 1454 in
732 1418 994 1467 apparatibus
1017 1420 1077 1456 vel
1100 1419 1279 1468 expensis
1310 1419 1530 1457 ministerio

213 1475 360 1512 Christi
377 1475 588 1523 superfluis
604 1477 805 1521 anhelant,
822 1489 961 1513 omnes
976 1477 1170 1526 (inquam)
1186 1478 1284 1514 tales
1300 1487 1531 1526 apostatant

153 1545 196 1568 20
213 1546 303 1570 cum
319 1533 568 1570 Antichristo
600 1543 635 1570 et
665 1535 822 1570 solvunt
855 1534 1070 1571 infideliter
1094 1535 1269 1583 primum
1294 1539 1529 1574 mandatum

211 1604 257 1628 ac
287 1600 415 1628 totum
441 1592 698 1640 decalogum3
732 1601 769 1629 et
798 1593 897 1629 tales
925 1592 1088 1629 indubie
1117 1606 1196 1629 non
1226 1603 1317 1630 sunt
1350 1596 1531 1631 membra

212 1658 347 1686 sancte
381 1649 520 1686 matris
554 1650 732 1695 ecclesie,
767 1650 861 1700 quia
893 1659 988 1688 tunc
1020 1651 1145 1688 instar
1177 1652 1324 1689 Christi
1359 1654 1554 1698 honores}

211 1721 304 1744 suos
332 1716 620 1756 postponerent
654 1717 690 1745 et
724 1709 918 1746 honorem
953 1709 1101 1746 Christi
1135 1711 1340 1758 sequendo
1374 1723 1464 1747 eum
1494 1711 1533 1747 in

210 1766 290 1803 vita
306 1775 596 1815 preponerent3
622 1768 698 1804 hoc
720 1766 825 1804 enim
848 1767 950 1805 foret
973 1767 1149 1804 nominis
1166 1768 1313 1805 Christi
1338 1768 1529 1805 indicium

155 1825 196 1859 25
212 1824 462 1874 requisitum.
508 1826 557 1861 Et
596 1837 686 1862 curn
727 1825 909 1862 Christus
955 1825 1051 1863 dicit
1085 1828 1190 1863 Luce
1222 1827 1308 1873 X10,
1345 1827 1418 1864 23:
1459 1828 1536 1872 Qui

212 1896 284 1919 non
317 1890 371 1919 est
404 1895 550 1919 mecum
583 1884 792 1920 adversum
832 1897 891 1921 me
929 1892 997 1931 est,
1028 1884 1108 1922 vita
1149 1897 1287 1921 eorum
1329 1886 1532 1922 mundana

211 1941 385 1978 ostendit
424 1941 560 1990 patule
593 1943 701 1990 quod
742 1951 833 1979 sunt
866 1943 1048 1979 membra
1081 1943 1241 1991 dyaboli
1276 1952 1313 1980 et
1347 1943 1533 1992 discipuli

212 1998 461 2036 Antichristi.
508 2001 622 2036 Unde
661 1999 701 2036 in
742 2000 1099 2038 confirmacionem
1133 2001 1263 2038 tocius
1297 2001 1412 2039 istius
1447 2014 1533 2038 sen-

213 2057 341 2094 tencie
381 2058 456 2095 hoc
489 2057 738 2106 evangelium
771 2058 1019 2107 tripartitur:
1053 2059 1186 2108 primo
1221 2059 1317 2096 dicit
1350 2060 1532 2097 Christus

155 2130 198 2153 ,πο
214 2115 342 2152 turbis
360 2117 579 2152 Judeorum
605 2125 642 2153 et
665 2116 915 2165 principibus
939 2118 1195 2155 sacerdotum
1222 2127 1265 2154 ut
1289 2118 1532 2167 posteriores

214 2183 381 2211 caveant
421 2183 457 2210 et
495 2186 576 2211 non
615 2184 835 2224 sequantur
867 2175 1035 2224 priores.
1070 2178 1171 2213 Nam
1207 2176 1389 2214 Christus
1422 2176 1532 2214 omni

213 2241 397 2280 tempore
453 2244 615 2281 presens
671 2232 859 2270 divinitus
917 2233 1040 2271 mittit
1096 2247 1170 2283 pro
1221 2247 1294 2272 suo
1351 2244 1533 2284 tempore

214 2289 432 2327 officiarios
465 2302 664 2328 consonos
692 2291 894 2339 Trinitati,
927 2293 1146 2341 prophetas
1179 2305 1352 2342 quorum
1384 2293 1464 2330 vita
1497 2301 1534 2330 et

214 2347 532 2397 longanimitatis
561 2349 748 2398 potencia
779 2359 976 2388 consonat
1005 2350 1133 2400 prime
1163 2363 1334 2400 persone
1367 2364 1444 2401 que
1477 2360 1534 2388 est

122 2387 471 2466 fggomnipotens
504 2408 610 2444 Deus
642 2408 774 2445 adhuc
806 2408 1067 2446 absconditus
1095 2403 1101 2463 Ι

285 2515 306 2535 1.
326 2507 372 2535 A:
403 2514 472 2535 curn
494 2507 621 2535 viantes.
750 2515 776 2536 2.
798 2509 867 2537 DE:
897 2509 970 2537 dum
991 2524 1026 2529 -
1046 2509 1245 2546 postponitur
1265 2509 1366 2545 dcest;
1396 2510 1437 2539 ib.
1458 2510 1484 2538 Ι)
1505 2509 1534 2537 ἱιι

216 2549 329 2581 marg*
349 2541 486 2569 Laudem
507 2542 615 2570 falsam
638 2543 733 2571 sancti
755 2543 939 2580 despiciunt.
1012 2544 1036 2573 5.
1058 2545 1102 2572 A:
1124 2553 1252 2572 suorum
1273 2545 1375 2579 deest;
1401 2545 1442 2573 ib.
1463 2543 1534 2573 AB:

217 2576 422 2612 multiplices:
454 2576 495 2604 ib.
527 2577 552 2605 Ε
582 2577 610 2605 in
642 2586 755 2613 marg:
785 2579 889 2607 Sancti
918 2579 947 2607 in
979 2580 1081 2607 seculo
1110 2579 1286 2615 despiciunt
1315 2579 1534 2608 exaltacionem

217 2619 316 2641 suam.
339 2611 434 2639 multo
449 2619 522 2647 ergo
539 2612 616 2640 beati
638 2612 668 2640 in
689 2613 754 2641 celo
775 2613 868 2641 falsas
887 2613 1152 2642 canonizaciones.
1203 2614 1230 2641 8.
1245 2615 1289 2642 A:
1311 2615 1393 2650 quod
1415 2615 1534 2642 frivola.

218 2654 259 2674 to.
279 2647 325 2674 A:
347 2645 531 2681 despexerit.
668 2646 704 2675 13.
726 2648 766 2676 E:
789 2648 895 2676 mundi
917 2649 1011 2676 deest.
1148 2658 1188 2683 ¹4-
1210 2649 1249 2677 E:
1271 2650 1420 2677 attencius
1441 2649 1534 2677 deest.

218 2681 254 2709 15.
283 2682 328 2708 Α;
363 2689 471 2715 suum;
503 2682 544 2710 ib.
577 2682 601 2710 13
633 2683 670 2709 al.
704 2691 815 2711 manu:
847 2683 962 2711 Christi
996 2684 1082 2719 plus;
1115 2692 1206 2720 quam
1233 2699 1267 2703 -—
1293 2684 1408 2712 Christi
1441 2684 1534 2712 deest.

218 2715 255 2750 15,
277 2716 318 2743 μ’).
339 2716 384 2744 A:
405 2720 496 2743 est—
511 2716 625 2745 Christi
647 2716 742 2745 deest.
806 2717 844 2745 18.
865 2719 909 2746 A:
930 2726 999 2746 cum
1021 2719 1232 2755 apparatibus.
1290 2727 1332 2754 ¹9·
1353 2720 1396 2747 A:
1420 2718 1534 2747 Christi

218 2750 314 2778 deest.
387 2757 430 2778 22.
452 2750 518 2779 BC:
540 2752 591 2788 qui
613 2757 694 2780 tunc.
774 2752 820 2781 28.
841 2753 887 2781 A:
909 2753 1020 2787 huius;
1042 2753 1196 2782 sentencie
1217 2753 1311 2781 deest.
1391 2761 1437 2787 20.
1460 2754 1484 2781 l)
1507 2753 1534 2780 in

219 2793 333 2824 marg.:
353 2784 538 2824 Exposicim
560 2786 769 2828 evangelium:
799 2788 827 2815 A
848 2788 877 2815 in
900 2795 1014 2824 marg:
1037 2797 1056 2816 1.
1154 2796 1201 2823 20.
1224 2787 1269 2816 1⁴0.
1291 2789 1334 2816 A:
1357 2787 1427 2816 dicit
1448 2788 1537 2815 Jesus

218 2820 317 2847 turbis
338 2819 596 2851 christianorum:
628 2822 670 2855 ᾖς
691 2822 943 2850 christianornm.
1047 2822 1089 2852 33.
1110 2822 1157 2856 31.
1178 2824 1223 2851 A:
1246 2831 1377 2858 quornm
1401 2823 1533 2858 loquela:

217 2854 257 2882 E:
274 2854 334 2882 vita
349 2854 532 2895 loquebatur
547 2861 573 2883 et
591 2857 821 2897 longanimiter.
834 2857 978 2885 Fortasse
994 2858 1171 2893 legendum:
1189 2866 1320 2894 quorum
1335 2858 1405 2892 vita,
1419 2858 1537 2892 loquela

218 2893 246 2916 et
265 2889 507 2925 longanimitatis
528 2895 679 2926 potencia.

292 2960 343 2994 ¹7·
368 2950 489 2983 Matth.
513 2950 570 2990 XI,
596 2949 632 2984 6.

1789 328 1811 362 ί)

1570 439 1636 466 ΤΙΙι·
1660 439 1776 466 ΝΕΝΝΕᾹ

1581 474 1703 508 tlt-,spise
1725 474 1773 500 the

1566 509 1636 535 rite*
1659 518 1694 535 :tu
1718 509 1794 535 their

1612 544 1741 570 honour.

1579 2242 1681 2269 Christ
1703 2241 1795 2268 sends

1586 2286 1604 2304 ι.
1627 2276 1786 2312 prophets.
