1986 3380
226 1112 351 1150 Modern

174 1153 337 1185 insistence
359 1156 397 1174 01]

233 1186 339 1209 iorins.

162 1518 202 1544 its
225 1518 349 1553 bearing
370 1528 407 1546 on

207 1553 255 1580 the
277 1554 367 1588 l‘apal

225 1587 350 1616 schism.

733 302 957 335 ,ionANNis
978 301 1160 334 wvcrw
1181 302 1436 334 SERMONUM
1536 288 1690 345 [SERMO
1712 298 1747 325 x⁴

496 413 541 446 Et
559 411 709 446 utinam
730 411 803 444 boc
819 417 1018 444 servatum
1038 407 1171 444 fuisset
1190 408 1225 443 in
1243 408 1511 444 eleccionibus
1528 408 1751 446 hodiernis:

438 479 531 505 tunc
565 468 668 504 enini
705 466 873 503 eollacio
909 466 1090 502 beneiicii
1125 465 1290 502 inhabili
1330 479 1498 514 persone
1538 476 1656 514 atque
1696 466 1750 502 in-

438 527 594 574 cognite
629 539 707 561 non
743 534 932 565 curreret,
974 524 1075 560 sicut
1115 524 1153 560 in
1192 525 1387 573 supremis
1428 525 1592 560 ecclesie
1633 527 1752 560 modo

439 585 574 621 currit.
610 585 657 620 Et
690 583 832 619 iterum
875 584 1108 630 blasphema
1154 583 1409 631 presumpcio
1455 596 1532 631 qua
1578 583 1754 619 creditur

438 642 681 679 eleccionem
716 642 936 677 secundum
972 642 1041 677 has
1074 641 1179 689 leges
1213 641 1338 677 editas
1372 654 1440 689 per
1474 654 1513 677 se
1547 643 1641 677 dare
1681 640 1786 685 111ερ

438 701 529 738 licet
563 700 679 736 fuerit
714 699 905 735 eleccioni
940 699 1070 736 divine
1104 699 1312 739 difformis,
1355 701 1455 735 adeo
1489 712 1570 735 non
1604 698 1753 744 fuisset,

437 773 530 796 nam
578 761 663 795 Act.
711 760 760 803 10,
809 757 974 793 23-—26
1022 757 1165 805 legitur
1215 759 1323 805 quod
1370 760 1507 794 Petrus
1553 766 1589 793 et
1634 757 1753 793 ceteri

438 816 610 865 apostoli
643 823 860 852 statuerunt
894 817 990 852 duos
1021 823 1056 852 et
1088 824 1243 852 orantes
1272 816 1476 852 dixerunt:
1514 816 1567 850 Tu
1591 816 1756 851 Domine

438 876 502 924 qui
533 875 652 911 corda
686 874 786 910 nosti
825 874 1006 919 omnium,
1045 875 1199 910 ostende
1237 886 1345 922 quem
1385 874 1551 924 elegeris
1590 886 1640 909 ex
1683 874 1755 909 hiis

439 934 585 969 duobus
618 945 732 967 unum
766 932 941 981 accipere
973 932 1096 968 Iocum
1131 932 1334 968 ministerii
1365 941 1401 967 et
1425 932 1674 980 apostolatus
1709 932 1813 967 delo

438 1004 510 1040 quo
550 990 825 1040 prevaricatus
864 997 919 1026 est
949 990 1092 1034 Judas;
1135 998 1169 1026 et
1214 990 1401 1025 dederunt
1445 997 1570 1025 sortes
1613 990 1679 1032 eis,
1719 997 1755 1025 et

438 1049 572 1086 cecidit
596 1061 683 1084 sors
705 1061 823 1097 super
844 1048 1064 1083 AIattlziam.
1096 1049 1217 1084 Modo
1241 1056 1375 1083 autem
1401 1047 1562 1083 racione
1587 1048 1752 1084 istarum

439 1108 568 1155 legum
603 1105 778 1143 creditur
811 1115 1017 1154 tamquam
1050 1105 1165 1151 fides3
1200 1107 1306 1154 quod
1331 1105 1361 1141 si
1387 1105 1475 1153 quis
1500 1105 1626 1142 eciam
1652 1118 1755 1153 papa

439 1166 588 1202 electus
630 1163 747 1201 fuerit
790 1165 1009 1200 secundum
1048 1163 1134 1200 illas
1172 1172 1528 1212 quantumcunque
1564 1163 1755 1200 eleccioni

439 1223 569 1260 divine
603 1222 803 1259 contrarie
837 1223 944 1271 quod
976 1222 1079 1258 valet
1113 1221 1274 1263 eleccio.
1308 1222 1415 1269 quod
1445 1222 1475 1257 si
1500 1221 1755 1269 pretermissa
1777 1223 1812 1254 15

438 1281 555 1318 fuerit
578 1294 657 1317 una
679 1281 820 1317 sillaba
854 1282 901 1316 de
934 1278 1135 1316 eleccione
1168 1287 1331 1325 statuta,
1366 1279 1492 1315 eciam
1527 1279 1652 1316 electa
1686 1292 1756 1328 per

438 1352 558 1388 quam
594 1341 698 1375 Deus
732 1338 853 1386 eligit,
891 1351 974 1374 non
1012 1338 1115 1374 valet
1156 1336 1304 1374 eleccio
1349 1338 1417 1374 sed
1464 1346 1548 1374 tota
1589 1337 1756 1374 ecclesia

439 1398 554 1433 debet
588 1396 697 1433 illam
733 1398 936 1433 destruere
960 1404 997 1432 et
1026 1396 1237 1444 pristinam
1262 1397 1501 1444 approbare.
1536 1398 1583 1432 Et
1617 1395 1756 1432 exhinc

437 1454 709 1491 sentenciatur
757 1453 951 1490 dissensio
996 1455 1044 1490 de
1089 1453 1289 1490 eleccione
1334 1454 1537 1491 Roberti
1583 1454 1756 1491 Gibbo-

435 1512 598 1549 nensis
638 1521 675 1549 et
713 1511 867 1548 nostri
900 1511 1104 1558 Urbani,
1146 1525 1222 1561 que
1260 1512 1463 1549 sentencia
1502 1511 1665 1549 indubie
1699 1521 1755 1549 est
1774 1522 1814 1543 20

437 1571 685 1619 blasphema.
732 1570 837 1616 Quid
883 1569 987 1606 enim
1033 1570 1305 1618 blasphemius
1351 1583 1471 1619 quam
1507 1572 1614 1618 quod
1648 1570 1755 1607 credi

437 1630 553 1665 debet
597 1627 814 1666 tradicioni
859 1628 966 1664 fatue
1014 1628 1246 1665 humanitus
1290 1629 1449 1665 invente
1494 1629 1582 1676 plus
1633 1641 1753 1677 quam

436 1687 549 1723 iustis
582 1686 771 1735 operibus
805 1694 841 1722 et
876 1685 1068 1722 eleccioni
1101 1699 1146 1723 ac
1179 1699 1249 1735 per
1283 1698 1531 1735 consequens
1559 1686 1755 1723 voluntati

437 1745 567 1781 divine
589 1753 755 1793 propter
777 1743 1021 1780 tradiciones
1044 1743 1275 1781 huiusmodi
1299 1743 1524 1781 contrarie?
1554 1746 1602 1780 Et
1626 1753 1756 1781 certus

436 1815 523 1840 sum
557 1804 666 1851 quod
706 1811 791 1839 tota
831 1814 924 1850 pars
958 1802 1120 1838 Roberti
1148 1799 1153 1855 Ι
1182 1802 1308 1839 nescit
1347 1802 1595 1839 evidenciam
1636 1802 1752 1839 istam

437 1860 664 1906 dissolvere,
706 1860 795 1897 ideo
830 1868 1020 1897 maneat
1060 1861 1280 1898 Urbanus
1320 1869 1480 1897 noster
1517 1860 1558 1896 in
1596 1860 1755 1897 iusticia

435 1931 549 1955 verus
566 1918 671 1955 Petri
685 1917 870 1963 vicarius,
896 1927 932 1954 et
955 1918 1059 1954 valet
1081 1931 1152 1955 sua
1176 1918 1337 1964 eleccio,
1363 1931 1385 1955 a
1409 1931 1486 1967 qua
1509 1918 1540 1954 si
1558 1920 1754 1955 Robertus

437 1976 580 2013 excidit
613 1989 684 2013 sua
716 1976 873 2024 passiva
907 1975 1054 2012 eleccio
1087 1986 1318 2013 venenatur.
1354 1978 1471 2022 Quod
1503 1975 1535 2013 si
1569 1977 1754 2013 Urbanus

436 2043 572 2071 noster
601 2047 623 2071 a
644 2034 708 2071 via
742 2033 932 2070 erraverit
965 2046 1035 2070 sua
1069 2034 1216 2070 eleccio
1250 2044 1308 2071 est
1341 2047 1521 2081 erronea,
1557 2043 1593 2070 et
1626 2035 1753 2071 multo

437 2093 645 2141 prodesset
686 2091 851 2128 ecclesie
890 2101 1062 2140 utroque
1105 2092 1273 2128 istorum
1320 2105 1467 2129 carere.
1516 2092 1573 2129 Illi
1619 2101 1752 2129 autem
1771 2091 1812 2122 30

437 2150 580 2199 quibus
613 2151 744 2199 placet
777 2150 1022 2198 oppositum,
1057 2151 1321 2198 approbando
1354 2151 1480 2198 legem
1505 2149 1753 2196 Antichristi,

437 2221 458 2245 a
504 2208 679 2245 Domino
733 2207 935 2244 maledicti
988 2209 1173 2244 studeant
1227 2208 1474 2245 solucionem
1528 2209 1752 2256 argumenti

437 2265 620 2314 predicti,
654 2265 710 2303 sic
745 2267 851 2314 quod
893 2265 1026 2302 dicant
1066 2266 1268 2302 racionem
1313 2266 1441 2303 vivam
1488 2275 1524 2303 et
1572 2267 1751 2314 patulam

437 2336 561 2372 quare
594 2324 653 2360 lex
686 2323 899 2360 eleccionis
938 2323 1167 2360 huiusmodi
1207 2332 1300 2361 tunc
1340 2333 1376 2361 et
1413 2337 1494 2360 non
1540 2333 1657 2361 antea
1695 2333 1753 2360 est

438 2382 604 2418 edenda.
669 2383 808 2418 Petrus
870 2390 1003 2418 autem
1063 2382 1280 2419 declaravit
1333 2395 1376 2419 ex
1428 2382 1505 2419 fide
1556 2380 1809 2430 scripture35

438 2439 586 2476 Psalm.
634 2440 790 2485 CV1110,
838 2440 860 2476 8
908 2441 1014 2488 quod
1059 2449 1219 2488 oportet
1264 2439 1371 2489 ipsos
1415 2441 1464 2476 ad
1510 2439 1750 2476 eleccionem

438 2496 667 2534 duodecimi
706 2497 878 2546 apostoli
912 2499 1144 2546 procedere,
1185 2511 1274 2535 cum
1314 2498 1367 2535 ibi
1407 2497 1611 2534 scribitur:
1657 2498 1751 2548 Epi-

436 2562 635 2605 scopatum
670 2556 750 2592 eius
784 2556 948 2606 accipiat
980 2556 1092 2592 alter.
1126 2557 1174 2592 Et
1204 2557 1328 2593 multe
1356 2564 1447 2593 sunt
1474 2555 1671 2604 scripture
1706 2569 1752 2593 ac

1773 1779 1849 1811 Fol.

1777 1823 1854 1868 192⁵

553 2677 578 2705 E
598 2677 627 2704 111
649 2685 764 2713 marga
788 2678 971 2740 Apostolica
991 2678 1114 2706 eleccio.
1203 2688 1232 2711 τ).
1255 2679 1298 2706 A:
1322 2677 1460 2713 eligeris3
1490 2678 1529 2705 ib.
1552 2679 1595 2706 A:
1618 2688 1651 2705 cx
1673 2678 1750 2706 istis.

440 2721 471 2740 11.
532 2722 537 2739 z
560 2716 685 2739 sortem.
809 2721 814 2739 1
840 2733 845 2738 .
867 2713 908 2740 1);
932 2718 1052 2740 tenetur
1073 2712 1250 2748 tamquain;
1281 2713 1321 2740 E:
1343 2718 1387 2740 est
1409 2718 1583 2748 tamquam:
1615 2713 1654 2740 ib.
1676 2714 1699 2741 15
1720 2714 1748 2741 111

439 2755 554 2781 [ωηιξη
576 2746 726 2774 moderna
747 2747 869 2774 eleccio.
980 2747 1016 2775 15.
1038 2747 1078 2774 E:
1101 2747 1214 2775 eleccio
1234 2748 1328 2775 deest.
1438 2747 1480 2777 16.
1503 2756 1541 2783 17.
1564 2748 1632 2775 lili:
1654 2749 1748 2776 eciam

437 2782 530 2809 electa
549 2797 581 2800 —
602 2785 664 2808 lota
684 2781 811 2808 ecclesia
833 2781 927 2809 deest.
1002 2789 1045 2809 22.
1067 2782 1107 2809 112:
1131 2782 1252 2809 invenie
1274 2782 1367 2809 deest.
1451 2780 1493 2816 23,
1515 2790 1561 2817 24.
1583 2784 1627 2810 A:
1651 2783 1748 2811 vocati

437 2816 549 2844 divine.
624 2823 647 2842 2.
665 2837 670 2841 .
692 2817 736 2843 A:
758 2815 923 2844 contraire.
1003 2824 1051 2852 29.
1073 2817 1117 2844 A:
1139 2825 1156 2844 a
1177 2816 1249 2844 vita.
1329 2816 1374 2844 30.
1395 2816 1450 2845 ΑΕ
1472 2817 1501 2844 111
1523 2825 1636 2852 marga
1658 2818 1738 2846 Nota

436 2850 482 2879 30.
504 2851 548 2878 A:
570 2849 638 2878 cvl
658 2850 684 2877 1⁰
708 2850 803 2878 deest.

511 2932 558 2965 ¹7·
587 2921 639 2954 Cf.
667 2922 794 2954 lntrod.
824 2922 857 2954 in
884 2923 1019 2954 Partem
1048 2923 1209 2965 primam,
1236 2932 1314 2966 pag.
1344 2923 1468 2955 XXXI.
