1986 3380
239 286 374 315 sERMO
396 277 504 336 xm]
702 293 913 327 sECUNDA
943 294 1067 329 PARS.

233 398 587 435 transmittentem.
613 400 794 437 Christus
825 401 929 437 enim
955 401 1212 439 diffidebatur
1236 416 1256 440 a
1281 406 1418 452 regulo
1443 408 1548 454 quod

232 465 391 492 sanaret
407 456 532 493 filium
557 471 669 493 suum
697 468 862 507 propter
877 460 1075 496 defectum
1101 461 1305 508 presencie
1330 465 1551 510 corporalis

232 523 287 552 (ut
312 523 420 561 patet
442 516 633 551 „Iohannis
659 518 757 562 IVO),
783 518 848 553 sed
868 517 1137 554 Antichristus
1163 519 1284 555 mittit
1308 533 1378 568 per
1402 522 1551 568 patrias

232 581 269 607 et
302 572 471 620 precipit
513 574 609 608 nulli
639 574 784 609 homini
815 575 930 611 licere
970 577 1188 626 iiffrz'ngere
1225 591 1332 613 suam
1362 580 1550 628 pagimvn

198 631 449 666 Ssecundum
481 643 600 679 quam
632 632 778 668 dicitur
807 632 1023 670 iustificare
1058 647 1149 670 suos
1180 635 1385 672 benivolos
1418 639 1550 685 quoad

232 689 358 723 Deum
383 697 420 723 et
445 689 666 736 dampnare
699 702 790 725 suos
825 692 992 737 emulos,
1027 691 1118 728 licet
1150 693 1296 729 fuerint
1321 696 1404 730 Deo
1437 696 1551 731 valde

230 745 397 793 accepti.
444 745 491 783 Et
524 746 579 783 sie
613 746 775 784 indubie
815 749 1010 796 presumit
1043 750 1237 798 implicite
1271 752 1548 789 extollenciam

229 815 347 851 super
381 803 597 850 Christum,
632 814 668 841 et
701 817 772 853 per
805 819 1065 855 consequens,
1108 821 1197 845 cum
1233 810 1434 846 extollitur
1467 820 1549 848 tam

229 873 348 909 super
383 861 465 898 eius
499 862 789 900 humanitatem
826 877 945 913 quam
981 866 1169 902 deitatem
1203 869 1407 904 extollitur
1433 882 1550 918 snper

175 932 213 954 10
229 931 338 955 omne
360 920 462 968 quod
485 933 573 956 vere
597 921 738 957 dicitnr
759 923 867 958 Deus
897 926 954 967 (ut
979 923 1074 960 dicit
1096 926 1314 973 Apostolus
1338 928 1389 962 ΙΙ3
1408 928 1546 964 Thess.

229 979 282 1013 ΙΙΟ
297 980 350 1023 4).
374 978 579 1026 Numquid
604 979 803 1016 credimus
820 982 927 1028 quod
950 981 1074 1018 virtus
1097 982 1212 1019 exivit
1234 996 1255 1020 a
1271 983 1340 1020 tali
1364 994 1548 1033 apostata

227 1035 359 1072 delata
391 1048 462 1083 per
502 1044 626 1073 terras
666 1046 703 1073 et
750 1039 877 1075 maria
918 1048 954 1075 et
992 1040 1146 1077 sanavit
1193 1054 1346 1092 omnes,
1389 1052 1431 1078 ut
1472 1044 1547 1079 hoc

227 1093 474 1141 evangelium
516 1103 685 1131 testatur
726 1097 773 1132 de
807 1097 993 1133 Christo?
1033 1100 1145 1135 Patet
1177 1101 1286 1148 quod
1324 1113 1418 1147 non,
1453 1101 1547 1149 quia

225 1150 309 1199 ipse
345 1160 382 1187 et
422 1152 497 1188 sibi
539 1153 709 1200 proximi
751 1154 956 1203 reciproce
998 1169 1081 1192 sese
1117 1156 1298 1194 inficiunt
1333 1159 1546 1207 multiplici

171 1208 392 1246 15crimine
417 1210 634 1258 >spirituali
681 1220 717 1248 et
756 1225 870 1249 suum
919 1226 1116 1251 venenum
1157 1215 1384 1253 diffundunt
1422 1217 1545 1254 lacius

224 1279 294 1315 per
334 1277 537 1305 contratas
571 1269 610 1305 in
650 1270 793 1318 quibus
837 1272 935 1308 false
976 1272 1130 1321 fingunt
1162 1286 1203 1310 se
1241 1275 1388 1311 habere
1426 1288 1546 1324 super

224 1325 323 1362 alios
354 1325 529 1363 viventes
562 1340 584 1363 a
618 1328 791 1365 Domino
825 1329 1015 1366 vicariam
1050 1340 1305 1379 potestatem.
1340 1335 1417 1370 Sed
1451 1334 1544 1382 quia

222 1396 304 1420 non
354 1394 520 1432 possunt
571 1386 692 1422 talem
742 1386 928 1424 virtutem
983 1391 1206 1435 ostendere,
1253 1390 1343 1427 ideo
1390 1392 1544 1440 fingunt

222 1441 409 1479 virtutem
470 1443 589 1480 aliam
651 1444 919 1482 insensibilem
975 1449 1125 1484 mundo
1176 1449 1454 1486 absconditam
1507 1459 1544 1487 et

167 1512 207 1533 20
223 1499 512 1537 infundabilem
538 1503 585 1538 de
608 1502 849 1540 relevamine
873 1504 931 1540 sui
955 1505 1133 1553 suffragii
1157 1507 1390 1554 spiritualis.
1417 1510 1543 1545 Debet

223 1558 327 1594 enim
367 1571 471 1607 papa
512 1568 548 1595 et
588 1560 817 1609 quicunque
855 1563 1031 1610 prelatus
1075 1564 1241 1601 ecclesie
1279 1565 1427 1603 instare
1468 1580 1542 1615 pro

220 1616 427 1653 fructuoso
473 1630 518 1653 ac
564 1618 771 1655 meritorio
817 1632 938 1668 opere
983 1630 1019 1657 et
1057 1635 1138 1658 non
1178 1635 1352 1661 canones
1392 1626 1439 1661 de
1471 1638 1541 1662 sua

221 1675 459 1712 excellencia
491 1675 677 1723 scribere,
708 1677 809 1713 sicut
841 1691 914 1715 nec
942 1679 1120 1716 fecerunt
1144 1681 1325 1718 Christus
1358 1691 1425 1719 aut
1459 1683 1541 1720 eius

220 1733 406 1781 apostoli.
446 1735 527 1770 Nec
561 1734 725 1771 dubium
760 1735 856 1784 quin
896 1736 935 1772 in
967 1737 1036 1773 tali
1070 1737 1184 1786 signo
1218 1740 1317 1776 falso
1350 1754 1430 1777 non
1465 1741 1540 1778 exit

163 1794 201 1825 25
218 1791 342 1828 virtus
371 1793 440 1828 sed
467 1791 628 1838 vicium,
654 1806 744 1830 cum
775 1793 824 1830 sit
847 1803 958 1831 tanta
991 1797 1254 1834 contrarietas
1284 1798 1385 1835 inter
1409 1799 1537 1848 ipsum

219 1858 256 1885 et
288 1862 412 1898 opera
443 1852 533 1887 Jesu
567 1851 727 1888 Christi.

276 1910 357 1944 Nec
396 1917 453 1945 est
491 1911 715 1957 putandum
756 1912 863 1959 quod
902 1911 1026 1948 virtus
1066 1926 1088 1949 a
1122 1913 1282 1951 Christo
1322 1914 1451 1951 exiens
1490 1916 1539 1952 sit

218 1965 403 2002 accidens
436 1966 520 2003 sine
553 1968 735 2005 subiecto
774 1970 823 2005 ab
857 1969 940 2006 eius
974 1983 1144 2019 corpore
1178 1985 1412 2021 evaporans,
1448 1987 1538 2010 cum

217 2023 386 2072 ipsemet
414 2024 464 2061 sit
492 2025 754 2074 spiritualiter
783 2040 863 2063 non
892 2029 1021 2065 solum
1054 2029 1093 2065 in
1123 2029 1200 2066 situ
1223 2043 1342 2080 quem
1367 2042 1539 2081 occupat

159 2085 202 2117 30
216 2095 289 2119 nec
320 2083 450 2120 solum
480 2083 520 2120 in
549 2083 627 2120 situ
657 2098 737 2133 quo
774 2094 831 2122 est
867 2098 937 2123 sua
967 2088 1189 2135 corporalis
1219 2090 1439 2137 presencia,
1470 2092 1537 2127 sed

217 2140 344 2177 eciam
375 2141 415 2177 in
443 2141 553 2178 omni
583 2142 661 2178 situ
690 2156 769 2192 quo
799 2143 939 2180 tribuit
968 2145 1200 2183 humanitus
1231 2149 1380 2184 donum
1405 2161 1535 2185 suum.

216 2200 264 2234 Et
285 2198 342 2236 sic
365 2199 523 2236 videtur
543 2212 625 2237 esse
645 2201 875 2239 humanitus
894 2204 944 2239 ad
963 2216 1124 2240 omnem
1143 2215 1338 2253 punctum
1358 2207 1535 2254 ecclesie,

215 2269 296 2293 non
334 2258 465 2294 solum
505 2259 569 2294 ubi
604 2267 690 2295 sunt
729 2260 804 2296 duo
843 2261 904 2297 vel
940 2269 1020 2298 tres
1052 2264 1289 2314 congregati
1318 2264 1354 2300 in
1387 2265 1538 2302 nomine

214 2327 296 2363 suo,
318 2317 388 2352 sed
410 2315 655 2366 ubicumque
678 2317 719 2354 in
742 2330 865 2366 regno
889 2332 960 2356 suo
994 2321 1170 2357 ostendit
1202 2321 1435 2359 humanitus
1467 2336 1536 2360 sue

158 2375 197 2407 35
216 2373 532 2422 magnitudinem
579 2376 802 2424 potestatis.
851 2379 899 2413 Et
943 2377 999 2414 sic
1044 2379 1161 2415 debet
1212 2379 1378 2428 intelligi
1424 2382 1533 2418 salvo

214 2431 364 2468 iudicio
403 2432 559 2469 meliori
599 2435 707 2483 quod
738 2434 863 2471 virtus
896 2436 944 2471 de
986 2436 1054 2472 illo
1089 2437 1219 2474 exibat
1252 2439 1465 2476 causaliter
1498 2449 1535 2476 et

213 2502 294 2526 non
326 2492 435 2539 quod
463 2504 534 2539 per
562 2504 603 2528 se
633 2494 869 2529 movebatur
897 2493 1081 2530 localiter
1109 2495 1282 2544 qualitas
1313 2510 1334 2533 a
1364 2509 1534 2546 corpore

213 2547 361 2585 Christi
390 2550 440 2585 ad
469 2549 653 2587 homines
683 2559 858 2588 sanatos
893 2554 974 2588 Nec
996 2552 1112 2589 video
1136 2556 1343 2602 quomodo
1373 2564 1534 2604 oportet

211 2605 319 2650 (licet
346 2606 396 2643 sit
424 2607 629 2655 possibile)
659 2611 768 2657 quod
797 2622 943 2658 corpus
972 2610 1117 2648 subtile
1147 2611 1277 2649 exibat
1306 2626 1328 2650 a
1358 2613 1530 2660 Christo,

152 2676 196 2707 40
211 2672 254 2699 ut
292 2664 452 2701 fumalis
491 2666 732 2715 evaporacio
770 2667 831 2704 vel
869 2667 979 2704 aliud
1016 2668 1091 2705 sibi
1130 2669 1261 2707 simile
1298 2680 1336 2708 et
1366 2671 1532 2709 virtutes

281 2820 307 2849 3.
323 2822 367 2849 A:
388 2821 538 2851 Johannis
559 2823 657 2852 XIV0.
716 2834 757 2853 ιο.
779 2826 803 2853 Ε
823 2826 852 2853 iu
874 2834 988 2863 marg:
1009 2827 1116 2855 Virtus
1138 2829 1266 2868 papalis.
1331 2837 1369 2857 12.
1390 2829 1431 2856 E:
1453 2834 1479 2856 et
1500 2830 1528 2857 in

213 2856 315 2883 anima
336 2857 464 2885 sanavit.
561 2866 606 2894 27.
628 2860 652 2886 Ι)
674 2860 704 2887 in
726 2868 840 2896 marg:
864 2862 1034 2895 Quomodo
1054 2863 1235 2899 intelligitur
1254 2864 1352 2891 virtus
1372 2864 1472 2892 exibat
1494 2864 1530 2891 de

212 2890 264 2918 illo
284 2895 312 2918 et
333 2892 461 2919 sanabat
487 2901 612 2928 omues;
644 2894 666 2921 12:
686 2895 716 2922 in
738 2904 854 2931 marg:
874 2896 983 2924 Virtus
1004 2897 1107 2925 exiens
1128 2907 1145 2926 a
1165 2898 1300 2926 Christo.
1391 2898 1436 2926 30.
1460 2899 1528 2926 DE:

212 2925 385 2961 corporalis
406 2928 552 2955 essencia.
626 2928 665 2956 31.
690 2929 758 2957 DE:
781 2930 896 2958 bouum
919 2939 1018 2959 suum.
1093 2932 1140 2967 34.
1162 2934 1206 2960 A:
1229 2933 1416 2969 quicunque.

1766 294 1782 330 Q>

1791 308 1813 331 0

1823 293 1838 330 Q>

1578 647 1750 675 Anticlirist
1770 647 1830 682 (the

1608 682 1712 721 iope)
1734 688 1794 710 sets

1585 716 1705 744 himsclt
1727 719 1822 745 above

1647 752 1760 779 Christ.

1574 1925 1818 1967 Omnipresence

1610 1962 1638 1986 oi
1661 1961 1777 1988 Christ.

1570 2446 1686 2475 Nature
1707 2448 1742 2475 of
1758 2448 1807 2476 the

1596 2482 1695 2510 virtue
1715 2483 1780 2510 that

1584 2522 1665 2544 went
1684 2522 1738 2545 out
1757 2518 1793 2545 of

1646 2552 1730 2580 Him.
