1986 3380
193 284 327 311 SERMO
351 271 457 330 xiv]
665 286 877 318 sECUNDA
905 286 1030 316 PARS.

194 393 359 429 nimiam
409 392 704 429 multitudinem
751 391 958 428 viciorum.
1007 391 1109 437 Quid
1158 404 1253 438 rogo
1299 391 1502 427 sollicitari

197 453 311 488 debet
345 451 513 487 ecclesia
547 451 652 487 circa
692 451 839 486 formas
881 450 1135 486 basilicarum
1178 450 1359 494 fratrum,
1402 449 1505 485 circa

196 511 366 546 formam
408 508 569 545 claustri
617 508 675 544 sui
721 522 810 544 cum
852 507 959 555 ligno
998 507 1037 543 in
1078 507 1210 543 medio
1251 507 1333 543 eius
1371 507 1505 544 insito.

197 568 302 604 circa
337 567 506 603 formam
542 566 741 602 refectorii
769 566 828 602 sui
862 579 907 602 ac
941 565 1168 601 dormitorii
1203 565 1261 601 sui
1296 578 1385 601 cum
1419 565 1505 601 aliis

162 625 330 661 §multis
363 624 586 673 pharisaice
620 624 870 666 introductis,
905 637 994 660 cum
1020 632 1170 660 certum
1207 623 1255 659 sit
1289 624 1394 671 quod
1430 636 1506 658 non

196 684 271 720 ista
316 683 427 730 signa
473 695 548 730 que
602 682 732 730 querit
785 682 997 729 generacio
1051 682 1232 718 adultera
1277 683 1344 717 sed
1398 694 1509 717 mens

196 742 389 778 mundata
422 754 443 777 a
477 739 656 786 crimine,
699 753 870 788 persona
910 740 1123 776 exercitata
1161 753 1234 787 pro
1273 739 1431 776 Christo
1471 739 1508 774 in

199 798 405 836 meritoria
450 798 633 846 passione
680 807 715 834 et
760 798 922 846 spiritus
969 799 1142 834 clevatus
1196 799 1244 834 ad
1290 799 1417 833 Deum
1472 797 1509 832 in

196 856 336 894 humili
389 856 606 893 devocione
657 856 891 892 denominat
943 857 1073 892 locum
1122 856 1330 892 sanctum?
1383 857 1510 891 Locus

143 927 181 949 10
197 915 300 952 enirn
337 928 425 951 cum
467 914 516 950 sit
550 914 752 962 quantitas
785 928 865 951 non
899 923 955 950 est
989 915 1207 950 secundum
1247 913 1510 961 philosophos

197 975 244 1010 de
287 985 430 1021 genere
476 972 711 1012 activorum,
759 982 795 1008 et
840 972 1111 1009 artiliciositas
1157 985 1246 1008 cum
1294 972 1415 1007 trahit
1461 973 1510 1007 ad

197 1032 391 1068 mundum
427 1040 462 1067 et
497 1030 682 1067 distrahit
716 1045 737 1067 a
770 1040 875 1067 statu
915 1030 987 1066 levi
1023 1043 1139 1079 quem
1177 1031 1298 1065 homo
1338 1039 1511 1065 servaret

196 1100 379 1138 tempore
413 1089 647 1125 innocencie
682 1098 717 1125 et
751 1098 933 1137 tempore
973 1087 1231 1125 beatitudinis
1271 1087 1510 1129 observabit,

196 1161 277 1185 non
311 1147 416 1183 iuvat
451 1149 500 1183 ad
535 1147 721 1183 meritum
757 1147 829 1182 nisi
860 1148 959 1183 forte
984 1160 1054 1195 per
1089 1144 1287 1191 accidens,
1322 1146 1422 1182 sicut
1457 1146 1512 1181 in—

144 1205 377 1243 15cidencia
412 1205 451 1241 in
485 1205 612 1241 maius
646 1215 856 1253 peccatum
882 1204 974 1242 facit
1008 1218 1078 1253 per
1102 1204 1287 1241 accidens
1320 1204 1513 1252 predesti-

198 1273 335 1301 natum
372 1263 600 1300 meritorius
635 1264 807 1312 operari.
849 1266 959 1300 Patet
994 1263 1068 1299 ista
1102 1262 1305 1299 sentencia
1337 1263 1513 1299 secundo

197 1323 327 1359 Mach.

257 1380 361 1427 Quid
397 1382 524 1428 (rogo)
562 1380 676 1416 nobis
711 1381 757 1416 de
791 1389 965 1427 quatuor
1004 1378 1222 1427 parietibus
1256 1378 1432 1421 claustri,
1468 1391 1514 1414 ne

199 1439 373 1487 religiosi
419 1438 544 1475 nostri
591 1438 668 1474 sint
714 1438 751 1473 in
801 1438 898 1474 locis
943 1438 1002 1474 vel
1048 1436 1223 1485 negociis
1269 1436 1514 1473 secularibus

141 1509 182 1531 20
199 1497 394 1543 dissoluti,
428 1498 534 1545 quod
570 1505 750 1533 artentur
782 1497 912 1533 velato
947 1497 1097 1532 mundo
1135 1496 1263 1531 solum
1305 1494 1515 1531 celestibus

198 1555 352 1592 inhiare
387 1564 423 1591 et
456 1556 563 1603 quod
597 1556 806 1591 observent
831 1554 1039 1590 silencium
1075 1566 1119 1590 ac
1143 1561 1262 1589 nutus
1287 1553 1513 1589 innumera-

198 1613 295 1649 biles
328 1612 367 1649 in
400 1612 542 1661 quibus
568 1612 719 1660 fingunt
753 1612 986 1660 religionem
1011 1624 1124 1648 suam
1159 1611 1388 1657 consistere,
1424 1624 1513 1647 cum

200 1673 345 1708 habent
379 1671 516 1708 oculos
549 1670 718 1707 linxinos
752 1672 970 1706 secundum
1007 1684 1106 1718 quos
1132 1670 1237 1706 ultra
1271 1669 1442 1717 parietes
1476 1669 1513 1705 in

197 1730 331 1767 seculo
364 1731 445 1766 non
477 1729 515 1765 in
550 1728 761 1765 celestibus
795 1729 1106 1765 conversantur?
1140 1730 1181 1764 In
1215 1728 1325 1764 cuius
1359 1727 1514 1775 signum

141 1790 180 1824 25
198 1797 254 1825 est
293 1788 444 1824 tedium
486 1787 760 1835 superioribus
801 1789 848 1823 de
893 1787 976 1823 istis
1015 1786 1223 1822 ordinibus
1263 1786 1303 1821 in
1342 1786 1516 1822 claustro

196 1847 325 1883 vivere
341 1855 378 1883 et
402 1845 605 1882 dissolutis
629 1858 767 1882 eorum
793 1845 1050 1893 evagantibus
1073 1857 1193 1881 nemo
1218 1844 1260 1880 fit
1284 1843 1516 1888 seculari0r‚

198 1906 248 1942 ad
282 1903 596 1942 machinandum
638 1912 822 1953 questum
863 1903 1002 1939 mundi
1042 1902 1281 1951 profundior
1321 1903 1381 1939 vel
1421 1902 1517 1938 taci-

198 1962 390 2000 turnitate
424 1971 492 1999 aut
526 1962 705 1998 moribus
739 1961 991 1998 dissolucior.
1035 1964 1115 1998 Nec
1149 1960 1315 1997 dubium
1350 1960 1446 2009 quin
1479 1960 1518 1995 in

201 2022 376 2058 claustro
416 2020 643 2069 quesierant
682 2020 778 2056 istos
819 2021 983 2056 fructus.
1038 2019 1077 2056 Si
1112 2032 1204 2067 ergo
1238 2027 1329 2055 sunt
1361 2027 1517 2055 tantum

144 2083 185 2115 30
201 2079 392 2116 maturati
426 2087 467 2115 ut
502 2079 667 2127 fingunt,
693 2091 816 2127 quare
839 2091 921 2115 non
954 2087 1062 2114 extra
1086 2079 1304 2114 claustrum
1330 2076 1518 2113 edificant

200 2138 342 2174 fratres
382 2137 500 2174 suos?
546 2138 720 2182 Quando
757 2136 862 2173 enim
896 2135 1123 2184 percipiunt
1160 2136 1332 2181 lucrum,
1371 2135 1516 2171 fastum

202 2204 270 2233 aut
309 2195 587 2232 delectabilem
626 2194 747 2231 vitam
783 2194 823 2231 in
856 2195 1021 2240 mundo,
1067 2202 1260 2242 respuunt
1299 2193 1517 2230 claustrum

202 2267 318 2291 suum
364 2263 401 2290 et
445 2253 543 2290 alias
589 2252 839 2289 ceremonias
888 2265 955 2289 sue
1000 2251 1203 2300 religionis
1243 2260 1279 2288 et
1318 2251 1440 2288 lecius
1480 2251 1520 2287 in

203 2313 337 2350 seculo
389 2319 688 2349 conversantur.
744 2312 862 2357 Quod
906 2324 986 2347 non
1031 2310 1146 2347 facile
1200 2311 1442 2355 crederetur,
1488 2309 1519 2345 si

147 2373 185 2407 35
203 2371 332 2408 forent
385 2369 468 2407 sine
513 2370 688 2406 claustro
742 2378 950 2418 tamquam
1004 2368 1131 2417 pisces
1176 2367 1260 2405 sine
1305 2381 1408 2416 aqua
1460 2368 1520 2404 vel

203 2437 385 2478 apostate
418 2428 501 2465 sine
534 2428 670 2475 regula
703 2436 785 2464 tam
819 2427 964 2465 felices.

262 2489 343 2523 Nec
381 2487 485 2524 valet
524 2485 703 2523 obiectus
745 2498 883 2522 eorum
924 2486 971 2522 de
1011 2484 1226 2532 sollempni
1260 2483 1521 2520 edificacione

204 2545 345 2594 templi
390 2544 632 2590 Salomonis,
680 2544 812 2593 primo
857 2543 952 2592 quia
995 2542 1087 2580 licet
1126 2542 1321 2579 Salomon
1365 2541 1405 2578 in
1445 2541 1521 2579 isto

205 2603 375 2651 figuram
427 2602 577 2649 fecerit,
626 2611 763 2639 tamen
815 2614 888 2651 pro
933 2602 1056 2639 modo
1100 2599 1298 2638 excessivo
1350 2599 1522 2648 graviter

275 2782 300 2811 3.
316 2783 359 2811 D:
381 2783 468 2810 cuius
489 2782 625 2816 infinit03
646 2782 684 2810 E:
707 2783 795 2811 cuius
816 2783 918 2810 inlixo.
994 2790 1026 2809 ιι.
1043 2782 1086 2808 A:
1108 2781 1228 2808 transit.
1302 2789 1344 2815 14.
1361 2780 1428 2808 DE:
1451 2788 1521 2808 nam

208 2819 300 2845 iuvat.
385 2817 423 2845 18.
446 2819 489 2845 A:
510 2817 584 2853 quid
605 2825 687 2853 ergo.
775 2825 816 2852 19.
838 2818 882 2844 A:
905 2821 984 2844 sunt.
1071 2824 1109 2844 21.
1131 2817 1175 2843 A:
1197 2820 1315 2852 nutus„
1388 2823 1431 2842 22.
1453 2814 1521 2842 DE:

209 2854 331 2887 lingant.
406 2860 452 2886 24.
470 2853 514 2879 A:
537 2852 801 2879 conversantibus.
875 2850 920 2879 30.
938 2853 981 2879 A:
1004 2851 1164 2878 editicaxit.
1239 2849 1281 2878 33.
1304 2850 1372 2879 DE:
1395 2850 1522 2885 aliquas.

209 2886 254 2914 36.
277 2887 395 2915 codd:
417 2887 512 2914 felice.
633 2886 678 2914 38.
700 2888 744 2914 A:
768 2887 869 2922 primo
890 2886 958 2913 licet
979 2886 1008 2914 iu
1030 2886 1106 2919 istm
1138 2886 1177 2913 ib.
1199 2885 1223 2912 E
1243 2885 1272 2912 iu
1296 2893 1408 2920 marg:
1431 2884 1521 2919 Quod

209 2922 357 2950 Salomon
382 2930 437 2957 pro
460 2922 552 2949 modo
574 2921 730 2949 excessivo
752 2922 885 2956 graviter
907 2921 1052 2956 peccavit.

1547 490 1601 507 mu·
1624 481 1718 507 uselli!
1741 485 1770 507 to

1557 516 1604 542 tlte
1626 516 1760 542 (jhurch.
