1986 3380
213 278 348 306 SERMO
369 266 451 324 xv]
682 278 893 311 SECUNDA
919 277 1048 309 PARs.
1739 283 1813 317 109

271 387 310 423 Si
335 399 427 434 ergo
442 394 527 422 tota
541 384 597 422 vis
620 383 769 421 amoris
791 384 852 420 sui
875 384 981 420 circa
1000 385 1102 420 hanc
1115 395 1259 419 vanam
1277 383 1525 430 religionem,
1558 392 1625 419 The
1647 394 1712 419 love
1734 393 1803 432 they

213 444 318 481 circa
363 445 511 480 famam
556 442 678 479 seculi
723 451 760 478 et
805 441 911 478 circa
955 441 1156 478 sensibilia
1195 451 1446 486 ornamenta,
1487 428 1809 489 utll}}‘‡Z¹⁶51}}}¹111¹}¹⁶1¹,{

214 504 368 547 domos,
392 511 518 538 vestes
542 509 578 537 et
601 500 680 537 alia
712 500 914 548 superflua
948 500 1001 536 eis
1035 499 1181 535 similia
1215 500 1382 535 collecta
1413 499 1527 535 fuerit
1544 496 1670 523 dffifflffl*
1690 502 1718 523 1¹²
1736 497 1815 523 (ΜΦ

213 560 307 607 ipsis
340 558 540 607 suspensis
573 559 623 594 ad
657 561 783 594 Deum
820 558 951 594 debite
984 557 1245 605 diligendum,
1279 570 1412 593 nonne
1446 570 1528 593 cre·

180 618 343 653 §dimus
378 619 485 666 quod
520 619 647 652 Deum
682 615 891 663 diligerent
925 616 1012 663 plus
1046 628 1166 663 quam
1203 616 1347 650 modo}
1382 624 1418 651 et
1453 616 1528 650 dis—

212 677 409 712 currendo
443 688 513 723 per
536 673 682 710 Christi
716 673 884 710 consilia
917 682 1026 721 patet
1050 674 1157 721 quod
1192 673 1287 709 false
1319 682 1526 721 tamquam

212 734 391 782 ypocrite
420 734 561 769 fallunt
591 732 784 780 populum
816 745 954 769 eorum
985 731 1138 779 singula
1171 730 1414 767 omittentes.
1451 731 1527 776 Qui

212 792 316 828 enim
368 790 545 838 infringit
590 790 764 838 primum
818 790 1051 825 mandatum
1098 790 1304 837 quomodo
1359 789 1530 825 servabit

213 850 377 898 aliquod
403 848 549 885 Christi
574 847 810 884 consilium?
844 849 930 883 Hoc
963 856 1097 883 tamen
1133 856 1188 883 est
1217 856 1356 882 notum
1383 847 1528 883 Christi

160 921 197 943 ιο
214 907 396 943 fidelibus
420 907 528 955 quod
557 905 804 954 impossibile
829 914 885 941 est
909 917 1153 954 quemquam
1185 917 1342 941 servare
1365 905 1528 953 aliquod

214 967 448 1002 mandatum
495 963 656 1000 Domini
708 963 783 999 nisi
828 963 1043 1000 servaverit
1088 963 1170 999 eius
1215 962 1424 999 consilium
1472 964 1528 998 vel

212 1032 387 1069 econtra,
439 1022 539 1058 sicut
589 1021 838 1069 impossibile
883 1031 940 1057 est
984 1021 1158 1057 viantem
1210 1033 1367 1057 servare
1411 1034 1530 1056 omne

211 1081 357 1118 Christi
404 1079 615 1116 consilium
655 1081 715 1116 vel
762 1080 1011 1116 mandatum.
1053 1079 1234 1115 Christus
1275 1079 1379 1115 enim
1422 1079 1529 1115 dedit

210 1138 465 1187 singulariter
504 1137 671 1174 consilia
713 1139 932 1174 secundum
968 1139 1076 1186 quod
1117 1137 1301 1185 congruit
1340 1137 1530 1173 membris

158 1197 302 1234 15suis.
344 1198 458 1234 Unde
498 1194 558 1241 (ut
592 1195 791 1232 declaravi
823 1192 940 1249 alias)
980 1195 1055 1232 ista
1094 1205 1293 1231 sectarum
1334 1208 1528 1232 novarum

212 1255 518 1292 monstruositas
541 1267 632 1290 cum
656 1254 730 1290 ista
754 1254 916 1301 argucia
937 1263 993 1290 est
1016 1253 1156 1289 similis
1181 1253 1345 1289 intranti
1363 1255 1526 1289 domum
1562 1261 1649 1296 They
1670 1269 1719 1287 art-
1741 1261 1797 1287 like

211 1314 249 1349 in
289 1313 442 1350 cunctis
480 1312 559 1348 suis
599 1311 778 1360 partibus
823 1321 1081 1360 perornatam
1122 1320 1158 1347 et
1197 1324 1315 1359 super
1354 1313 1530 1359 quadros
1545 1296 1819 1357 ouem{piosigilears

210 1371 363 1420 lapides
408 1380 444 1407 et
488 1370 635 1419 politos
680 1371 828 1406 nedum
872 1371 999 1405 lutum
1045 1369 1183 1417 fragile
1234 1371 1302 1405 sed
1352 1379 1530 1406 stercora
1554 1365 1693 1400 polishcd
1717 1366 1818 1397 *1¹¹¹*

211 1429 364 1466 linienti
404 1438 441 1465 et
479 1437 645 1476 propter
684 1440 864 1464 amorem
905 1427 1171 1475 irreligiosum
1207 1429 1256 1463 ad
1290 1428 1530 1475 temporalia

153 1489 359 1524 2onedum
406 1486 445 1521 in
489 1485 675 1522 domibus
727 1485 871 1521 liniunt
916 1494 1093 1522 stercora
1139 1487 1207 1521 sed
1253 1487 1531 1533 amplexantur

211 1545 364 1582 avidius
396 1545 437 1580 in
468 1557 508 1580 se
547 1543 656 1592 ipsis,
696 1553 738 1579 ut
777 1545 824 1579 de
863 1543 939 1579 illis
978 1543 1203 1580 verificetur
1242 1543 1339 1579 illud
1374 1545 1530 1580 Baruch

212 1613 248 1640 et
280 1604 427 1639 Thren.
462 1604 546 1647 ΙΨ),
584 1602 624 1638 5:
665 1602 742 1645 Qui
772 1602 1041 1637 nutriebantur
1073 1601 1108 1636 in
1142 1602 1287 1637 croceis
1318 1602 1534 1651 amplexati

211 1669 298 1698 sunt
328 1669 516 1697 stercora.
551 1659 658 1696 Olim
692 1659 797 1696 enim
832 1659 978 1695 milites
1012 1659 1160 1696 Christi
1193 1668 1307 1695 erant
1340 1660 1530 1707 sanguine

213 1719 394 1767 martyrii
434 1717 670 1764 rubrificati‚
710 1719 779 1754 sed
819 1718 940 1753 modo
979 1726 1145 1765 propter
1182 1716 1441 1753 affeccionem
1483 1719 1532 1754 ad

155 1781 195 1814 25
212 1776 452 1826 temporalia
474 1777 629 1813 nullum
652 1775 827 1812 invenies
850 1775 976 1823 magis
1000 1783 1234 1823 promptum
1258 1788 1378 1823 quam
1404 1775 1532 1812 homi-

212 1849 303 1872 nem
329 1834 497 1872 alicuius
520 1843 625 1871 secte
647 1834 802 1871 novelle
827 1833 1075 1870 contrarium
1108 1833 1279 1879 veritati,
1314 1847 1450 1881 ymmo
1476 1843 1531 1877 <ut

213 1893 461 1942 experiencia
483 1892 678 1929 hodierna
701 1891 867 1936 indicat)
896 1892 1051 1928 nullum
1082 1892 1302 1928 secularem
1327 1891 1530 1928 tirannum

213 1952 339 1989 eciam
371 1951 545 1988 invenies
569 1951 636 1999 qui
659 1949 830 1986 ferocius
860 1949 1117 1999 prosequitur
1146 1963 1219 1997 pro
1242 1950 1532 1998 temporalibus

214 2010 340 2047 eciam
387 2018 528 2046 contra
573 2008 711 2054 iustos,
750 2021 856 2045 nunc
897 2009 1186 2053 defraudando,
1225 2021 1332 2044 nunc
1377 2021 1533 2045 excom—

155 2072 199 2105 30
216 2068 461 2105 municando
484 2076 520 2104 et
541 2080 647 2103 nunc
665 2067 748 2103 sine
765 2066 1024 2103 discrecionis
1041 2066 1272 2103 differencia
1294 2066 1533 2103 christianos

214 2126 415 2175 simplices
454 2125 712 2171 trucidand03
755 2134 791 2161 et
824 2124 891 2173 qui
933 2124 1029 2160 olim
1064 2125 1304 2160 horruerant
1337 2126 1444 2173 quod
1484 2126 1533 2161 ad

214 2194 372 2233 tempus
422 2184 723 2220 extraherentur
774 2185 822 2219 de
871 2182 1108 2219 infidelitate
1158 2183 1333 2231 suspecti
1378 2196 1399 2219 a
1444 2184 1533 2219 loco

214 2242 514 2279 racionabiliter
551 2251 751 2290 suspecto,
787 2240 905 2278 salvis
938 2240 1130 2277 membris
1163 2240 1203 2276 in
1237 2253 1418 2289 corpore,
1453 2241 1532 2277 iarn

215 2301 447 2337 innocentes
470 2299 672 2348 simplices
696 2312 718 2336 a
741 2298 839 2336 locis
863 2299 1011 2336 sanctis
1034 2299 1250 2335 detrahunt
1274 2308 1311 2335 et
1329 2299 1532 2336 occidunt.

159 2363 198 2395 35
216 2360 431 2405 Quomodo
471 2371 563 2406 ergo
602 2359 816 2395 observant
859 2357 965 2394 istud
1000 2356 1211 2393 consilium
1251 2370 1321 2406 que
1351 2366 1415 2393 tua
1448 2365 1535 2393 sunt

216 2430 260 2453 ne
292 2425 445 2467 repetas
477 2424 513 2452 et
549 2416 745 2465 auferenti
780 2429 801 2452 a
842 2423 877 2452 te
915 2416 1080 2452 tunicam
1116 2416 1164 2451 da
1203 2416 1238 2452 ei
1274 2424 1309 2452 et
1335 2415 1534 2465 pallium?

285 2585 311 2614 3.
331 2587 375 2613 A:
396 2586 483 2619 talia;
513 2585 554 2613 ib.
574 2586 619 2613 A:
641 2585 732 2613 fuerit
752 2585 847 2612 deest.
957 2594 986 2619 4,
1008 2585 1032 2613 5.
1054 2584 1124 2612 DE:
1146 2584 1256 2612 credis.
1367 2592 1406 2615 12,
1429 2583 1466 2612 1¹3.
1487 2584 1531 2611 A:

217 2626 340 2648 econtra
359 2637 394 2640 —
414 2620 595 2648 mandatum
616 2620 710 2648 deest.
768 2628 806 2647 12.
826 2620 866 2647 E:
890 2621 941 2648 sed
962 2620 1167 2655 impossibile.
1225 2628 1266 2653 14.
1282 2620 1326 2647 A:
1348 2623 1532 2654 congruunt.

218 2657 254 2684 15.
275 2656 315 2683 E:
337 2656 395 2683 ista
415 2655 508 2682 deest.
583 2664 622 2691 17.
643 2656 687 2683 A:
708 2655 738 2682 in
760 2655 860 2689 deest3
889 2655 929 2684 ib.
950 2657 979 2683 A
999 2655 1028 2682 in
1051 2663 1164 2690 marg:
1188 2655 1325 2682 Primum
1347 2655 1533 2688 exemplum.

219 2691 258 2718 18.
293 2691 316 2718 E
348 2691 378 2717 in
411 2698 525 2717 marth:
558 2690 639 2717 Nota
671 2690 846 2725 exemplum
880 2691 1054 2725 pulchrum.
1233 2698 1274 2725 19.
1310 2689 1379 2716 DE:
1413 2689 1533 2715 liniunt.

218 2733 258 2756 21,
279 2733 322 2752 22.
344 2725 461 2753 Codd.:
481 2710 549 2764 nlo,
645 2732 688 2752 22.
709 2726 752 2752 A:
774 2725 805 2752 in
826 2724 920 2763 deest.
1011 2733 1057 2758 24.
1079 2725 1123 2752 A:
1146 2724 1325 2758 lubrificati3
1353 2724 1392 2751 ib.
1414 2724 1458 2750 A:
1474 2723 1532 2759 sed

220 2768 291 2787 non.
373 2767 417 2795 27.
438 2760 483 2787 A:
505 2760 652 2787 iudicant.
736 2760 783 2787 28.
804 2759 873 2787 DE:
895 2759 1028 2793 torcium
1049 2760 1091 2787 D:
1114 2759 1318 2795 persequitur.
1404 2757 1442 2785 31.
1464 2757 1533 2784 DE:

221 2795 304 2830 quod
326 2795 374 2822 ad.
447 2793 490 2822 33.
512 2795 557 2822 A:
579 2799 608 2821 et
628 2802 769 2830 corpore.

294 2899 346 2932 36.
374 2902 487 2933 Lucae
505 2901 564 2941 VI,
593 2900 644 2933 30.
