1986 3380
184 290 260 325 350

180 411 323 440 llcrcsies
345 420 383 438 ou
406 412 453 438 the

232 447 403 475 liucinii-ist.

206 1397 274 1426 The
295 1399 368 1434 keys
389 1398 423 1425 of

213 1434 262 1460 the
283 1433 418 1461 Church.

230 1630 332 1659 These
353 1638 402 1657 are

183 1674 202 1693 1.
215 1666 265 1693 the
277 1665 457 1701 knowledge

205 1701 240 1728 of
257 1700 431 1736 Scripture;

184 1812 208 1832 2.
222 1810 288 1833 true
302 1804 455 1841 theology.

750 297 972 330 ioaAsuis
992 297 1173 330 xvvctir
1193 298 1449 331 snamonuiu
1481 284 1634 343 [senno
1652 296 1786 325 xrvm.

470 405 577 451 quod
609 405 795 440 sacerdos
827 413 1033 440 consecrat
1063 405 1111 439 ad
1142 404 1281 447 altare,
1315 406 1382 440 sed
1414 404 1560 441 relictis
1589 406 1787 453 scriptura

471 471 506 498 et
530 463 677 498 sanctis
702 461 933 498 doctoribus
964 474 1009 497 ac
1033 463 1193 498 decreto
1224 462 1389 510 antiquo
1415 465 1592 499 Romane
1623 463 1787 500 ecclesie

470 519 508 555 in
554 520 795 567 Berengario
843 529 1048 567 tamquam
1101 519 1231 556 stultis
1283 520 1377 556 dicit
1423 534 1522 557 unus
1573 523 1679 569 quod
1731 530 1787 558 est

471 578 673 626 quantitas
719 587 754 614 et
801 577 901 613 alius
947 579 1053 625 quod
1100 587 1155 613 est
1201 578 1372 626 qualitas
1418 588 1454 614 et
1494 579 1639 615 tercius
1679 581 1787 628 quod

471 646 527 672 est
560 636 695 672 nichil.
1806 641 1821 673 Ξ)

529 695 642 731 Unde
689 692 868 741 sequitur
907 693 946 728 in
986 702 1093 728 textu
1134 693 1346 740 evangelii:
1387 695 1480 729 (lum
1521 702 1646 730 utilem
1678 695 1788 731 Jesus

470 752 540 788 lwc
565 752 706 787 diceret
731 752 781 786 ad
811 764 886 797 eos,
915 759 1095 800 ceperunt
1114 751 1292 800 pharisei
1312 758 1345 787 et
1375 752 1591 801 legisperiti
1609 753 1790 802 graviter

469 810 644 846 insistere
677 817 709 845 et
744 822 785 845 os
817 809 896 844 eius
929 809 1150 858 opprimere
1183 810 1229 844 de
1260 809 1402 854 multis,
1437 810 1659 846 insidiantes
1691 811 1725 846 ei
1755 818 1788 846 et

468 875 667 916 querentes
699 867 844 915 aliquid
866 879 1004 915 capere
1035 868 1081 902 ab
1114 879 1181 902 ore
1212 867 1303 911 eius,
1337 875 1375 902 ut
1407 876 1637 903 accusarunt
1667 869 1787 904 illum.

471 928 550 961 Nec
574 925 741 961 dubium
761 924 855 973 quin
880 924 1092 972 generacio
1116 925 1191 961 ista
1215 937 1401 973 perversa
1424 926 1789 974 proposcionaliter
1808 940 1846 962 10

472 983 564 1019 facit
609 996 733 1031 usque
784 982 902 1018 hodie
954 983 1143 1019 membris
1187 982 1349 1026 Christi,
1395 985 1463 1019 sed
1509 997 1599 1020 cum
1643 984 1788 1020 suflicit

470 1041 666 1089 discipulo
706 1050 747 1077 ut
786 1041 835 1076 sit
873 1040 975 1077 sicut
1016 1040 1203 1089 magister
1241 1040 1336 1087 eius,
1376 1041 1471 1078 satis
1510 1050 1568 1079 est
1608 1042 1789 1078 fidelibus

470 1100 578 1147 quod
609 1099 744 1135 dicant
776 1107 812 1135 et
842 1099 970 1135 zelent
992 1099 1231 1147 generaliter
1254 1112 1327 1147 pro
1352 1100 1436 1147 lege
1460 1112 1506 1136 ac
1529 1099 1789 1137 ordinacione

471 1156 618 1193 Christi
643 1170 688 1193 ac
712 1157 816 1205 leges
842 1166 878 1193 et
902 1157 1184 1194 ordinaciones
1214 1157 1312 1193 alias
1336 1157 1571 1206 impugnent
1594 1167 1788 1206 quantum

470 1215 686 1261 sufficiunt,
725 1216 854 1263 legem
895 1224 1028 1251 autem
1069 1228 1146 1263 que
1186 1215 1332 1251 dicitur
1370 1228 1392 1252 a
1432 1216 1614 1252 fidelibus
1655 1216 1845 1252 multisi5

470 1273 549 1310 iam
580 1286 740 1309 currere
772 1282 1001 1310 constanter
1024 1274 1224 1310 affirment
1248 1286 1331 1310 esse
1356 1274 1600 1310 contrariam
1624 1274 1789 1311 veritate

470 1331 678 1379 supposita
711 1331 787 1379 legi
822 1331 984 1368 Christi.

528 1389 643 1426 Circa
677 1391 752 1426 hoc
786 1389 1034 1437 evangelium
1070 1389 1276 1426 dubitatur
1310 1392 1356 1426 de
1390 1390 1585 1439 quiditate
1618 1390 1788 1428 clavium

470 1447 648 1493 ecclesie,
680 1449 727 1484 de
757 1460 893 1484 earum
923 1447 1240 1496 participacione
1272 1457 1308 1484 et
1331 1461 1401 1485 cur
1424 1448 1463 1484 in
1488 1449 1563 1485 hoc
1586 1449 1789 1497 evangelio

469 1505 704 1542 nominatur
743 1505 998 1554 singulariter
1037 1507 1109 1541 suh
1149 1506 1312 1543 nomine
1346 1507 1466 1543 clavis
1501 1507 1685 1554 sciencie,
1720 1509 1787 1544 sed
1805 1521 1846 1543 20

471 1565 611 1600 Matth.
645 1565 753 1600 XV10
786 1564 1048 1600 nominantur
1081 1564 1289 1612 pluraliter
1323 1565 1451 1601 claves
1484 1565 1608 1612 regni.

530 1623 674 1668 Quoad
707 1622 882 1670 primum
916 1631 1026 1670 patet
1061 1623 1119 1669 (ut
1153 1623 1303 1659 dictum
1338 1629 1408 1667 est)
1432 1624 1539 1671 quod
1573 1623 1693 1660 clavis
1727 1623 1791 1659 hic

472 1692 654 1728 expressa
701 1689 758 1717 est
803 1680 956 1717 noticia
1002 1680 1228 1727 evangelica
1267 1680 1558 1729 scripturarum
1597 1690 1634 1717 et
1671 1680 1790 1717 aliam

472 1737 622 1775 clavem
663 1746 822 1787 oportet
861 1739 911 1775 ad
943 1738 1060 1775 istam
1096 1738 1288 1787 consequi
1321 1740 1428 1787 quod
1461 1739 1510 1775 sit
1543 1740 1636 1776 data
1667 1738 1791 1776 vianti

471 1805 668 1845 postestas
723 1797 773 1833 ad
824 1797 1088 1844 regulandum
1141 1796 1350 1833 ecclesiam
1405 1799 1625 1833 secundum
1674 1797 1790 1834 istam
1807 1801 1847 1834 25

472 1854 700 1891 scienciam.
742 1857 819 1891 Ista
852 1863 986 1891 autem
1020 1854 1139 1891 clavis
1178 1867 1258 1891 non
1298 1863 1355 1891 est
1396 1854 1680 1892 mathematica
1719 1867 1791 1892 nec

471 1912 643 1949 sciencia
666 1912 861 1949 naturalis
885 1913 945 1950 vel
967 1912 1110 1960 logica,
1128 1913 1310 1962 quamvis
1333 1926 1473 1949 omnes
1496 1914 1594 1949 tales
1619 1913 1790 1950 sciencie

471 1970 535 2006 isti
574 1969 673 2007 clavi
706 1972 877 2007 debeant
915 1970 1119 2017 ancillare,
1160 1972 1227 2007 sed
1267 1979 1324 2007 est
1362 1970 1535 2007 sciencia
1566 1971 1790 2019 theologica

471 2029 532 2065 vel
560 2028 769 2077 scripture,
805 2030 952 2066 docens
982 2041 1053 2077 per
1075 2041 1196 2077 quam
1219 2028 1324 2066 viam
1350 2030 1470 2065 homo
1495 2030 1612 2066 debet
1635 2029 1791 2066 brevius

473 2095 509 2123 et
542 2088 626 2123 Deo
664 2086 894 2135 placencius
933 2088 983 2123 ad
1021 2086 1195 2135 patriam
1237 2099 1468 2136 properare.
1515 2086 1618 2133 Quia
1657 2096 1789 2124 autem
1807 2090 1850 2125 30

472 2144 551 2181 alia
569 2145 690 2181 clavis
709 2146 758 2182 ad
778 2144 895 2182 istam
916 2145 1173 2193 consequitur
1197 2144 1298 2181 sicut
1322 2145 1456 2193 passio
1480 2147 1529 2181 ad
1553 2145 1790 2192 subiectum,

472 2202 562 2239 ideo
602 2203 678 2240 ista
717 2203 972 2251 singulariter
1009 2205 1081 2239 sub
1113 2203 1277 2240 nomine
1315 2203 1485 2240 sciencie
1519 2203 1582 2240 hic
1613 2212 1789 2241 notatur.

530 2262 607 2297 Sed
631 2261 796 2298 Matthei
819 2263 925 2298 XV10
951 2261 1096 2298 dicitur
1117 2261 1326 2310 pluraliter
1349 2263 1457 2310 quod
1481 2270 1641 2310 oportet
1673 2260 1790 2298 simul

473 2319 543 2355 has
577 2320 674 2356 duas
708 2331 868 2356 currere
900 2319 939 2355 in
969 2331 1210 2368 quocunque
1243 2319 1391 2356 Christi
1423 2319 1593 2365 vicari03
1626 2332 1699 2357 nec
1733 2329 1790 2356 est

473 2376 551 2413 alia
596 2377 716 2414 clavis
761 2377 965 2426 pertinens
1012 2378 1167 2426 prelato
1208 2377 1372 2414 ecclesie
1410 2386 1543 2426 preter
1582 2379 1651 2414 has
1691 2379 1789 2414 duas
1806 2381 1846 2414 35

543 2498 572 2523 4.
595 2490 639 2517 A:
663 2493 690 2516 et
711 2489 805 2516 deest.
915 2489 944 2516 6.
964 2489 989 2516 E
1009 2489 1038 2516 in
1061 2497 1175 2524 marg.:
1203 2488 1365 2518 Sentencia
1387 2488 1608 2517 modernorum
1631 2488 1667 2516 de
1688 2497 1789 2517 sacra-

475 2528 588 2551 mento.
715 2525 743 2557 6,
765 2532 790 2560 7.
812 2525 856 2552 A:
885 2523 1030 2551 Christus
1051 2523 1164 2551 diceret
1185 2524 1221 2551 ad
1244 2523 1322 2551 illos.
1448 2524 1475 2551 8.
1497 2523 1565 2551 DE:
1589 2524 1730 2551 resistere
1751 2524 1787 2551 ei.

474 2567 502 2595 9.
524 2560 567 2586 A:
590 2558 689 2592 aliud;
720 2559 760 2586 ib.
781 2559 826 2586 A:
854 2567 889 2586 ex
909 2559 1016 2592 (recte:
1039 2558 1088 2593 de)
1108 2566 1170 2586 ore.
1280 2566 1320 2586 ιο.
1343 2558 1366 2585 Ε
1387 2558 1417 2586 in
1440 2566 1505 2586 mar
1529 2568 1554 2586 .:
1576 2558 1620 2586 De
1640 2558 1789 2595 quiditate

473 2593 617 2621 clavium.
710 2593 745 2621 15.
767 2593 812 2620 A:
834 2593 993 2629 legemque
1013 2597 1124 2621 autem.
1217 2592 1256 2620 18.
1279 2593 1302 2620 E
1323 2592 1350 2619 in
1374 2601 1488 2628 marg.:
1508 2566 1662 2632 {ubinam
1684 2593 1737 2621 DE
1757 2593 1785 2620 iu

474 2636 586 2667 marg:
604 2627 718 2656 Clavis.
769 2635 814 2654 20.
829 2628 874 2656 A:
890 2628 942 2655 sed
958 2628 1051 2655 deest.
1101 2635 1140 2655 21.
1156 2627 1226 2655 DE:
1242 2627 1419 2655 nominatur
1433 2628 1599 2663 pluraliter.
1655 2635 1702 2662 24.
1719 2627 1787 2656 DE:

474 2667 505 2690 ut
527 2667 581 2696 5ης
605 2663 645 2690 ib,
666 2662 691 2690 D
713 2663 742 2690 in
764 2671 878 2724 marga:
900 2664 932 2690 lu
955 2671 1052 2698 marg.
1073 2671 1159 2698 sup.:
1181 2662 1282 2690 Prima
1302 2662 1397 2689 clavis
1417 2667 1462 2689 est
1482 2662 1594 2690 noticia
1615 2662 1788 2698 evangelica

475 2697 709 2733 scripturarum,
731 2705 822 2724 secun
849 2706 865 2724 a
886 2702 1020 2732 potestas
1036 2705 1051 2724 a
1067 2697 1130 2724 Deo
1145 2696 1213 2724 data
1234 2697 1327 2724 vianti
1348 2697 1384 2724 ad
1407 2697 1606 2732 regulandum
1628 2697 1786 2725 ecclesiam

475 2732 642 2760 secundum
665 2732 828 2759 scienciam
851 2732 1030 2767 predictam.
1122 2732 1166 2759 28.
1188 2733 1231 2759 A:
1254 2731 1381 2765 debent3
1411 2731 1451 2758 ib.
1473 2731 1542 2759 DE:
1564 2732 1718 2765 ancillari:
1745 2731 1785 2760 ib.

473 2767 497 2794 E
518 2767 547 2795 iu
569 2775 684 2806 marg:
705 2766 838 2801 Noticia,
861 2771 1006 2805 potestas,
1029 2770 1110 2797 nota,
1132 2766 1236 2794 clavis.
1332 2765 1375 2794 32.
1396 2766 1465 2794 DE:
1488 2766 1578 2794 huius
1599 2767 1786 2794 nominatur.

474 2800 517 2829 33.
538 2802 582 2829 A:
604 2809 674 2838 quia
695 2806 832 2837 oportet;
862 2802 901 2828 ib.
923 2801 947 2828 E
967 2801 996 2829 in
1019 2809 1132 2837 ma1·g.:
1154 2800 1279 2829 Solucio
1299 2801 1390 2828 tercie
1411 2801 1516 2837 partis.

551 2884 576 2913 ι,
618 2885 646 2905 2.
691 2874 824 2906 Decreti
864 2874 969 2905 tercia
1012 2884 1102 2916 pars,
1146 2874 1195 2906 De
1233 2873 1338 2905 Cons.
1378 2873 1453 2905 dist.
1493 2874 1531 2914 Il,
1569 2883 1642 2916 cap.
1683 2873 1785 2906 XLII.

474 2919 575 2964 6—9.
604 2921 719 2952 Lucae
746 2921 804 2960 Xl,
832 2919 884 2961 53,
913 2919 967 2961 54.
