1986 3380
178 278 256 315 360

199 1101 267 1130 The
287 1101 362 1137 duty
382 1102 416 1128 os

223 1136 384 1172 watcliing.

173 1740 290 1768 Causes
305 1741 339 1768 of
354 1741 445 1776 sleep.

760 289 982 322 JOHANNJS
1002 290 1186 323 wchr
1206 290 1463 324 suasionum
1571 277 1722 335 [SERMO
1744 287 1778 315 1„

464 397 683 432 secundum
720 398 896 445 regulam
938 397 1131 445 evangelii
1166 406 1285 446 caput
1318 411 1447 434 suurn.
1502 398 1578 434 Sed
1612 397 1778 434 simialis

463 453 686 491 similitudo
721 467 763 491 ex
797 455 1058 492 ordinacione
1093 468 1267 501 cesarea,
1309 455 1491 492 dimissio
1533 456 1628 503 legis
1663 468 1778 492 evan-

462 511 554 560 gelii
589 521 624 549 et
658 513 780 549 fastus
816 513 916 560 regis
949 514 1136 562 superbie
1169 513 1288 550 istum
1325 514 1507 550 ordinem
1543 513 1776 559 introduxit,

464 579 500 606 et
533 571 582 606 ad
616 580 770 607 tantum
807 584 851 607 ac
885 580 966 607 tam
1002 571 1069 607 diu
1105 571 1341 609 discrasiata
1376 581 1432 608 est
1467 571 1636 609 ecclesia
1669 574 1777 620 quod

463 637 716 676 reputaretur
740 629 936 665 hereticus
960 629 1027 677 qui
1051 631 1217 667 auderet
1240 630 1279 666 in
1304 630 1420 667 istam
1445 630 1811 667 consuetudinem5

463 687 669 723 rebellare.
704 689 751 723 Et
785 696 894 735 patet
920 687 1089 724 materia
1122 688 1307 736 paciendi
1342 688 1579 736 martyrium
1612 697 1778 736 propter

462 744 765 782 ordinacionem
792 754 828 781 et
853 745 1204 783 continuacionem
1229 746 1488 783 observancie
1505 746 1599 793 legis
1617 746 1777 783 Christi.

979 883 1175 924 SERMO
1210 884 1256 923 L.

526 978 703 1027 Vigilate,
727 978 813 1027 quia
837 979 989 1015 nescitis
1012 991 1083 1027 qua
1108 979 1205 1015 hora
1230 979 1422 1016 Dominus
1445 986 1572 1016 vester
1595 987 1779 1016 venturus

459 1037 519 1072 sit.
556 1035 721 1072 Matthei
754 1037 910 1082 XXIVO,
944 1047 1012 1082 42.
1798 1050 1836 1071 10

520 1094 716 1142 Expedito
755 1094 1063 1143 superficialiter
1104 1096 1151 1131 de
1198 1095 1401 1132 sentencia
1448 1095 1676 1144 evangelica
1721 1095 1778 1132 in-

461 1161 639 1188 struente
678 1153 885 1200 apostolos
924 1161 960 1189 et
1002 1162 1195 1201 martyres
1235 1162 1415 1202 superest
1455 1155 1660 1191 declarare
1692 1167 1778 1190 sen-

460 1210 633 1247 tenciam
666 1210 929 1248 instruentem
964 1211 1223 1248 confessores.
1278 1211 1468 1257 Quamvis
1502 1212 1605 1248 enim
1641 1224 1779 1249 omnes

463 1269 533 1305 iste
567 1269 768 1305 sentencie
792 1269 870 1305 sint
893 1268 1127 1306 instructive
1151 1269 1363 1306 cuiuslibet
1389 1270 1608 1316 christiani,
1642 1279 1778 1307 tamen

461 1327 662 1363 sentencie
694 1327 819 1375 partis
852 1327 1105 1376 superiorum
1141 1328 1305 1364 ecclesie
1338 1328 1418 1365 sive
1450 1328 1662 1376 dignorum
1696 1329 1778 1366 eius
1799 1331 1834 1364 15

462 1386 737 1422 membrorum
771 1385 849 1422 sint
882 1385 1096 1434 specialius
1130 1385 1376 1423 instructive.
1413 1388 1500 1423 Hoc
1533 1400 1627 1435 ergo
1662 1399 1778 1424 evan-

461 1443 608 1492 gelium
644 1443 817 1492 pertinet
850 1445 899 1480 ad
932 1444 1180 1481 confessores
1220 1453 1256 1481 et
1289 1444 1489 1493 quoslibet
1523 1445 1775 1482 christianos.

463 1501 638 1550 precipit
688 1514 781 1550 ergo
827 1501 1009 1539 Christus
1056 1502 1298 1540 christianos
1343 1503 1543 1551 quoslibet
1588 1503 1777 1540 continue

461 1559 639 1608 vigilare.
673 1562 721 1597 Et
754 1560 888 1597 subdit
912 1573 1088 1607 causam,
1123 1561 1216 1610 quia
1240 1561 1280 1597 in
1304 1563 1475 1598 adventu
1509 1563 1558 1598 ad
1584 1561 1776 1598 iudicium

462 1626 622 1667 oportet
667 1619 878 1655 salvandos
924 1619 1100 1667 singulos
1146 1619 1325 1670 vigilare.
1378 1621 1426 1655 Et
1471 1619 1538 1656 ille
1584 1621 1777 1657 adventus
1795 1633 1836 1654 20

461 1676 700 1725 generaliter
733 1690 754 1714 a
786 1676 986 1714 viantibus
1019 1677 1239 1725 ignoratur.

522 1735 717 1784 Loquitur
750 1743 884 1772 autem
918 1737 993 1772 hoc
1033 1735 1281 1784 evangelium
1325 1737 1371 1772 de
1403 1735 1536 1784 vigilia
1575 1735 1777 1773 interioris

463 1793 636 1830 hominis
677 1806 752 1842 que
793 1802 850 1830 est
888 1793 1149 1842 precavencia
1183 1807 1204 1831 a
1237 1803 1417 1842 peccato,
1451 1793 1552 1831 sicut
1585 1807 1777 1843 sompnus

462 1863 556 1888 suus
596 1861 653 1888 est
692 1851 946 1901 quiescencia
984 1852 1024 1889 in
1063 1861 1243 1900 peccato.
1297 1854 1364 1889 Est
1404 1852 1509 1889 enim
1556 1854 1776 1889 secundum

461 1910 665 1947 naturales
697 1909 788 1947 talis
822 1911 922 1947 ordo
956 1911 1147 1948 causandi
1179 1910 1409 1959 sompnium
1444 1923 1465 1947 a
1497 1912 1708 1948 stomacho
1741 1920 1777 1948 et
1795 1914 1834 1948 25

463 1967 644 2016 partibus
702 1967 891 2005 subiectis
949 1970 1132 2015 cerebro;
1191 1968 1520 2006 transmittuntur
1576 1969 1674 2005 fumi
1727 1970 1777 2006 ad

464 2028 673 2063 cerebrum
719 2026 1001 2063 obnubilantes
1046 2026 1209 2075 spiritus
1258 2026 1453 2064 animales
1499 2036 1535 2064 et
1574 2040 1644 2076 per
1683 2040 1777 2064 con-

464 2097 633 2132 sequens
649 2086 915 2121 obtundentes
935 2085 1101 2122 interius
1115 2085 1280 2122 virtutes
1296 2085 1502 2122 sensitivas
1519 2094 1556 2122 et
1579 2085 1777 2134 opturatis

466 2142 663 2180 meatibus
702 2145 751 2180 ad
791 2156 941 2191 organa
980 2143 1286 2192 particularium
1325 2156 1512 2181 sensuum
1551 2143 1607 2180 illi
1640 2156 1777 2180 sensus

465 2201 704 2249 generaliter
737 2210 828 2238 sunt
861 2201 984 2249 ligati.
1020 2202 1211 2248 Quamvis
1245 2201 1351 2238 enim
1384 2211 1514 2239 tactus
1548 2211 1584 2239 et
1618 2201 1777 2239 auditus
1795 2205 1835 2238 30

465 2259 504 2295 in
537 2268 650 2308 parte
683 2259 939 2308 sompniante
970 2260 1166 2307 senciunt,
1206 2269 1340 2297 tamen
1374 2260 1449 2309 ipsi
1483 2269 1519 2297 et
1551 2259 1657 2297 visus
1690 2272 1777 2309 pre-

466 2317 581 2366 cipue
620 2317 659 2354 in
698 2317 879 2366 sompnis
919 2331 940 2355 a
978 2317 1189 2355 vivacitate
1228 2318 1501 2355 sensuacionis
1540 2318 1778 2367 generaliter

535 2482 554 2502 1.
577 2476 620 2502 A:
641 2474 679 2502 Et
698 2474 838 2502 simialis.
911 2483 940 2508 4.
962 2474 1030 2502 DE:
1053 2479 1080 2502 et
1100 2479 1180 2509 tam3
1210 2475 1251 2502 ib.
1273 2476 1315 2503 A:
1339 2475 1511 2503 discrasita.
1589 2476 1614 2504 5.
1635 2475 1704 2503 DE:
1726 2476 1777 2511 qui

465 2510 589 2537 auderet
609 2509 703 2537 deest.
822 2517 850 2545 9.
871 2510 900 2537 A
920 2511 949 2537 in
973 2518 1086 2545 marg:
1117 2509 1227 2539 Sermo
1248 2509 1288 2544 L;
1318 2510 1342 2537 Ι)
1364 2509 1394 2537 in
1417 2518 1530 2546 marg:
1561 2510 1673 2545 XLIX;
1704 2510 1728 2538 E
1747 2511 1776 2538 in

466 2552 578 2579 marg:
610 2544 810 2579 Evaugelium
841 2544 878 2571 de
908 2543 1151 2572 Confessoribus
1181 2545 1328 2580 primum.
1441 2544 1477 2573 13.
1499 2547 1542 2573 A:
1572 2545 1652 2573 enirn
1684 2545 1777 2573 deest.

467 2588 509 2613 14,
532 2579 569 2608 15.
591 2580 635 2607 A:
658 2579 719 2606 sint
737 2595 771 2598 —
791 2579 887 2614 partis
908 2579 1001 2606 deest.
1102 2579 1137 2607 15.
1159 2579 1202 2607 A:
1226 2579 1461 2615 superbi01·um;
1483 2579 1551 2607 DE:
1574 2581 1670 2615 partis
1690 2588 1778 2616 supe-

466 2615 582 2642 riorum
605 2614 753 2649 parcium.
856 2613 894 2648 15,
916 2614 956 2641 16.
979 2614 1046 2642 DE:
1068 2614 1193 2641 ecclesie
1213 2619 1283 2641 sunt
1303 2614 1460 2654 digniores
1480 2614 1545 2642 eius
1566 2615 1777 2642 membrorum

466 2649 639 2688 specialius.
715 2648 756 2676 16.
779 2649 822 2675 A:
845 2649 916 2675 sint.
989 2647 1032 2676 23.
1054 2649 1097 2676 A:
1120 2649 1197 2687 sicut
1218 2649 1317 2683 deest;
1339 2649 1379 2676 lb.
1396 2649 1420 2676 Ῐ)
1442 2649 1471 2677 iu
1493 2658 1607 2684 marga
1630 2649 1712 2690 Quid
1734 2654 1778 2677 est

466 2684 607 2719 vigilare3
628 2683 652 2710 13
666 2683 695 2710 in
713 2691 827 2717 marg:
847 2683 926 2710 Vide
946 2683 1081 2717 vigiliam
1103 2683 1258 2711 interioris
1279 2683 1424 2711 hominis.
1499 2692 1545 2718 24.
1561 2686 1606 2712 A:
1628 2684 1664 2711 ht
1684 2684 1776 2711 enim.

465 2719 506 2746 25.
528 2718 552 2746 E
571 2718 600 2745 iu
623 2726 690 2745 mar
714 2727 736 2745 .:
758 2717 859 2745 Causa
880 2718 991 2745 somni.
1059 2718 1103 2746 28.
1119 2719 1163 2746 A:
1185 2722 1213 2745 et
1232 2718 1384 2753 opturatis
1405 2719 1499 2746 deest.
1567 2726 1614 2754 29.
1630 2719 1674 2746 A:
1696 2719 1777 2746 illius

467 2761 592 2786 sensus;
613 2752 651 2780 E:
673 2752 735 2780 lle.
797 2751 836 2780 31.
856 2753 900 2780 A:
923 2753 951 2779 in
975 2753 1184 2788 soinpuiente;
1206 2753 1246 2780 ib.
1262 2753 1305 2780 A:
1328 2761 1396 2781 cutu
1419 2753 1505 2788 ipsis.
1570 2753 1614 2781 32.
1635 2753 1674 2781 E:
1696 2758 1723 2781 et
1744 2762 1776 2787 a;

466 2788 505 2815 ib.
528 2788 596 2815 DE:
618 2787 835 2815 sensualitatis

536 2880 568 2914 9.
600 2870 653 2903 Cf.
680 2869 839 2914 Wyclif’s
870 2871 1050 2913 Sermons,
1082 2871 1136 2903 ed.
1169 2871 1214 2914 by
1239 2871 1388 2911 Arnold,
1421 2872 1444 2911 Ι,
1477 2882 1555 2915 pag.
1584 2870 1776 2913 248—252.

470 2916 521 2949 26.
549 2917 600 2949 Cf.
629 2917 678 2949 De
704 2915 806 2950 Civili
834 2917 1013 2959 Dominio,
1042 2927 1119 2960 pag.
1144 2927 1206 2959 ¹¹4
1224 2926 1298 2960 seq.
