1986 3380
129 281 200 315 ¹&ss
706 287 927 319 JoHANNlS
945 286 1128 317 WYCMF
1149 285 1405 317 SERMONUM
1452 272 1602 329 [SERMO
1625 282 1718 309 xxv.

132 402 202 440 Itis
223 407 273 428 not
297 403 375 435 right
408 398 655 444 querendum
691 395 845 430 videtur
879 393 1044 429 ulterius
1078 402 1210 428 utrum
1251 392 1305 428 sic
1340 392 1549 428 convivare
1583 404 1722 427 conve-

148 438 357 498 ¹¹'¹‘xfi¹,¹f{l‡2¹⁰’'
407 454 519 490 niens
542 454 590 489 sit
615 452 790 500 prelatis,
823 461 860 487 et
890 452 1046 487 videtur
1076 452 1182 499 quod
1213 463 1305 488 non,
1341 450 1435 498 quia
1457 449 1593 485 omnia
1618 451 1722 485 bona

141 507 370 574 gtfflffi'tsslstffse
409 511 648 560 temporalia
683 524 758 558 que
792 509 996 557 possident
1030 518 1119 544 sunt
1153 510 1256 544 bona
1292 521 1528 555 pauperum,
1564 508 1630 543 sed
1656 507 1722 543 illa

214 585 299 611 poor.
409 582 487 606 non
522 569 612 606 licet
646 580 882 604 consumere
920 567 1004 602 sine
1050 579 1187 602 eorum
1235 565 1400 602 licencia
1445 567 1493 601 ad
1544 565 1721 613 ipsorum

410 627 677 675 dispendium,
725 638 818 673 ergo
863 638 942 661 non
995 625 1086 661 licet
1139 624 1337 672 episcopis
1389 624 1444 659 sic
1498 623 1564 659 illa
1618 624 1755 658 bonai>

410 685 615 733 frugaliter
661 684 867 731 dissipare.
913 685 1173 731 Assumptum
1221 691 1329 730 patet
1384 694 1427 717 ex
1479 681 1548 717 illo
1599 680 1723 717 tercio

410 743 679 780 Decretalium
714 744 771 778 De
804 740 1096 778 Donationibus
1130 753 1216 788 cap.
1251 739 1554 775 Fraternitatem
1580 748 1616 775 et
1639 739 1722 774 XVI

409 815 446 850 q.
483 804 491 837 l
527 814 613 849 cap.
644 799 648 851 Ι
684 800 872 844 Quoniam
912 799 1099 848 quicquid.
1147 801 1193 834 Et
1239 798 1365 833 multo
1410 795 1636 833 evidencius
1681 808 1724 832 ex

409 859 627 907 seriptura;
668 867 704 894 et
744 858 1007 894 confirmatur
1046 869 1089 893 ex
1130 855 1334 903 evangelio
1376 857 1480 891 Luce
1512 856 1634 900 XlV‘⁷'‚
1676 864 1720 889 12

409 931 493 954 cum
516 917 625 966 facis
652 916 863 966 prandium
896 923 962 951 aut
994 928 1140 959 cenam,
1182 914 1261 950 noli
1292 926 1432 949 vocare
1463 913 1607 949 amicos
1639 919 1724 947 tuos
1744 923 1783 944 ιο

409 988 526 1024 neque
546 976 706 1024 fratres
738 982 823 1010 tuos
867 986 985 1022 neque
1027 980 1214 1023 cognatos
1257 984 1375 1020 neque
1419 971 1562 1007 vicinos
1607 982 1724 1018 neque

410 1034 557 1077 divites,
590 1046 635 1069 ne
655 1034 769 1082 sorte
800 1040 836 1068 et
866 1032 941 1081 ipsi
971 1031 1172 1067 reinvitent
1204 1037 1239 1066 te
1270 1030 1393 1080 etfiat
1415 1029 1482 1065 tibi
1503 1028 1723 1072 retribucio‚

408 1092 476 1128 sed
507 1104 591 1127 cum
614 1091 723 1140 facis
754 1090 968 1126 convivium
1004 1102 1094 1125 voca
1123 1100 1331 1137 pauperes,
1365 1087 1519 1131 debiles,
1551 1087 1723 1132 claudos,

408 1162 515 1186 cecos
546 1157 581 1185 et
613 1150 744 1185 beatus
776 1149 865 1191 eris,
898 1148 983 1196 quia
1016 1160 1089 1183 non
1122 1147 1260 1182 habent
1283 1146 1382 1181 unde
1404 1145 1618 1181 retribuere
1640 1144 1726 1187 tibi,-

411 1206 662 1244 retribuetur'
680 1207 776 1242 enim
810 1206 878 1241 tibi
897 1206 932 1240 in
957 1205 1246 1241 resurreccione
1267 1204 1468 1239 iustorum.
1504 1203 1603 1239 Cum
1629 1214 1723 1248 ergo
1745 1204 1781 1236 15

410 1265 640 1302 convivacio
671 1277 753 1301 non
781 1264 829 1299 sit
864 1263 938 1299 nisi
974 1262 1128 1307 talium,
1157 1262 1312 1298 videtur
1340 1262 1447 1309 quod
1476 1261 1536 1296 vel
1565 1268 1725 1308 oportet

410 1325 637 1360 sacerdotes
672 1322 742 1359 Dei
789 1323 1024 1358 mandatum
1071 1329 1356 1368 contempnere
1400 1319 1460 1355 vel
1504 1331 1526 1355 a
1578 1317 1724 1354 talibus

412 1380 602 1418 conviviis
635 1394 674 1417 se
707 1392 879 1416 servare.

145 1451 279 1488 [fay-men
303 1458 371 1484 may
470 1442 511 1475 In
544 1439 620 1475 isto
654 1437 776 1474 dubio
808 1437 964 1474 videtur
1010 1436 1106 1472 mihi
1151 1437 1257 1485 quod
1302 1436 1530 1472 sacerdotes
1575 1432 1721 1470 Christi

133 1494 200 1519 ἕως
222 1485 383 1518 b³¹¹¹q¹¹c¹⁵'
411 1499 555 1534 debent
589 1498 684 1533 dare
717 1505 843 1532 totam
877 1508 1041 1543 operam
1088 1496 1136 1530 ad
1182 1495 1427 1542 pascendum
1474 1491 1721 1539 evangelium
1739 1503 1781 1524 20

139 1519 201 1547 ⁷bnt
226 1524 304 1546 must
328 1520 362 1546 be

150 1554 367 1582 0³¹'0¹'¹¹¹³¹⁵¹0
411 1565 448 1591 et
502 1554 793 1591 convivandum
854 1552 1116 1601 spiritualiter
1175 1551 1425 1588 christianos.
1481 1548 1722 1586 Convivacio

141 1591 211 1618 mm
239 1597 378 1619 moines.
410 1622 543 1650 autem
579 1611 800 1661 corporalis
838 1611 930 1647 licet
974 1610 1023 1647 sit
1066 1610 1290 1659 periculosa
1329 1618 1460 1657 potest
1493 1616 1723 1656 competere

411 1671 575 1708 brachio
599 1669 782 1709 seculari.
817 1669 957 1705 Omnis
981 1669 1086 1705 enim
1110 1668 1238 1705 viator
1262 1680 1342 1703 non
1365 1668 1482 1703 debet
1506 1666 1721 1715 quicquam

411 1742 527 1777 agere
559 1728 634 1765 nisi
673 1730 745 1765 sub
785 1729 952 1764 obtentu
992 1725 1250 1764 beatitudinis
1289 1733 1326 1762 et
1367 1738 1436 1774 per
1475 1736 1723 1772 consequens

411 1789 482 1824 sub
511 1786 673 1824 racione
707 1786 812 1823 illius
845 1785 1044 1834 premium
1078 1782 1350 1833 promerendi.
1385 1785 1433 1819 Et
1467 1791 1576 1831 patet
1616 1782 1724 1830 qubd
1742 1783 1780 1814 25

412 1845 640 1894 quicunque
673 1844 856 1881 convivat
889 1843 1010 1880 alium
1045 1851 1088 1879 ut
1122 1841 1401 1890 magnificetur
1424 1840 1464 1877 in
1487 1842 1564 1877 hoc
1588 1840 1723 1876 seculo

411 1904 471 1940 vel
505 1903 688 1951 acquirat
722 1903 947 1939 mercedem
993 1900 1259 1949 temporalem
1305 1912 1378 1947 pro
1422 1898 1482 1935 sui
1527 1897 1722 1941 convivio,

413 1970 552 2010 peccat
567 1960 752 2009 graviter,
770 1960 864 2008 quia
881 1969 972 1996 ante
990 1959 1093 1995 diem
1112 1957 1248 1995 iudicii
1266 1958 1492 1994 mercedem
1510 1955 1674 2004 recipiet
1693 1954 1725 1991 si

412 2033 492 2056 non
514 2031 674 2068 penam.
698 2018 840 2054 Videat
857 2030 949 2066 ergo
967 2016 1156 2054 secularis
1173 2015 1358 2052 dominus
1382 2014 1413 2051 si
1437 2027 1482 2051 ea
1498 2013 1724 2051 intencione

413 2077 594 2114 convivet
608 2076 719 2122 alios,
743 2085 786 2112 ut
810 2084 1018 2112 censeatur
1042 2074 1201 2111 inclitus
1217 2074 1277 2110 vel
1293 2075 1420 2110 bonus
1437 2072 1591 2121 dapifer
1606 2080 1726 2120 atque
1743 2072 1785 2104 30

413 2137 558 2184 largus,
583 2143 620 2172 et
653 2136 700 2171 de
722 2143 834 2170 tanto
858 2147 880 2170 a
905 2133 1048 2170 merito
1071 2131 1329 2169 beatitudinis
1356 2130 1591 2168 declinatur.
1626 2130 1725 2166 Cum

414 2206 507 2242 ergo
531 2192 621 2230 talis
644 2191 819 2229 intencio
842 2205 921 2228 non
944 2191 994 2228 sit
1017 2193 1066 2228 ad
1090 2189 1379 2227 beatitudinem
1403 2189 1727 2237 promerendam,

415 2260 524 2300 patet
568 2252 676 2299 quod
721 2258 779 2286 est
824 2249 1047 2298 culpabilis,
1101 2258 1138 2285 et
1190 2246 1450 2296 multiplicius
1503 2245 1726 2283 convivium

417 2309 666 2358 superfluum
700 2307 820 2344 nimis
853 2308 1038 2356 frequens
1072 2315 1192 2355 atque
1225 2305 1438 2342 diutinum.

473 2366 708 2405 Convivium
725 2374 858 2403 autem
875 2364 1106 2402 huiusmodi
1123 2363 1276 2401 brachii
1292 2362 1482 2400 secularis
1506 2362 1623 2398 debet
1646 2373 1729 2397 esse
1745 2362 1784 2395 35

416 2427 466 2462 ad
490 2424 718 2462 amiciciam
752 2424 1042 2469 roborandum,
1076 2424 1125 2459 ad
1159 2421 1385 2458 doctrinam
1409 2419 1655 2457 salutiferam
1680 2419 1729 2455 ab

417 2483 573 2532 hospite
606 2483 899 2530 degustandum
933 2490 971 2518 et
1003 2482 1053 2517 ad
1086 2479 1234 2517 Christi
1273 2490 1470 2528 pauperes
1509 2478 1558 2514 ab
1598 2476 1729 2513 inedia

1742 775 1815 805 Foi.

1742 824 1822 853 203'¹

488 2603 508 2624 ι,
530 2602 555 2622 2.
577 2594 620 2621 A:
643 2593 771 2620 ulterius
791 2608 824 2612 -
844 2592 965 2620 videtur
985 2591 1079 2619 deest.
1190 2599 1209 2619 1.
1232 2590 1256 2618 E
1276 2590 1305 2618 in
1328 2598 1444 2625 marg.:
1475 2589 1583 2616 Utrum
1607 2587 1730 2622 prelatis

416 2630 580 2658 convivare
600 2628 638 2655 sit
659 2628 786 2655 licitum.
859 2636 888 2660 4.
906 2627 973 2654 DE:
996 2627 1032 2654 ad
1055 2635 1156 2654 snum.
1230 2625 1258 2652 (ὀ.
1280 2624 1453 2659 frugaliter:
1476 2623 1674 2659 prodagiliter
1688 2625 1728 2653 (ἑ).

416 2674 445 2697 o.
476 2664 499 2692 13
527 2664 556 2692 in
588 2671 700 2697 marga
732 2662 951 2689 confirmacio.
1095 2669 1202 2694 12—14.
1230 2661 1273 2687 A:
1306 2658 1469 2687 retribucio
1496 2673 1530 2677 —
1555 2657 1608 2684 tibi
1636 2657 1729 2684 deest.

419 2698 455 2727 i3.
478 2700 519 2726 l):
541 2699 674 2725 clancos.
749 2705 790 2732 19.
807 2697 862 2724 Al«)
882 2697 910 2723 in
934 2704 1046 2730 marga
1072 2694 1253 2730 Responsio.
1328 2702 1373 2721 20.
1389 2694 1432 2721 A:
1455 2692 1728 2727 evangelizacione.

418 2735 458 2762 25.
476 2735 519 2762 A:
542 2732 662 2768 premii.
730 2733 775 2763 28,
791 2739 838 2764 20.
854 2732 898 2758 A:
920 2731 971 2758 sed
993 2739 1064 2758 non.
1138 2729 1185 2757 30.
1202 2729 1267 2756 nE:
1290 2728 1441 2755 convivat.
1509 2726 1547 2755 31.
1570 2727 1637 2754 nli:
1659 2731 1730 2753 tnnc

418 2770 471 2802 de;
502 2768 541 2795 ib.
565 2767 631 2795 DE:
654 2766 794 2794 declinat.
886 2765 930 2793 32.
952 2765 1018 2792 nE:
1043 2773 1102 2792 non
1125 2765 1165 2792 sit.
1248 2763 1290 2791 35.
1312 2764 1338 2790 A
1360 2763 1387 2790 in
1411 2770 1522 2796 marga
1545 2761 1728 2789 convivium

419 2803 595 2839 multiplex:
615 2802 640 2830 E
660 2801 688 2829 in
710 2809 823 2836 marg:
845 2799 931 2828 Finis
951 2799 1102 2833 convivii;
1124 2799 1164 2826 ib.
1179 2799 1223 2826 A:
1247 2797 1329 2825 modi
1352 2798 1445 2825 deest.

486 2875 517 2906 7.
539 2862 708 2894 Decretal.
726 2861 873 2901 Gregor.
900 2861 958 2900 IX,
984 2860 1042 2892 lib.
1059 2860 1112 2897 111.
1138 2859 1188 2890 tit.
1218 2859 1342 2899 XXIV,
1369 2868 1443 2901 cap.
1473 2858 1511 2890 ΙΙ.
1607 2855 1640 2888 8.
1663 2856 1728 2887 De-

415 2911 496 2943 creti
527 2909 552 2941 ΙΙ
579 2909 672 2950 Pars,
697 2918 802 2940 causa
828 2907 920 2945 xvi,
946 2917 1020 2949 cap.
1049 2906 1203 2939 LXVlll.
