1986 3380
185 304 320 332 SERMO
341 294 420 352 XL]
656 308 869 341 sECUNDA
896 309 1024 341 PARs.

184 427 264 450 non
303 415 365 460 sit,
401 428 493 463 ergo
532 429 611 452 non
646 425 776 463 potest
810 415 907 451 illud
941 423 1151 463 appetere3
1186 428 1266 450 non
1303 415 1498 462 (inquam)

184 481 317 520 potest
356 486 438 509 esse
477 473 595 509 alicui
636 474 691 509 rei
731 475 879 509 bonum
920 474 1028 521 quod
1068 473 1154 520 ipsa
1192 486 1272 508 non
1312 473 1372 515 sit,
1408 473 1501 521 quia

185 530 214 565 si
249 531 324 566 hoc
358 530 406 566 sit
439 530 513 566 sibi
546 533 710 575 bonum,
742 540 837 567 tunc
870 540 951 567 tam
985 531 1061 566 hoc
1095 539 1151 566 est
1184 543 1305 579 quam
1339 531 1406 566 illa
1440 543 1501 566 res

185 588 247 623 cui
282 597 338 624 est
370 588 426 624 sic
459 590 622 634 bonum,
648 597 684 624 et
718 602 788 636 per
818 601 1064 637 consequens
1097 588 1216 624 simul
1249 597 1338 624 sunt
1371 588 1498 635 ipsam

152 649 267 682 §rem
308 659 391 682 esse
430 655 467 682 et
506 646 633 694 ipsam
674 659 754 682 non
793 659 889 683 esse.
932 649 978 682 Et
1012 659 1081 694 per
1115 646 1221 682 idem
1255 659 1336 682 non
1370 654 1499 694 potest

184 717 378 751 apparere
428 703 501 740 sibi
557 706 721 756 bonum,
768 705 862 753 quia
907 714 990 741 esto
1036 706 1144 753 quod
1189 713 1381 752 appareat
1426 703 1499 739 sibi

184 763 346 807 bonum,
372 770 465 798 tunc
494 762 525 797 si
555 771 612 798 est
636 775 725 799 cum
754 762 821 799 illa
852 762 1108 811 apparencia,
1133 771 1228 798 tunc
1251 762 1371 798 simul
1394 761 1499 797 idem

184 828 240 855 est
274 828 311 855 et
343 832 424 856 non
457 829 533 865 θεῖς
569 828 605 856 et
637 820 668 856 si
701 833 783 856 non
816 829 872 856 est
902 833 992 857 cum
1027 820 1094 857 illa
1127 819 1383 868 apparencffl,
1409 832 1499 856 cum

183 877 232 913 sit
272 890 343 925 per
382 890 422 914 se
466 886 608 914 notum
647 877 771 914 nichil
809 878 929 914 simul
968 891 1050 915 esse
1091 887 1127 914 et
1166 890 1247 914 non
1288 891 1384 923 esse,
1418 890 1499 913 non

130 944 351 983 ioapparet
389 935 508 972 alicui
548 937 657 985 quod
702 936 750 972 sit
790 938 940 972 bonum
985 936 1059 972 sibi
1105 936 1235 984 ipsum
1280 949 1362 972 non
1401 948 1498 972 esse.

183 993 428 1029 Conceditur
458 1007 551 1042 ergo
590 993 630 1030 in
659 993 792 1042 primo
822 1003 1060 1043 argumento
1093 995 1200 1042 quod
1233 994 1347 1029 multi
1376 994 1499 1041 gratis

182 1051 371 1088 occidunt
416 1064 456 1088 se
494 1052 602 1100 ipsos
643 1061 679 1088 et
719 1061 854 1089 tamen
893 1053 1025 1088 nullus
1065 1065 1202 1088 eorum
1245 1052 1399 1100 appetit
1437 1053 1499 1088 vel

181 1118 312 1158 potest
345 1119 533 1158 appetere
567 1123 607 1147 se
639 1123 720 1147 non
753 1123 855 1155 esse3
896 1123 1032 1158 ymmo
1072 1110 1103 1146 si
1137 1109 1343 1146 maniacus
1377 1111 1498 1146 homo

182 1169 229 1204 de
252 1180 292 1204 se
315 1167 402 1216 ipso
432 1168 586 1214 asserit,
610 1168 856 1217 Augustinus
879 1181 968 1205 vere
992 1167 1133 1205 asserit
1155 1170 1264 1217 quod
1295 1168 1499 1204 mentitur.

130 1229 164 1261 ι5
181 1227 330 1262 Omnes
365 1226 470 1262 enim
500 1227 598 1263 tales
627 1236 821 1275 appetunt
850 1240 890 1263 se
920 1226 1061 1263 melius
1093 1239 1189 1271 esse,
1223 1226 1316 1275 quia
1346 1239 1368 1262 a
1398 1239 1499 1274 pena

1709 306 1788 352 28«)

1534 486 1614 513 Such
1638 495 1653 512 η
1674 487 1772 513 desire

1570 521 1706 547 involves
1727 530 1742 547 a

1536 556 1770 582 contradiction.

1528 1235 1623 1262 what
1643 1235 1776 1262 suicides

1562 1270 1662 1297 desire
1684 1271 1708 1297 is
1729 1280 1745 1297 a

182 1297 302 1333 quam
342 1284 536 1320 sufferunt
575 1284 749 1329 liberari,
789 1285 879 1321 ideo
924 1285 1125 1333 appetitus
1170 1284 1410 1321 terminatur
1449 1286 1787 1333 adhorterexistence.

182 1354 266 1378 esse
295 1342 472 1378 divinum
498 1344 607 1391 quod
631 1343 792 1379 racione
824 1343 1014 1379 bonitatis
1044 1355 1112 1379 sue
1135 1342 1266 1378 anime
1291 1351 1498 1390 appetunt.

182 1401 295 1437 Unde
328 1400 474 1437 talibus
507 1400 651 1449 quibus
685 1410 852 1449 apparet
886 1414 969 1437 esse
997 1403 1146 1437 bonum
1180 1413 1220 1437 se
1252 1400 1360 1449 ipsos
1394 1400 1498 1437 occi-

183 1459 275 1494 dere
308 1467 476 1507 apparet
509 1472 591 1495 esse
625 1460 774 1495 bonum
809 1461 918 1507 quod
951 1459 1028 1495 sint
1067 1458 1188 1495 occisi
1230 1468 1266 1494 et
1299 1472 1370 1507 per
1403 1472 1497 1495 con-

126 1531 166 1552 πο
182 1529 350 1565 sequens
389 1526 557 1565 apparet
601 1517 678 1553 illis
724 1530 806 1553 esse
847 1519 994 1553 bonum
1041 1518 1149 1566 quod
1188 1516 1277 1553 sint.
1325 1520 1426 1553 Nam
1465 1516 1496 1554 si

182 1574 486 1623 quomodolibet
525 1575 574 1611 sit
613 1577 762 1611 bonum
803 1575 921 1612 alicui
960 1576 1021 1612 vel
1060 1587 1143 1611 esse
1181 1576 1240 1611 vel
1278 1588 1359 1611 non
1398 1588 1494 1619 esse,

182 1634 330 1669 bonum
376 1641 433 1669 est
477 1633 607 1681 ipsum
646 1646 741 1679 esse,
778 1633 873 1681 quia
914 1635 1063 1669 bonum
1106 1642 1163 1668 est
1204 1635 1311 1681 quod
1352 1634 1496 1670 habeat

181 1691 278 1727 illud
312 1692 476 1727 bonum.
510 1691 620 1728 Sicut
654 1704 747 1739 ergo
780 1691 955 1740 primum
991 1691 1233 1739 principium
1268 1700 1324 1727 est
1358 1704 1428 1739 per
1458 1704 1497 1727 se

179 1758 320 1786 notum
354 1748 588 1795 intellectui,
628 1749 683 1785 sic
722 1749 898 1798 primum
939 1751 1088 1786 bonum
1130 1758 1186 1785 est
1220 1762 1290 1797 per
1322 1762 1362 1785 se
1396 1749 1496 1786 desi-

124 1812 163 1843 25
181 1809 364 1843 deratum
398 1807 608 1856 appetitui.

239 1867 443 1911 Quantum
489 1867 539 1902 ad
579 1867 796 1902 secundam
837 1866 1023 1914 logicam,
1065 1865 1212 1902 dicitur
1250 1867 1359 1915 quod
1397 1866 1494 1902 nulli

179 1924 318 1959 volunt
355 1936 396 1960 se
441 1937 523 1960 non
562 1936 646 1960 esse
685 1924 764 1960 sive
804 1924 998 1970 desinere,
1032 1926 1100 1961 sed
1141 1925 1241 1961 bene
1278 1925 1417 1960 volunt
1456 1937 1495 1960 se

181 1981 360 2018 desinere
399 1994 484 2018 esse
523 1981 562 2018 in
602 1995 785 2030 corpore.
831 1984 924 2019 Ideo
963 1982 1221 2019 subtilissime
1261 1982 1357 2018 dicit
1389 1984 1496 2031 Apo-

181 2040 325 2076 stolus:
366 2040 486 2090 Cupio
526 2041 685 2077 dissolvi
721 2048 756 2076 et
793 2053 874 2077 esse
911 2054 996 2077 cum
1035 2041 1202 2077 Christo.
1249 2043 1339 2077 Non
1379 2040 1493 2077 dicit:

123 2100 164 2133 30
181 2097 310 2146 Cupio
348 2111 430 2134 non
469 2110 564 2144 esse,
604 2100 673 2135 sed
712 2098 830 2147 cupio
870 2099 995 2147 magis
1036 2111 1130 2135 esse.
1178 2101 1220 2135 In
1253 2100 1328 2136 hoc
1360 2108 1494 2135 tamen

180 2165 237 2192 est
253 2156 463 2193 contencio
488 2156 590 2193 inter
605 2156 756 2204 logicos
781 2158 888 2206 quod
905 2157 1070 2206 quidam
1094 2166 1274 2194 asserunt
1290 2157 1493 2194 hominem

180 2228 226 2251 eo
265 2214 352 2262 ipso
392 2214 571 2251 desinere
611 2228 690 2263 quo
731 2215 913 2261 moritur,
948 2224 985 2251 et
1023 2215 1078 2251 sic
1119 2215 1290 2252 deficere
1321 2216 1382 2252 vel
1415 2229 1496 2252 non

179 2285 263 2309 esse
288 2272 460 2309 hominis
484 2272 656 2309 sumitur
678 2272 832 2309 infinite
860 2274 921 2310 vel
950 2273 1119 2322 positive
1150 2286 1223 2321 pro
1255 2286 1494 2322 quacunque

179 2330 396 2378 negacione
420 2331 655 2379 particulari
681 2344 763 2367 esse
789 2331 976 2376 hominis,
1003 2340 1044 2368 ut
1069 2344 1149 2368 non
1168 2344 1251 2368 esse
1267 2331 1307 2367 in
1323 2344 1493 2380 corpore

123 2392 161 2423 ‘35
179 2402 252 2437 pro
281 2388 358 2425 isto
387 2397 568 2437 tempore
598 2398 655 2426 est
686 2402 766 2425 non
796 2402 892 2426 esse.
926 2389 1023 2426 Aliis
1053 2398 1186 2426 autem
1218 2389 1494 2426 subtilioribus

178 2446 334 2484 videtur
358 2449 467 2496 quod
496 2460 616 2484 nemo
646 2447 790 2484 desinit
820 2460 903 2484 esse
932 2460 1004 2484 nec
1033 2456 1194 2484 estnon
1218 2460 1301 2484 esse
1325 2448 1493 2485 alicuius

179 2504 365 2552 hominis,
397 2518 487 2542 cum
519 2505 729 2542 cuiuslibet
753 2505 926 2542 hominis
951 2505 1018 2554 qui
1041 2505 1114 2542 fuit
1142 2506 1203 2543 vel
1234 2505 1308 2542 erit
1336 2505 1386 2542 sit
1410 2518 1494 2543 esse

247 2648 266 2667 1.
288 2639 358 2667 DE:
388 2648 449 2667 non
470 2639 500 2667 in
522 2643 681 2675 quantum.
826 2639 850 2667 3.
872 2640 943 2667 DE:
974 2644 1035 2668 tam
1062 2640 1236 2677 deestyib.
1258 2640 1298 2668 E:
1328 2641 1410 2676 quod
1432 2641 1493 2668 illa.

177 2674 201 2706 5,
224 2675 252 2702 6.
273 2676 317 2702 A:
339 2680 367 2702 et
388 2683 442 2710 per
459 2691 493 2694 —
514 2675 629 2702 bonum
651 2675 745 2702 deest.
880 2683 911 2702 11.
934 2675 958 2702 E
977 2675 1007 2702 in
1029 2683 1142 2714 marg:
1165 2675 1208 2702 De
1229 2675 1440 2702 occidentibus
1462 2685 1492 2702 se

177 2709 272 2744 ipsos.
356 2718 394 2745 17.
415 2711 459 2737 A:
482 2710 587 2736 omnia
608 2714 766 2744 appetunt.
851 2718 893 2745 ις),
915 2717 962 2737 2ο.
984 2710 1024 2737 Ε;
1045 2710 1137 2737 occisi
1159 2725 1193 2729 —
1235 2710 1294 2737 uod
1317 2711 1379 2737 sint
1398 2710 1492 2737 deest.

175 2751 222 2771 20.
244 2745 287 2771 A:
310 2744 392 2779 quod
415 2744 475 2771 sint
495 2744 588 2771 deest.
644 2752 684 2771 21.
706 2744 774 2771 DE:
796 2753 980 2781 quocunque
1001 2745 1111 2779 mod0;
1132 2745 1172 2772 ib.
1190 2745 1214 2772 D
1252 2755 1258 2772 :
1279 2745 1368 2772 alicui
1390 2745 1491 2772 nichil.

176 2786 220 2805 22.
242 2779 310 2806 DE:
333 2779 434 2814 ipsum
457 2779 550 2806 deest.
668 2786 715 2813 24,
737 2779 777 2807 25.
799 2779 841 2806 D:
865 2779 1049 2806 desidatum.
1166 2780 1212 2806 26.
1235 2779 1258 2806 E
1279 2780 1307 2806 in
1330 2787 1444 2814 marg:
1466 2787 1490 2807 2.

175 2812 218 2840 33.
240 2813 309 2840 DE:
333 2814 445 2849 posito.
500 2813 542 2841 35.
564 2813 632 2841 DE:
654 2819 699 2841 cst
719 2814 812 2841 dec—st.
869 2813 910 2842 35.
932 2814 956 2841 E
976 2814 1005 2841 iu
1028 2823 1141 2850 marga
1162 2814 1262 2841 Nemo
1283 2814 1394 2841 desinit
1415 2823 1491 2841 esse.

176 2847 218 2879 35,
239 2847 286 2876 36.
307 2849 351 2876 A:
374 2848 587 2883 superioribus
608 2849 738 2876 videtur.
811 2847 858 2876 36.
880 2849 905 2876 Ε
924 2849 954 2876 in
977 2857 1090 2884 marg:
1111 2849 1202 2876 Nota.

251 2932 352 2972 14.S.
368 2932 457 2973 Aug.
473 2932 565 2975 Opp.
584 2933 752 2973 tom.V11‚
770 2932 922 2972 ‘zo—233
944 2933 1000 2972 IX,
1015 2932 1093 2965 653.
1170 2944 1210 2976 29
1237 2933 1377 2976 Philipp
1399 2932 1491 2973 1,23.

1315 3001 1355 3037 ¹9

1522 2164 1722 2193 instructions
1744 2174 1775 2191 ais

1535 2205 1564 2227 io
1587 2206 1637 2227 not
1660 2201 1759 2235 being.
