1986 3380
229 285 364 314 sERMo
386 274 466 331 mr]
698 286 910 319 SECUNDA
939 284 1068 316 PARS.
1758 276 1835 323 379

231 393 459 430 hominibus
488 393 672 442 sapidum
702 393 763 429 vel
786 391 1080 441 proprietatum
1107 391 1277 427 aliarum
1303 392 1370 426 sed
1394 391 1547 427 fatuum

230 451 490 488 simulacrum
537 452 595 497 (ut
643 451 788 487 dicitur
827 452 874 486 de
913 462 1034 486 uxore
1073 450 1176 485 Loth
1216 448 1379 484 Genesis
1410 450 1547 496 XIX⁴’).

230 512 278 545 Et
323 509 413 546 hinc
458 509 554 546 dicit
599 509 799 546 Christus:
845 508 1078 544 Nlementote
1122 507 1259 543 uxoris
1303 506 1416 542 Lotlz.
1473 508 1548 543 Sed

230 567 296 603 alii
355 567 457 604 versi
521 576 613 603 sunt
664 567 702 603 in
760 579 941 603 amaram
997 564 1231 613 voraginem
1290 572 1547 612 peccatorum

198 625 465 670 5ca1·nalium‚
506 625 600 673 quia
631 624 902 661 Ecclesiastici
928 653 935 660 .
963 652 970 660 .
997 653 1004 660 .
1045 622 1122 669 Qui
1156 622 1252 659 olim
1293 630 1405 658 erant
1439 623 1551 658 vullis

229 683 418 719 silvestris
450 695 520 730 per
553 682 911 719 fructificacionem
946 690 982 718 et
1010 681 1184 718 virorem
1218 680 1351 728 operis
1383 679 1549 716 virtuosi

230 741 307 776 iam
342 749 433 776 sunt
466 753 574 776 mare
605 741 699 776 salis
731 741 827 776 Gen.
862 731 982 785 XIV‘5,
1020 739 1054 776 3.
1096 739 1154 775 Illi
1188 738 1294 775 enim
1328 737 1551 775 amaricant

231 807 267 834 et
298 811 380 834 non
419 798 581 846 sapidos
614 797 765 835 faciunt
798 806 1093 834 conversantes.
1128 799 1183 833 Ex
1215 805 1382 845 peccato
1416 796 1550 844 itaque

231 856 369 892 mundi
392 864 428 892 et
453 855 583 892 carnis
599 856 789 892 adiuncto
811 864 977 903 peccato
994 855 1167 903 dyaboli,
1183 854 1334 891 scilicet
1350 854 1550 902 superbia.

176 914 379 951 1oinvidia
419 923 455 950 et
488 914 547 950 ira
579 914 763 962 liquescit
800 914 861 950 vel
900 913 1112 950 induratur
1145 914 1201 949 sal
1241 913 1480 949 infatuatum
1516 921 1552 948 et

231 972 273 1008 fit
306 972 446 1008 inutile
479 973 528 1008 ad
562 972 740 1009 officium
775 971 858 1008 eius
892 971 1144 1020 primarium.
1192 972 1269 1007 Sed
1301 970 1427 1007 tercio
1461 983 1550 1006 cum

230 1043 310 1067 non
347 1030 396 1066 sit
435 1029 624 1078 possibile
663 1029 814 1079 aliquid
856 1042 939 1066 esse
984 1028 1220 1077 simpliciter
1252 1023 1550 1065 frustratorium

230 1088 269 1124 in
298 1097 454 1133 natura,
484 1097 594 1136 patet
619 1090 725 1137 quod
755 1089 813 1125 sal
836 1087 891 1124 sic
921 1087 1161 1124 infatuatum
1185 1087 1289 1123 valet
1312 1088 1362 1123 ad
1386 1086 1550 1135 aliquid.

230 1148 335 1183 Deus
381 1146 487 1182 enim
534 1159 616 1183 non
660 1146 753 1183 sinit
794 1154 1005 1194 peccatum
1054 1157 1137 1182 esse
1174 1144 1250 1181 nisi
1290 1157 1333 1181 ex
1371 1144 1553 1192 graciosa

176 1204 493 1241 15ordinaci0ne
531 1204 651 1241 faciat
686 1204 782 1240 illud
822 1204 1031 1252 proficere,
1068 1204 1194 1239 multo
1228 1202 1354 1251 magis
1387 1211 1551 1239 naturas

230 1271 396 1311 peccato
442 1262 634 1299 subditas.
677 1263 784 1299 Valet
823 1275 916 1310 ergo
961 1262 1022 1298 sal
1059 1262 1290 1311 infatuatum
1331 1262 1550 1297 secundum

231 1321 350 1357 fidem
392 1321 584 1368 evangelii
626 1322 676 1357 ad
710 1320 829 1357 istum
863 1320 1052 1356 bifamem
1087 1318 1302 1363 binarium,
1337 1319 1377 1354 id
1410 1327 1479 1364 est,
1514 1326 1554 1354 ut

230 1379 407 1415 mittatur
427 1380 550 1428 foras
587 1387 623 1415 et
661 1379 907 1415 conculcetur
944 1378 990 1414 ab
1023 1378 1249 1414 hominibus.
1297 1376 1550 1413 Meritorium

231 1437 394 1485 quidem
427 1437 529 1473 foret
563 1436 769 1474 caritative
803 1437 997 1485 expellere
1025 1436 1124 1472 tales
1156 1435 1333 1484 prelatos
1365 1435 1496 1472 fatuos
1529 1447 1550 1470 a

173 1509 214 1530 20
230 1495 516 1543 temporalium
533 1495 739 1542 dignitate,
764 1507 853 1531 cum
878 1494 964 1542 ipsa
978 1494 1067 1530 illos
1089 1493 1287 1530 infatuant
1303 1502 1339 1529 et
1354 1493 1550 1542 populum

230 1553 454 1590 subiectum
489 1553 779 1590 contaminant.
814 1555 862 1588 Et
884 1553 944 1589 lex
968 1552 1039 1588 Dei
1074 1561 1110 1588 et
1143 1552 1201 1588 lex
1234 1560 1374 1588 nature
1408 1552 1552 1587 docent

230 1612 328 1648 tales
374 1612 581 1659 expellere,
627 1623 675 1647 ne
720 1612 826 1647 ultra
872 1619 1151 1647 conversantes
1201 1609 1476 1646 contaminent
1516 1618 1552 1645 et

230 1670 381 1706 faculas
414 1668 557 1718 quibus
591 1671 886 1706 comburuntur
919 1677 1039 1717 atque
1070 1668 1311 1717 liquescunt,
1345 1667 1552 1704 caritative

230 1728 476 1764 subtrahere.
502 1730 582 1764 Nec
605 1728 737 1764 valent
760 1728 864 1775 leges
888 1726 1123 1763 Antichristi
1151 1726 1216 1762 isti
1238 1725 1314 1774 legi
1340 1724 1550 1762 contrarie.

175 1788 213 1821 25
288 1787 365 1823 Sed
410 1787 586 1822 secundo
630 1786 764 1822 valent
808 1785 872 1821 isti
917 1784 1059 1834 prelati
1105 1783 1203 1821 fatui
1249 1793 1284 1820 et
1325 1784 1552 1820 resistentes
1640 1789 1772 1818 Wicked

230 1844 294 1881 isti
335 1843 557 1892 expulsioni
594 1843 745 1880 salubri
783 1852 826 1879 ut
863 1844 924 1880 vel
964 1842 1158 1879 obiective
1198 1843 1258 1879 vel
1292 1841 1553 1879 materialiter
1578 1823 1841 1893 piggatctgspglllipgnd

233 1904 281 1939 ab
305 1902 535 1939 hominibus
560 1902 858 1939 conculcentur.
894 1902 971 1938 Sed
1004 1913 1085 1937 non
1117 1900 1331 1937 consencio
1365 1901 1473 1948 quod
1496 1900 1551 1936 sic
1615 1893 1795 1956 frcnjirifigleieir

233 1961 518 1997 conculcentur
541 1959 767 2008 improvide
793 1959 833 1996 in
862 1959 1043 2008 personis
1071 1958 1246 2007 propriis
1275 1960 1342 1995 sed
1367 1967 1552 1994 arcentur
1751 1950 1755 1955 ’

232 2019 272 2056 in
301 2031 395 2055 casu
426 2018 552 2055 eciam
580 2018 753 2055 violente
783 2019 833 2055 ad
863 2016 1166 2066 separacionem
1199 2030 1220 2054 a
1250 2016 1365 2053 bonis
1390 2016 1554 2053 ecclesie

173 2078 216 2111 30
232 2077 293 2114 vel
325 2076 671 2125 proscripcionem
705 2075 822 2112 salvis
855 2075 1021 2121 naturis,
1055 2084 1097 2111 ut
1121 2075 1177 2112 sic
1199 2074 1293 2112 facti
1326 2074 1553 2123 spirituales

233 2144 325 2172 ante
355 2147 394 2172 se
425 2134 641 2183 respiciant
664 2135 792 2182 legem
817 2133 902 2170 Dei.
936 2136 1038 2170 Nam
1063 2134 1164 2170 Osee
1187 2134 1272 2178 IV0,
1299 2134 1321 2170 6
1346 2132 1553 2169 scribitur:

239 2193 339 2243 Qu'a
379 2201 418 2229 tu
461 2193 663 2230 scienciam
704 2192 893 2242 repulisti,
932 2192 1118 2241 repellam
1158 2199 1206 2236 te,
1250 2203 1295 2227 ne
1332 2190 1554 2227 sacerdocio

234 2251 416 2302 fungaris
461 2251 564 2287 milti.
616 2253 664 2287 Et
696 2249 960 2299 Apocalypsis
1006 2249 1169 2285 ultimo:
1214 2249 1332 2285 Foris
1369 2261 1482 2285 canes
1519 2255 1555 2284 et

232 2310 397 2360 venefici.
423 2309 614 2355 Quamvis
638 2309 742 2346 enim
767 2309 865 2345 tales
888 2307 1088 2356 sapientes
1112 2307 1202 2353 sint,
1227 2315 1269 2343 ut
1285 2306 1552 2352 malefaciant,

177 2369 216 2402 35
233 2376 369 2404 tamen
413 2371 470 2412 (ut
510 2368 612 2404 Osee
650 2368 704 2403 X0
739 2366 898 2411 dicitur)
945 2378 1026 2402 non
1072 2374 1128 2401 est
1172 2364 1330 2411 veritas,
1376 2377 1458 2400 non
1498 2373 1554 2401 est

302 2489 328 2519 3.
344 2491 368 2518 D
386 2491 415 2518 in
433 2498 548 2525 marg:
571 2490 603 2517 [n
619 2498 717 2525 marg.
733 2489 804 2517 infi:
825 2489 1012 2517 Mementote
1027 2488 1143 2516 uxoris.
1211 2486 1236 2516 5.
1252 2487 1294 2515 D:
1316 2487 1397 2515 Eccl.
1415 2487 1554 2522 sequitur

239 2526 359 2553 lacuna.
451 2526 477 2553 8.
499 2527 544 2553 A:
567 2525 711 2552 efficiunt.
806 2533 839 2552 11.
861 2524 885 2551 E
905 2524 934 2550 in
956 2531 1069 2558 marg:
1090 2522 1172 2551 Nota
1192 2523 1274 2559 quod
1295 2522 1490 2558 impossibile
1510 2528 1555 2550 est

233 2561 347 2597 aliquid
364 2569 430 2588 esse
445 2560 628 2595 simpliciter
642 2560 872 2588 frustratorium
888 2559 917 2586 in
934 2562 1052 2586 natura.
1117 2557 1154 2585 13.
1170 2559 1215 2586 A:
1238 2558 1282 2585 sic
1298 2557 1393 2585 deest.
1451 2566 1490 2592 17.
1507 2558 1551 2585 A:

234 2595 315 2623 istud
339 2596 461 2623 bitume.
528 2603 570 2630 19.
592 2594 661 2622 DE:
684 2595 840 2622 caritative
861 2594 956 2621 deest.
1021 2600 1066 2619 20.
1088 2594 1131 2620 A:
1154 2593 1294 2621 infatuat.
1357 2600 1397 2620 21.
1414 2593 1459 2620 A:
1481 2600 1554 2619 con-

233 2631 346 2664 tinuat;
377 2630 417 2658 E:
439 2630 646 2662 contaminat:
676 2629 717 2657 ib.
739 2630 763 2657 E
783 2630 813 2657 in
835 2636 950 2662 marga
972 2627 1141 2662 Quomodo
1187 2627 1271 2655 relati
1292 2628 1366 2655 fatui
1389 2627 1555 2654 mittuntur

233 2665 327 2692 foras.
417 2673 461 2692 22.
481 2664 550 2692 DE:
572 2664 771 2692 contaminet.
860 2663 903 2691 25.
925 2663 949 2690 E
969 2663 998 2690 in
1020 2671 1134 2697 marg:
1158 2665 1168 2689 (
1191 2663 1328 2690 uomodo
1350 2662 1457 2698 prelati
1479 2662 1553 2689 fatui

234 2700 463 2727 conculcantur.
547 2699 594 2727 26.
616 2698 735 2727 Codd.:
756 2704 789 2726 ut
808 2699 902 2726 deest.
994 2704 1038 2733 27.
1059 2699 1104 2725 A:
1126 2697 1209 2733 quod
1232 2698 1326 2725 deest.
1412 2705 1460 2732 29.
1483 2697 1552 2724 DE:

235 2735 378 2762 violante.
451 2732 494 2762 33.
515 2734 561 2762 A:
583 2734 718 2769 fingaris.

309 2818 338 2850 3.
364 2819 480 2850 Lucae
505 2818 611 2858 XVII,
640 2818 697 2849 32:
723 2818 899 2850 Memores
926 2820 1035 2849 estote
1061 2815 1189 2848 uxoris
1216 2815 1295 2847 Lot.
1380 2825 1410 2857 7.
1432 2816 1551 2857 Vulg.:

241 2864 371 2897 Omnes
396 2864 433 2898 hi
455 2868 695 2897 convenerunt
720 2864 753 2896 in
781 2864 910 2896 vallem
937 2863 1144 2901 silvestrem,
1164 2872 1254 2904 quae
1274 2871 1366 2894 nunc
1382 2866 1433 2894 est
1452 2872 1553 2894 mare

237 2911 334 2943 salis.
431 2910 484 2943 33.
512 2912 619 2954 Apoc.
646 2911 754 2951 XXII,
778 2909 827 2942 15.
