1986 3380
209 287 343 314 §ERMO
360 275 514 332 xxxw]
677 287 889 320 sEcUNDA
919 287 1044 318 PARs.

208 396 468 433 iudicandum
518 403 575 431 est
620 396 667 431 de
712 393 878 431 caritate
921 393 1091 442 proximi
1137 406 1257 442 quam
1304 395 1351 430 de
1395 395 1522 431 verbis

209 454 382 503 propriis
405 462 761 502 quantumcunque
784 451 1061 500 sollempniter
1085 451 1312 488 confitetur.
1344 454 1391 488 Et
1415 462 1523 500 patet

209 521 289 549 tam
335 513 382 548 de
427 510 580 548 clericis
625 523 744 559 quam
790 509 901 546 laicis
940 511 1146 558 quomodo
1193 522 1330 546 eorum
1380 511 1523 547 caritas

210 570 328 606 hodie
366 567 606 617 refrigescit3
647 568 677 605 si
717 568 822 605 enim
862 569 1009 604 habent
1041 568 1161 603 talem
1202 567 1396 613 habitum,
1431 577 1523 605 tunc

176 628 403 665 §inclinant
436 628 485 664 ad
519 634 629 663 actus
661 626 848 674 proprios
882 624 1072 662 caritatis.
1113 628 1188 662 Iste
1221 634 1356 662 autem
1391 627 1524 674 regule

209 685 452 735 predicande
483 693 575 722 sunt
606 684 801 721 instanter
834 684 998 732 populo,
1032 692 1074 719 ut
1108 692 1352 731 cognoscant
1385 684 1416 720 si
1449 684 1525 732 ipsi

208 745 270 781 vel
302 743 436 781 clerici
468 743 585 792 plene
618 741 860 779 servaverint
885 741 1107 778 caritatem.
1141 744 1222 778 Nec
1256 741 1396 778 dubito
1429 742 1526 790 quin

210 801 403 839 discrasia
441 800 672 838 introducta
704 813 776 849 per
807 809 935 836 sectas
975 800 1150 836 novellas
1184 801 1232 836 ab
1266 800 1526 837 observancia

208 860 304 909 legis
328 859 475 897 Christi
509 858 600 896 huic
633 857 910 895 observacioni
943 858 1177 906 sexdecuple
1206 857 1255 894 sit
1284 871 1524 906 repugnans,

157 931 194 952 10
210 928 247 955 et
266 931 356 955 cum
381 930 499 954 omne
522 930 668 954 sonans
693 925 833 953 contra
849 916 1058 953 caritatem
1075 924 1281 964 tamquam
1304 916 1523 952 hereticum

209 976 258 1013 sit
282 977 598 1024 dampnandum,
615 983 725 1024 patet
744 988 833 1011 cum
858 983 1008 1023 quanta
1032 973 1243 1022 diligencia
1268 983 1526 1022 exequeretur

210 1033 376 1071 ecclesia
422 1042 562 1070 contra
605 1032 835 1070 huiusmodi
879 1032 1075 1069 novitates
1120 1044 1163 1068 ex
1208 1032 1375 1069 consilio
1414 1032 1526 1068 Anti-

210 1092 349 1129 christi
381 1091 578 1129 fallaciter
610 1091 874 1128 introductas.

661 1228 855 1270 SERMO
889 1229 1078 1270 XXXIV.

156 1329 192 1360 15
274 1326 352 1370 Qui
383 1337 450 1362 vos
481 1324 590 1361 audit
622 1337 680 1361 me
711 1324 829 1360 audit.
867 1325 973 1360 Luce
1006 1324 1074 1369 XO,
1107 1324 1166 1360 16.

269 1387 311 1421 In
350 1385 425 1420 hoc
459 1383 665 1431 evangelio
698 1381 923 1419 ostenditur
955 1380 1174 1418 auctoritas
1208 1380 1456 1429 predicantis
1490 1389 1527 1417 et

212 1441 406 1479 refellitur
450 1440 637 1490 superbia
683 1439 960 1477 ministrantis.
1016 1440 1159 1485 Quoad
1205 1439 1381 1488 primum
1431 1438 1527 1475 dicit

215 1499 409 1538 Dominus
433 1501 511 1536 duo
534 1511 640 1545 vera,
676 1498 853 1547 primurn
878 1499 987 1547 quod
1010 1497 1116 1534 idem
1141 1506 1199 1533 est
1223 1497 1362 1534 audire
1386 1498 1527 1534 devote

213 1568 250 1596 et
273 1557 478 1595 humiliter
501 1570 635 1594 servos
659 1556 808 1593 Christi
834 1565 870 1593 et
893 1556 1026 1605 ipsum
1052 1555 1204 1602 audire,
1229 1568 1320 1592 cum
1345 1554 1527 1592 Christus

153 1630 195 1652 20
212 1615 440 1654 necessario
486 1615 527 1652 in
572 1615 670 1664 ipsis
716 1615 908 1663 loquitur,
954 1614 994 1650 in
1038 1622 1195 1650 tantum
1242 1615 1350 1662 quod
1394 1613 1527 1650 omnis

213 1688 353 1713 eorum
400 1673 559 1711 locucio
605 1673 656 1710 sit
701 1672 777 1709 sibi
828 1671 1109 1721 principaliter
1160 1671 1386 1708 tribuenda.
1441 1672 1527 1708 Non

212 1733 354 1783 inquit,
396 1745 462 1769 vos
495 1732 585 1769 estis
618 1732 683 1781 qm·
713 1731 924 1780 loquimini,
956 1731 1024 1767 secl
1054 1730 1214 1779 spiritus
1246 1730 1378 1766 Patris
1411 1730 1531 1766 vestri

212 1793 276 1842 qui
306 1791 475 1840 loquitur
497 1791 532 1826 in
557 1790 662 1827 vobis
684 1789 866 1836 (Matthei
889 1790 956 1835 XO,
984 1792 1068 1834 2o);
1103 1797 1140 1824 et
1170 1801 1241 1836 per
1264 1799 1528 1836 consequens,

212 1864 303 1887 cum
336 1847 622 1897 inseparabilia
654 1847 733 1884 sint
765 1860 888 1896 opera
919 1846 1144 1892 Trinitatis,
1186 1846 1397 1883 manifeste
1435 1858 1529 1883 con-

156 1911 195 1943 25
211 1908 383 1946 vincitur
423 1908 531 1956 quod
570 1915 655 1943 tota
687 1905 863 1943 Trinitas
902 1905 1081 1954 loquitur
1118 1904 1256 1941 omnia
1287 1903 1364 1941 ista
1395 1905 1528 1941 verba.

212 1969 261 2004 Et
293 1974 403 2015 patet
436 1977 557 2014 quam
592 1973 820 2001 reverenter
851 1964 1025 2012 populus
1058 1963 1175 1999 debet
1215 1961 1529 2010 evangelizacio-

211 2038 304 2063 nem
338 2025 557 2069 attendere,
598 2022 825 2071 specialiter
864 2035 954 2058 cum
988 2021 1096 2058 iuxta
1128 2022 1347 2058 secundam
1381 2032 1529 2069 propo-

212 2083 407 2120 sicionem
431 2082 541 2130 ipsos
574 2093 763 2130 spernere
796 2080 836 2116 in
868 2081 944 2117 hoc
977 2088 1069 2116 actu
1101 2079 1151 2116 sit
1182 2078 1316 2128 primo
1348 2087 1386 2115 et
1418 2077 1528 2127 prin-

214 2141 397 2190 cipaliter
420 2152 609 2189 spernere
631 2138 893 2185 Trinitatem3
927 2139 1036 2187 quod
1059 2138 1161 2174 foret
1184 2136 1304 2173 nimis
1327 2137 1530 2174 horrenda

155 2203 197 2235 30
214 2198 478 2248 blasphemia.
532 2199 580 2249 Et
624 2206 735 2246 patet
780 2197 943 2245 sequela
987 2195 1185 2233 sermonis
1229 2194 1392 2241 Christi,
1438 2207 1528 2231 cum

213 2258 350 2294 infert:
397 2257 473 2301 Qui
502 2263 629 2292 autem
661 2255 809 2305 spernit
840 2267 900 2291 me
930 2254 1079 2304 spernit
1109 2266 1194 2290 eum
1227 2253 1292 2302 qui
1324 2252 1426 2289 misit
1457 2265 1528 2289 me.

215 2318 302 2353 Hoc
336 2314 441 2352 enirn
475 2313 702 2362 intelligunt
736 2312 929 2349 mundani
963 2314 1011 2349 de
1043 2311 1323 2360 spernentibus
1360 2310 1530 2348 nuncios

214 2373 471 2412 dominorum
514 2380 551 2409 et
590 2372 717 2408 multo
757 2371 884 2419 magis
924 2370 992 2419 qui
1027 2377 1222 2419 spernunt
1261 2368 1431 2406 nuncios
1468 2369 1532 2406 vel

214 2432 421 2482 apostolos
462 2439 531 2467 aut
564 2429 773 2466 ministros
806 2428 960 2465 domini
991 2430 1084 2465 Jesu
1117 2427 1280 2465 Christi.
1334 2427 1383 2463 Et
1419 2422 1531 2476 patet

158 2492 198 2526 35
214 2490 387 2540 gravitas
419 2488 576 2537 peccati
609 2487 834 2525 absconditi
867 2488 915 2523 de
948 2494 1184 2534 contemptu
1217 2497 1427 2522 servorum
1461 2485 1531 2522 do-

215 2548 313 2585 mini
333 2550 426 2585 Jesu
449 2546 613 2584 Christi.
644 2547 722 2583 Sed
745 2545 840 2595 quia
863 2544 1059 2593 contingit
1083 2557 1217 2581 servos
1239 2544 1340 2580 tales
1362 2555 1531 2592 peccare

283 2670 308 2699 3.
328 2670 397 2699 DE:
424 2678 517 2706 quam
538 2669 575 2697 de
594 2668 723 2697 clericis.
867 2667 895 2701 8,
917 2676 946 2704 ς).
966 2667 1012 2695 A:
1039 2667 1076 2694 ab
1096 2665 1298 2694 observancia
1317 2665 1393 2701 legis
1413 2664 1529 2692 Chr³sti

213 2707 312 2735 twice.
403 2713 442 2741 12,
464 2704 502 2733 13.
523 2704 592 2732 DE:
615 2712 651 2731 ex
670 2703 800 2731 consilio
819 2719 854 2723 —
873 2702 1066 2730 introductas
1086 2702 1187 2734 deest3
1217 2701 1247 2729 in
1268 2701 1337 2728 cod.
1358 2701 1403 2728 A:
1425 2700 1483 2727 alia
1503 2704 1531 2727 ct

214 2746 246 2769 ut
265 2741 387 2769 videtur
407 2739 572 2776 posteriori
593 2747 687 2766 manu
707 2738 848 2766 additum
868 2742 923 2765 est.
980 2738 1016 2765 15.
1031 2736 1105 2764 Ain
1122 2744 1237 2771 marg:
1259 2737 1369 2764 Sermo
1389 2734 1529 2768 XXXIV;

214 2777 239 2804 D
260 2776 291 2804 in
312 2783 426 2811 marg:
446 2773 576 2802 XXXIV
588 2774 826 2809 Apostolorum.
901 2781 939 2808 17.
961 2772 1030 2800 DE:
1053 2771 1197 2807 superbia
1217 2770 1319 2804 deest3
1339 2769 1409 2796 DE:
1430 2769 1530 2796 domi—

215 2811 313 2839 nacio.
387 2818 426 2838 21.
448 2809 472 2836 D
493 2809 523 2836 in
545 2816 611 2836 mar
636 2818 659 2836 .:
680 2807 800 2836 Audire
820 2807 965 2843 prelatcs.
1026 2814 1080 2843 ⁴24.
1096 2807 1140 2834 A:
1164 2810 1235 2832 sunt
1254 2812 1378 2842 opem.-
1424 2803 1468 2832 32.
1483 2805 1528 2831 A:

215 2846 265 2874 Sic
279 2845 372 2873 enim.
428 2843 471 2872 33.
483 2843 552 2871 DE:
568 2851 620 2870 mu
635 2847 666 2870 to
680 2851 752 2878 ergo
768 2842 876 2878 magis.
926 2840 1047 2877 34—30.
1060 2842 1104 2869 A:
1120 2840 1156 2868 Et
1169 2844 1251 2876 patet
1261 2856 1294 2860 ——
1306 2838 1421 2867 Christi
1435 2841 1528 2866 deest.

290 2918 339 2951 15.
367 2917 419 2949 Cf.
437 2914 603 2959 XVyclif's
629 2916 806 2956 Sermons³
834 2915 887 2946 ed.
915 2914 960 2957 by
986 2913 1120 2945 Arnold
1149 2913 1174 2955 Ι,
1201 2923 1280 2956 pag.
1302 2911 1377 2944 185.

1728 291 1805 328 247

1574 461 1698 496 (Lllzirily
1722 460 1776 487 lias

1573 504 1679 529 grown
1701 496 1780 523 cold.

1560 1387 1627 1415 The
1648 1387 1752 1414 words
1774 1386 1808 1414 of

1613 1421 1746 1449 Christ‘s

1566 1457 1729 1492 preachers
1750 1465 1800 1484 are

1600 1492 1657 1520 His
1677 1500 1758 1519 own.
