1986 3380
232 275 367 305 SERMO
390 264 516 322 tvm]
700 277 911 310 SECUNDA
941 277 1070 309 mas.
1748 270 1825 315 433

231 387 299 420 Est
332 384 437 421 enim
471 383 761 432 paterfamilias
795 383 962 420 ecclesie
997 382 1184 419 militanti
1225 391 1261 418 et
1296 395 1385 418 cum
1420 383 1468 419 sit
1502 384 1540 419 in

231 442 299 478 illo
332 455 455 490 regno
490 442 666 478 celorum
700 441 877 478 scribens
912 441 1030 477 fidem
1055 440 1253 488 scripture
1282 439 1322 477 in
1355 441 1541 477 cordibus

231 500 497 545 subditorum,
543 499 745 548 signanter
795 499 977 536 nominat
1026 511 1115 535 eum
1161 498 1343 535 Christus
1375 500 1540 535 scribam

231 559 396 594 doctum.
451 560 499 594 Et
543 557 645 594 sicut
690 557 982 605 paterfamilias
1027 558 1246 605 prudenter
1283 557 1435 604 profert
1474 570 1541 593 sue

168 605 176 611 “
198 615 381 652 §familie
415 617 462 652 de
495 629 567 652 suo
601 617 746 652 horreo
780 625 862 652 tam
897 616 1097 651 frumenta
1121 626 1224 651 nova
1248 627 1368 663 quam
1393 623 1539 657 vetera,

230 673 286 709 sic
330 674 507 721 prelatus
554 672 719 710 ecclesie
765 675 881 710 debet
926 673 1105 721 proferre
1156 672 1326 709 subditis
1370 672 1449 708 suis
1495 674 1541 709 de

230 732 418 767 thesauro
452 744 521 768 sue
554 731 749 768 memorie
774 731 1016 768 sentenciam
1052 740 1134 768 tam
1168 730 1259 767 novi
1283 739 1364 767 tam
1398 731 1540 767 veteris

229 789 471 825 testamenti.
520 791 568 825 Et
613 789 714 826 sicut
759 789 1068 837 patresfamilias
1113 789 1209 837 legis
1248 788 1390 826 veteris
1430 789 1540 826 novis

230 847 422 883 fructibus
447 847 819 895 supervenientibus
844 848 988 883 debent
1012 848 1163 883 fructus
1186 846 1332 895 prioris
1357 847 1449 883 anni
1481 860 1540 883 ex-

134 885 213 963 qullg
230 905 376 953 pellere
400 909 456 950 (ut
481 914 590 953 patet
616 905 737 941 Levit.
762 907 895 947 XXVI.
920 909 992 951 10),
1017 905 1072 942 sic
1096 905 1324 953 spirituales
1353 903 1356 955 l
1386 914 1538 953 patres-

156 959 165 964 *
230 962 401 999 familias
433 963 684 999 venientibus
719 963 956 1000 ceremoniis
990 963 1086 1011 legis
1118 976 1218 1000 nove
1257 964 1402 999 debent
1435 976 1541 1000 cere-

230 1021 385 1057 monias
419 1021 514 1069 legis
546 1021 690 1058 veteris
725 1022 920 1070 expellere
954 1021 1163 1058 reservatis
1210 1021 1430 1058 moralibus
1469 1033 1539 1070 per

229 1079 436 1127 utriusque
480 1079 577 1127 legis
623 1079 842 1115 Dominum
896 1079 1109 1116 innovatis
1163 1081 1289 1128 Apoc.
1342 1081 1464 1125 XXV),
1520 1080 1534 1114 5

228 1137 434 1173 scribitur:
467 1138 569 1174 Ecce
601 1150 697 1173 nova
720 1138 832 1186 facio
865 1138 1003 1173 omnia.

176 1198 210 1229 15
288 1196 387 1232 Cum
422 1204 555 1232 autem
590 1195 757 1232 ecclesia
802 1195 979 1232 fidelium
1021 1197 1137 1232 debet
1182 1208 1336 1232 errores
1376 1195 1539 1232 frivolos
1593 1201 1787 1241 Thi-ceraue

227 1253 462 1291 Antichristi
486 1254 681 1302 expellere
704 1262 741 1290 et
764 1254 962 1302 scripture
984 1267 1096 1290 sacre
1119 1254 1348 1291 constanter
1364 1255 1537 1299 credere,
1552 1237 1828 1306 Ψῗξῇῗῑζξξὲϊοξιω

226 1322 305 1349 tres
338 1320 429 1348 sunt
462 1311 630 1348 infames
665 1325 819 1348 errores
853 1325 896 1348 ex
927 1312 1102 1349 stulticia
1125 1311 1360 1348 Antichristi
1385 1312 1538 1348 inducti
1595 1304 1786 1334 Antichrist:

228 1383 327 1419 quos
373 1370 508 1406 fideles
554 1371 699 1406 debent
745 1370 1001 1407 concorditer
1046 1370 1240 1406 deridere.
1279 1370 1435 1406 Primus
1483 1375 1725 1414 estrssecause
1744 1376 1829 1403 Peter

228 1429 349 1477 quod,
395 1427 489 1476 quia
534 1429 673 1464 Petrus
720 1428 967 1465 moriebatur
1012 1430 1137 1465 Rome
1182 1437 1219 1464 et
1253 1428 1540 1465 Constantinus
1572 1410 1814 1438 diedatlemne.

170 1497 212 1519 20
228 1487 405 1523 eiusdem
439 1486 516 1522 loci
550 1486 680 1523 fuerat
719 1486 953 1535 imperator,
999 1486 1090 1523 ideo
1135 1486 1301 1535 quilibet
1335 1489 1539 1523 Romanus

226 1545 414 1581 sacerdos
448 1553 505 1580 est
537 1553 745 1593 tamquam
771 1544 1042 1581 habilissimus
1066 1557 1185 1592 super
1208 1553 1294 1581 toto
1320 1545 1538 1581 christiano

226 1602 378 1651 populo
412 1602 685 1650 preferendus.

284 1662 434 1697 Revera
465 1659 645 1708 sophista
669 1661 716 1696 de
749 1669 857 1697 secta
879 1660 1157 1697 infidelissima
1180 1660 1297 1697 istam
1332 1659 1536 1708 arguciam
1657 1667 1723 1695 The

227 1718 439 1764 derideret,
484 1731 574 1755 curn
620 1727 727 1755 secta
775 1719 1019 1756 Machometi
1066 1720 1113 1755 de
1146 1731 1218 1755 suo
1258 1718 1463 1766 preposito
1498 1719 1537 1754 in
1571 1702 1808 1765 Molffifflfflcialan

170 1778 206 1809 25
224 1777 443 1813 Jerusalem
479 1789 521 1813 ex
554 1776 762 1813 evidencia
807 1776 951 1814 maiori
986 1778 1243 1813 concluderet
1277 1778 1397 1825 quod,
1446 1789 1535 1813 cum
1560 1747 1779 1834 Πῄέᾗζῑῑξῗιῖξξῐῖι
1804 1816 1818 1833 Ἰ

225 1835 402 1883 prelatus
441 1847 534 1871 suus
579 1834 619 1871 in
664 1834 823 1872 civitate
866 1836 1100 1880 Jerusalem,
1147 1835 1186 1870 in
1232 1847 1311 1883 qua
1355 1834 1537 1871 Christus
1584 1817 1809 1869 bssitffliclaim‘

225 1893 414 1940 magister
448 1892 553 1929 Petri
586 1902 643 1929 est
678 1902 873 1940 mortuus,
917 1906 960 1930 ex
993 1892 1235 1930 auctoritate
1270 1892 1434 1929 maioris
1469 1894 1539 1929 do-

225 1950 323 1987 mini
368 1963 488 1999 quam
536 1951 824 1988 Constantinus
869 1952 998 1988 fuerat
1043 1960 1304 1999 preponatur,
1358 1950 1539 2000 sequitur

225 2008 452 2046 evidencius
485 2010 593 2057 quod
626 2009 710 2057 ipse
743 2009 793 2046 sit
826 2009 957 2046 maior
990 2011 1172 2046 Romano
1206 2009 1410 2058 pontifice.
1457 2011 1538 2046 Nec

168 2069 208 2099 30
225 2075 281 2103 est
327 2066 438 2103 color
482 2067 544 2103 vel
589 2066 830 2104 diversitatis
874 2067 984 2104 racio
1036 2080 1115 2116 qua
1167 2068 1283 2104 istam
1332 2067 1535 2115 arguciam

223 2133 457 2161 notaremus
490 2125 700 2173 supposito
735 2127 843 2174 quod
876 2134 984 2162 totus
1019 2126 1193 2174 populus
1229 2120 1412 2161 iudaicus
1446 2138 1536 2162 cum

222 2183 441 2220 Jerusalem
484 2182 683 2219 residente
727 2183 781 2219 ibi
825 2183 968 2220 maiori
1009 2183 1175 2220 domino
1220 2183 1269 2220 sit
1303 2196 1537 2228 conversus3

223 2254 315 2277 nam
350 2254 439 2277 cum
475 2241 619 2277 maiori
655 2240 860 2278 evidencia
905 2250 987 2278 tam
1034 2254 1077 2278 ex
1121 2249 1236 2290 parte
1270 2241 1451 2288 magistri
1485 2241 1537 2277 ibi

224 2299 372 2335 mortui
405 2312 526 2347 quam
562 2311 605 2335 ex
637 2308 751 2348 parte
786 2299 950 2336 maioris
975 2299 1158 2348 capitalis
1183 2299 1337 2336 domini
1360 2300 1538 2347 prelatus

167 2356 443 2394 35Jerusalem
491 2359 610 2393 Petro
662 2366 699 2394 et
747 2357 900 2394 cunctis
953 2358 1034 2394 suis
1087 2357 1386 2394 successoribus
1436 2358 1538 2394 foret

222 2415 369 2460 mai0r3
403 2416 511 2463 quod
545 2414 576 2451 si
609 2416 659 2452 ad
693 2415 914 2452 bonitatem
939 2415 1147 2464 propriam
1183 2415 1327 2464 prelati
1351 2415 1536 2461 curritur,

221 2474 428 2522 quomodo
483 2473 737 2521 presidencia
791 2473 962 2510 Romani
1016 2473 1196 2522 episcopi
1259 2486 1379 2522 super
1438 2474 1538 2511 alios

288 2616 317 2641 4.
333 2607 402 2634 DE:
425 2607 632 2643 providenter.
689 2608 715 2635 ὃ.
732 2608 777 2635 A:
798 2608 911 2635 veteris
926 2608 1020 2636 deest.
1078 2616 1119 2636 10.
1134 2609 1179 2636 A:
1203 2608 1297 2636 Lex-it.
1314 2607 1429 2636 XXV10
1443 2609 1536 2636 deest.

220 2641 257 2669 13.
273 2643 318 2669 A:
340 2642 424 2669 XXI⁰
440 2642 533 2669 deest.
615 2642 652 2670 15.
674 2643 703 2670 A
723 2643 752 2670 in
775 2651 889 2678 marg:
910 2643 992 2670 Nota
1013 2648 1073 2670 tres
1094 2651 1224 2671 errores.
1304 2652 1343 2678 17.
1364 2644 1409 2670 A:
1431 2643 1538 2671 inanes

219 2685 355 2709 errores:
386 2677 426 2704 ib.
448 2677 472 2704 D
494 2677 525 2704 in
547 2685 660 2713 marg:
689 2677 818 2713 Triplex
846 2686 932 2705 error
961 2678 1104 2712 infamis;
1134 2678 1159 2705 E
1187 2679 1217 2706 in
1248 2686 1363 2713 marg:
1394 2678 1474 2706 Nota
1502 2679 1538 2706 de

218 2710 233 2738 3
253 2711 421 2738 erroribus.
542 2712 581 2739 ιδ.
602 2714 631 2740 Α
651 2712 681 2739 in
703 2720 819 2747 marg.:
839 2712 936 2740 Error
956 2713 1086 2748 primus.
1208 2722 1249 2748 19.
1271 2714 1316 2741 A:
1338 2713 1420 2776 quod
1442 2713 1536 2740 deest.

218 2753 262 2772 20.
285 2746 352 2773 DE:
375 2746 440 2773 eius
461 2746 530 2774 loci.
611 2781 614 2783 .
648 2754 686 2774 21.
708 2748 752 2774 A:
775 2750 820 2774 est
840 2747 935 2775 deest.
1052 2747 1095 2776 23.
1117 2749 1145 2775 A
1165 2748 1195 2775 iu
1217 2756 1331 2783 marg:
1379 2749 1536 2783 espousio.

218 2787 265 2819 24.
285 2780 354 2808 DE:
378 2780 512 2815 deridet;
539 2781 579 2808 ib.
602 2781 626 2808 E
646 2782 676 2809 in
698 2790 812 2817 marg.:
835 2790 854 2809 1.
930 2781 973 2810 25.
995 2783 1038 2810 A:
1062 2783 1181 2810 maiori.
1255 2791 1302 2818 29.
1324 2783 1394 2810 DE:
1415 2783 1538 2810 eviden-

218 2823 283 2842 cius
304 2816 397 2842 deest.
471 2814 510 2843 31.
533 2816 601 2843 DE:
624 2824 818 2851 negaremus.

296 2908 326 2930 2.
355 2897 518 2930 Matthaei
548 2899 638 2940 XIII,
668 2899 706 2930 52

1357 2962 1397 2989 28
