1986 3380
223 284 299 330 378

275 407 359 435 Have
380 415 436 434 our

240 443 369 481 prelates
390 442 473 479 tliese

309 482 399 511 uitis?

226 1859 323 1887 Their
344 1859 408 1886 sins
430 1867 479 1886 are

217 1895 265 1921 tlie
282 1902 372 1921 cause
392 1894 427 1922 of
443 1894 491 1921 tlie

230 1928 336 1956 devil's
359 1937 472 1964 power.

798 298 1020 332 «IOHANNIS
1040 300 1222 331 WYCLIF
1242 300 1498 333 SERMONUM
1583 287 1735 346 [SERMO
1757 299 1820 327 Lll.

566 404 715 440 ludicet
744 418 836 451 ergo
872 406 1051 442 ecclesia.
1084 415 1216 441 utrum
1248 406 1320 442 iste
1351 406 1526 455 quinque
1556 409 1822 456 proprietates

506 462 565 497 vel
599 474 734 498 earum
768 463 953 511 opposita
989 464 1151 511 prelatis
1184 463 1329 500 nostris
1363 465 1614 511 conveniant,
1649 467 1742 515 quia
1775 467 1820 506 si.

507 528 657 556 certum
691 530 746 556 est
777 534 819 557 ex
850 521 925 557 fide
956 521 1147 568 evangelii
1173 523 1279 569 quod
1309 522 1381 558 nisi
1407 522 1486 559 sint
1509 524 1566 560 sal
1589 525 1639 560 ad
1662 537 1819 561 sensum

506 578 727 625 expositum
768 592 848 615 non
881 588 971 614 sunt
1005 579 1150 615 Christi
1186 580 1371 628 discipuli
1405 582 1470 617 sed
1507 582 1696 618 habentes
1730 595 1822 619 con-

506 635 705 672 dicionem
751 637 994 673 contrariam
1042 647 1133 673 sunt
1180 637 1365 686 discipuli
1404 639 1650 676 Anticliristi.
1705 642 1821 686 Quod

506 693 535 730 si
576 695 631 730 sal
674 694 930 742 liquescendo
971 695 1174 732 evanuerit
1208 696 1354 743 frigore
1388 705 1544 733 terrene
1578 697 1821 745 cupiditatis,

506 752 598 800 quia
615 752 753 788 exinde
770 753 1000 802 refrigescet
1011 754 1156 789 caritas
1172 755 1380 790 multorum
1396 755 1577 799 (Mattlici
1592 757 1748 801 XX1V0‚
1762 770 1770 792 1
1785 761 1821 799 2)

506 811 565 846 vel
619 811 787 846 humore
839 811 1009 846 carnalis
1060 811 1299 848 lubricitatis
1353 825 1428 860 que
1478 823 1583 850 vetat
1627 814 1819 851 visionem

506 867 706 916 sapiencie
753 870 818 913 {sad
865 870 1044 906 Hebreos
1086 870 1189 909 Xll‘¹.
1223 883 1287 915 14:
1323 871 1461 907 Pacem
1500 872 1700 920 sequimini
1737 885 1820 909 cum

506 927 679 962 omnibus
724 934 758 962 el
795 927 1085 963 sanctimoniam
1125 928 1205 964 sine
1242 941 1314 977 qua
1354 942 1462 965 nemo
1502 930 1641 966 videbit
1679 931 1820 967 Deuml

506 984 579 1020 erit
619 993 726 1020 extra
766 993 951 1021 naturam
992 985 1084 1022 salis
1117 987 1166 1022 ad
1200 986 1377 1023 officium
1413 986 1510 1023 illud
1544 987 1695 1033 inutile,
1731 1001 1820 1025 cum

506 1043 723 1090 perdentur
774 1042 1031 1080 condiciones
1088 1043 1180 1080 salis
1238 1044 1314 1080 alie
1371 1055 1674 1093 consequenter.
1730 1047 1821 1083 Ideo

507 1099 602 1136 dicit
651 1102 888 1148 Jeronymus
947 1103 1053 1150 quod
1105 1102 1281 1149 prelatus
1333 1102 1551 1139 infatuatus
1602 1103 1822 1152 cupiditate

506 1158 803 1206 temporalium,
822 1168 863 1194 ut
886 1172 991 1207 aqua
1014 1160 1152 1205 effluit,
1169 1159 1314 1197 timore
1336 1160 1578 1208 perdicionis
1603 1163 1819 1199 eorundem

506 1216 730 1252 succumbit
776 1226 811 1252 et
850 1230 984 1253 errore
1030 1217 1126 1265 legis
1160 1218 1230 1254 Dei
1265 1231 1286 1254 a
1320 1220 1447 1266 gradu
1486 1219 1579 1256 salis
1618 1233 1658 1256 se
1691 1220 1821 1268 ipsum

506 1274 638 1310 deicit.
684 1276 802 1320 Quod
838 1274 867 1311 si
906 1275 1117 1323 contigerit
1154 1275 1194 1311 in
1229 1277 1404 1327 prelatis,
1440 1276 1480 1313 in
1517 1291 1596 1326 quo
1633 1278 1698 1314 fiet
1733 1280 1823 1314 sub—

506 1332 681 1368 ditorum
723 1333 972 1379 emendacio,
1012 1347 1092 1371 non
1134 1342 1256 1371 restat
1296 1334 1334 1371 in
1369 1348 1448 1383 quo
1481 1335 1556 1372 nisi
1591 1336 1629 1372 in
1663 1336 1823 1373 Christo

506 1391 677 1438 populus
717 1391 901 1436 salietur3
942 1404 1034 1428 nam
1075 1401 1169 1428 tunc
1208 1401 1368 1440 oportet
1402 1393 1579 1430 converti
1612 1395 1823 1442 populum,

506 1461 595 1485 cum
641 1448 789 1485 subditi
835 1449 928 1486 mali
969 1459 1133 1498 peccata
1178 1450 1252 1486 sibi
1297 1452 1554 1488 accumulant
1600 1461 1636 1488 et
1679 1453 1822 1500 prelati

505 1519 577 1542 nec
621 1519 642 1543 a
686 1519 727 1543 se
772 1507 866 1555 ipsis
911 1520 983 1544 nec
1029 1521 1050 1544 a
1095 1507 1263 1545 subditis
1308 1518 1474 1557 peccata
1519 1519 1711 1547 evacuant
1755 1511 1821 1547 sed

506 1564 646 1612 pocius
685 1574 766 1602 tam
806 1565 845 1601 in
886 1578 926 1602 se
960 1566 1055 1614 ipsis
1089 1579 1209 1615 quam
1244 1568 1395 1615 populo
1428 1567 1714 1616 purgacionem
1750 1568 1822 1604 im-

506 1622 672 1670 pediunt
724 1632 760 1659 et
811 1632 976 1672 peccata
1026 1624 1236 1670 indurant;
1287 1625 1380 1673 quia
1432 1626 1580 1662 Eccles.
1626 1627 1728 1671 XII⁰‚
1776 1626 1818 1662 13

506 1681 712 1718 scribitur:
735 1681 831 1731 Quis
848 1682 1093 1718 miserebitur
1114 1683 1347 1719 incantatori
1367 1696 1387 1719 α
1411 1691 1587 1733 serpente
1605 1696 1792 1733 percusso
1803 1685 1823 1719 ζ’)

505 1741 552 1775 Et
577 1740 648 1776 hec
672 1739 780 1776 racio
805 1752 928 1788 quare
952 1741 1171 1777 secundum
1198 1742 1359 1777 beatum
1385 1741 1622 1790 Gregorium
1646 1743 1823 1790 prelatus

506 1809 713 1845 perversus
747 1807 804 1834 est
837 1797 1151 1846 incorrigibilior
1183 1797 1287 1834 inter
1322 1812 1475 1836 omnes.

565 1855 764 1892 Radicalis
786 1855 921 1904 itaque
945 1868 1064 1893 causa
1087 1856 1337 1905 regnacionis
1361 1857 1521 1905 dyaboli
1544 1870 1663 1906 super
1686 1867 1823 1906 gentes

506 1922 563 1949 est
614 1922 825 1962 peccatum
870 1914 1117 1962 prelatorum
1169 1914 1347 1951 ecclesie.
1394 1915 1536 1952 Deficit
1577 1916 1683 1952 enim
1728 1925 1823 1954 tunc

506 1971 608 2007 inter
649 1973 775 2008 Deum
817 1980 853 2008 et
887 1972 1081 2020 populum
1124 1972 1334 2019 mediator,
1377 1986 1451 2022 pro
1484 1983 1650 2022 peccato
1683 1975 1821 2023 populi

504 2029 732 2066 satisfactor
789 2039 825 2066 et
882 2029 1160 2078 ignorancium
1226 2030 1481 2077 informator,
1548 2044 1636 2068 cum
1689 2033 1822 2070 nullus

506 2088 639 2134 laycus
679 2087 752 2124 erit
791 2089 999 2124 sacerdote
1040 2088 1095 2125 sic
1128 2101 1315 2137 perverso
1349 2089 1459 2126 omni
1491 2101 1634 2138 genere
1667 2090 1821 2138 peccati

505 2145 742 2193 profundius
787 2145 1000 2183 involutus.
1052 2148 1144 2183 Ideo
1190 2147 1326 2184 dicunt
1372 2147 1535 2196 quidam
1580 2149 1686 2196 quod
1727 2157 1821 2185 tunc

505 2216 585 2239 non
618 2203 796 2240 mediant
830 2203 932 2240 inter
955 2206 1082 2241 Deum
1119 2213 1155 2241 et
1186 2205 1389 2242 hominem
1424 2218 1492 2242 seu
1526 2207 1720 2255 populum
1753 2208 1821 2243 sed

505 2261 607 2297 inter
657 2262 871 2309 dyabolum
925 2270 961 2298 et
1011 2263 1168 2311 plebem
1221 2276 1333 2300 suam
1385 2265 1434 2300 ad
1480 2263 1608 2312 ipsam
1654 2273 1821 2312 peccato

505 2319 717 2367 multiplici
757 2319 1035 2357 ministraliter
1066 2322 1359 2358 venenandum.
1393 2322 1490 2358 Tale
1528 2321 1724 2370 (inquam)
1764 2323 1821 2359 sal

1842 942 1880 963 10

1845 1222 1879 1254 15

1839 1522 1881 1543 20

1841 1803 1880 1835 25

1838 2091 1880 2125 30

504 2377 742 2414 infatuatum
790 2390 860 2426 per
898 2387 1103 2426 aspectum
1145 2388 1251 2415 retro
1296 2380 1344 2415 ad
1385 2379 1625 2428 temporalia
1662 2393 1818 2417 versum
1837 2381 1877 2414 35

504 2444 566 2480 est·
599 2435 638 2472 in
677 2444 850 2472 statuam
897 2436 1002 2482 salis,
1043 2449 1119 2485 que
1157 2450 1237 2474 non
1278 2446 1334 2474 est
1372 2438 1430 2474 sal
1468 2437 1613 2485 vivum,
1654 2438 1820 2475 terrenis

575 2590 593 2608 1.
616 2581 683 2610 nli:
707 2587 807 2610 utrum
830 2583 971 2610 istorum.
1068 2590 1093 2610 2.
1115 2581 1184 2610 DE:
1205 2583 1250 2610 vel
1272 2591 1389 2610 eorum.
1492 2583 1516 2614 5,
1538 2582 1565 2610 6.
1588 2582 1657 2610 DE:
1679 2583 1703 2610 si
1726 2583 1819 2610 deest.

506 2625 538 2643 ιι.
556 2618 593 2643 A:
615 2616 671 2644 erit
691 2617 791 2651 deest;
813 2617 852 2644 ib.
868 2618 913 2645 A:
935 2622 962 2644 et
983 2617 1064 2645 salis.
1129 2625 1166 2645 12.
1189 2617 1211 2644 E
1232 2617 1262 2644 in
1283 2625 1396 2652 marga
1418 2617 1508 2645 Nota.
1574 2626 1615 2653 19.
1637 2617 1706 2645 DE:
1729 2618 1818 2656 inula.

505 2660 549 2678 πο.
571 2653 615 2679 A:
639 2659 693 2679 nec
713 2660 728 2679 a
749 2652 842 2679 deest.
899 2659 943 2685 22,
965 2651 1007 2679 23.
1030 2651 1097 2680 DE:
1119 2652 1203 2680 xmo
1229 2652 1383 2680 scribitur.
1439 2651 1482 2680 23.
1501 2652 1620 2680 Codd.:
1642 2653 1818 2680 merebitur.

505 2686 642 2713 Coi-rexi.
733 2687 780 2714 26.
802 2686 826 2713 E
847 2686 876 2714 in
898 2694 1012 2720 marga
1041 2686 1142 2714 Causa
1165 2686 1306 2714 radicalis
1327 2695 1421 2725 quare
1440 2687 1582 2714 diabolus
1603 2691 1708 2721 regnat
1727 2695 1820 2722 super

504 2725 618 2754 gentes.
692 2728 737 2756 27.
761 2721 784 2748 E
804 2721 833 2748 in
855 2729 969 2760 marga
992 2721 1082 2760 Nota.
1156 2729 1202 2756 20.
1224 2721 1268 2749 A:
1291 2721 1492 2748 sauss-accior.
1565 2720 1605 2749 31.
1626 2723 1671 2749 A:
1691 2721 1816 2760 quidum

505 2755 599 2782 deest.
690 2755 732 2783 32.
756 2756 824 2784 DE:
847 2756 975 2787 1ned12113
1007 2756 1046 2783 ib.
1068 2757 1111 2783 A:
1134 2756 1290 2783 hominem
1314 2764 1364 2782 seu
1387 2756 1480 2783 deest.
1570 2755 1617 2790 34.
1643 2756 1683 2783 b:
1706 2761 1818 2783 iustru-

507 2790 678 2818 mentaliter
698 2790 840 2824 veniantg
862 2791 902 2818 ib.
925 2791 948 2817 Ε
969 2790 996 2817 in
1021 2799 1133 2825 marg:
1156 2790 1246 2818 Nota.

582 2873 630 2906 13.
664 2874 699 2906 ln
732 2874 997 2906 Commentario
1031 2874 1064 2906 in
1097 2874 1289 2907 Mattheum
1325 2873 1379 2906 hic
1414 2875 1511 2906 locus
1549 2884 1619 2906 non
1659 2873 1816 2906 habetur.

508 2919 561 2952 23.
588 2920 621 2952 S.
649 2920 810 2960 Gregorii
839 2921 942 2963 Opp.,
972 2927 1056 2952 tom.
1087 2921 1107 2960 l,
1135 2930 1213 2963 pag.
1237 2919 1390 2963 15856).
