1986 3380
221 316 359 368 sERMO
381 305 475 363 xm]
695 318 909 351 SECUNDA
938 317 1061 349 1³1st.

222 428 390 463 tendunt
423 434 460 462 et
494 425 802 462 confabulantur
834 424 918 461 sine
951 423 1111 460 racione
1144 425 1252 471 quod
1292 423 1355 459 ille
1390 425 1535 460 habent

224 486 343 521 fidem
368 483 601 531 religionem
619 493 656 520 et
673 483 853 519 habitum
878 483 1162 523 orthodoxum,
1188 481 1377 518 Saraceni
1402 491 1533 517 autem

223 545 439 579 observunt
463 550 611 577 statum
628 540 903 578 scismaticum
925 549 961 576 et
978 540 1274 588 blasphemum,
1300 539 1355 575 sic
1372 549 1535 576 econtra

223 600 299 649 ipsi
333 600 469 635 dicunt
503 601 551 635 de
584 599 699 636 nobis
733 608 770 635 et
804 607 945 646 rogant
969 600 1097 634 Deum
1132 599 1239 646 quod
1271 599 1319 633 ad
1356 597 1472 633 fidem
1501 607 1536 633 et

191 658 457 706 breligionem
498 670 610 693 suam
652 657 893 693 catholicam
935 665 1230 692 convertamur.
1277 657 1377 692 Cum
1417 655 1537 703 igitur

222 716 279 752 illi
313 724 404 752 sunt
436 716 584 763 plures,
625 714 878 763 potenciores
913 723 949 750 et
984 715 1135 750 mundo
1173 713 1377 761 graviores
1416 726 1534 761 quam

222 787 294 811 nos
339 773 406 822 qui
454 782 535 810 tam
583 773 678 822 ipsis
724 785 843 821 quam
891 772 1039 809 Christi
1084 771 1230 819 regulis
1275 773 1537 808 adversantur

222 833 428 881 quomodo
473 844 554 867 non
599 832 715 867 debet
760 830 900 878 pocius
946 830 1054 866 credi
1098 829 1175 865 illis
1215 842 1335 878 quam
1376 829 1535 870 nostris,

223 889 431 938 potissime
471 902 560 926 cum
601 889 725 925 simus
758 888 830 925 viri
865 890 1086 924 secundum
1121 887 1322 935 duplicem
1357 887 1535 923 animum

169 947 436 984 minfideliter
469 956 506 983 et
530 946 751 995 ypocritice
774 946 1036 983 vacillantes?
1069 946 1274 994 Fingimus
1299 945 1403 982 enim
1429 947 1536 993 quod

221 1005 427 1055 sequimur
451 1005 655 1042 Christum
680 1004 915 1050 rectissime,
946 1014 983 1040 et
1006 1013 1142 1040 tamen
1169 1005 1386 1040 scrutando
1410 1004 1535 1051 legem

222 1063 370 1101 Christi
405 1063 660 1100 manifestum
695 1072 751 1099 est
776 1064 884 1111 quod
918 1075 1055 1098 sumus
1088 1062 1162 1098 sibi
1195 1061 1321 1110 magis
1346 1061 1536 1098 contrarii

221 1122 463 1170 proditores.
498 1123 822 1158 Fundamentum
856 1129 990 1157 autern
1024 1120 1133 1157 aliud
1167 1121 1217 1156 ad
1250 1119 1535 1156 stabiliendum

223 1181 341 1217 fidem
376 1181 642 1216 orthodoxam
676 1179 716 1216 in
749 1180 825 1216 isto
858 1178 1072 1215 bimembri
1106 1178 1220 1215 devio
1253 1190 1372 1214 nemo
1406 1186 1537 1226 potest

168 1242 205 1273 15
222 1250 371 1287 ponere
416 1238 492 1274 nisi
538 1237 781 1286 scripturam
822 1235 1092 1285 evangelicam
1132 1249 1207 1285 que
1248 1245 1304 1272 est
1350 1237 1537 1272 dominus

221 1305 357 1333 noster
388 1298 500 1333 Jesus
534 1296 728 1333 Christus.
763 1298 849 1344 Ipse
874 1295 980 1332 enim
1011 1304 1069 1331 est
1102 1295 1201 1331 liber
1231 1293 1404 1342 scriptus
1432 1294 1537 1330 intus

222 1364 258 1391 et
298 1354 394 1391 foris
433 1368 551 1403 quem
592 1356 782 1391 debemus
821 1355 995 1399 studere,
1036 1355 1166 1400 legere
1212 1362 1249 1389 et
1292 1352 1459 1389 omnino
1498 1352 1537 1388 in

222 1412 402 1449 moribus
448 1412 609 1449 imitari.
667 1414 715 1448 Et
767 1412 841 1448 ista
895 1412 1029 1459 regula
1082 1420 1236 1448 servata
1290 1420 1537 1447 converteret

223 1472 444 1507 Saracenos
478 1480 515 1507 et
548 1470 728 1506 infideles
762 1470 874 1516 alios,
909 1471 977 1506 sed
1010 1471 1133 1517 (quod
1163 1479 1220 1506 est
1254 1468 1536 1505 difficillimum

166 1542 206 1563 20
222 1538 259 1565 et
310 1529 411 1565 foret
465 1529 552 1576 plus
607 1528 910 1572 miraculosum)
963 1528 1082 1564 falsos
1127 1527 1329 1576 ypocritas
1374 1526 1536 1563 nomine

222 1586 480 1632 christianos;
513 1588 581 1622 sed
614 1595 819 1634 oporteret
852 1595 945 1622 tunc
979 1585 1136 1622 abicere
1175 1585 1311 1622 omnia
1343 1585 1418 1621 ista
1451 1598 1538 1633 per-

221 1644 409 1693 ipsimata
441 1645 574 1693 legum
608 1644 844 1681 Antichristi
879 1653 915 1680 et
948 1657 1046 1692 pure
1076 1656 1234 1680 servare
1268 1652 1387 1691 atque
1411 1652 1537 1679 atten-

222 1704 314 1739 dere
348 1703 474 1751 legem
508 1702 669 1739 Christi.
723 1704 800 1739 Sed
836 1701 1051 1738 multitudo
1092 1711 1291 1738 sectarum
1331 1700 1537 1738 abbreviat

221 1770 258 1797 et
292 1770 447 1798 coartat
481 1769 637 1797 tantum
672 1761 774 1797 hanc
807 1761 933 1808 legem
975 1761 1081 1809 quod
1122 1761 1252 1797 solum
1293 1759 1537 1796 attendimus

165 1821 204 1854 25
221 1831 296 1868 que
341 1819 381 1855 in
419 1819 567 1855 nostris
607 1818 800 1855 contratis
840 1827 907 1855 aut
946 1819 1198 1867 temporibus
1237 1827 1327 1854 sunt
1366 1827 1535 1854 servata.

278 1879 379 1914 Cum
414 1886 549 1914 autem
582 1878 801 1913 secundum
825 1877 1066 1925 Apostolum
1101 1877 1258 1913 verbum
1284 1876 1444 1912 Domini
1465 1889 1536 1911 non

219 1943 275 1972 est
306 1936 513 1986 alligatum
546 1936 805 1972 extendamus
838 1935 957 1971 fidem
991 1944 1171 1971 nostram
1206 1935 1407 1971 credendo
1440 1933 1537 1970 illud

221 1995 329 2042 quod
376 2002 560 2042 tempore
605 1993 753 2030 Christi
805 1993 878 2029 fuit
932 1993 1128 2029 creditum
1182 2006 1202 2030 a
1257 1992 1440 2029 fidelibus
1493 2004 1539 2028 ac

221 2051 374 2100 Spiritu
397 2052 546 2088 Sancto
570 2053 747 2088 doctum.
783 2053 830 2087 Et
860 2051 962 2088 sicut
995 2060 1177 2100 tempore
1201 2060 1238 2087 et
1260 2051 1351 2087 loco
1375 2050 1537 2087 illorum

163 2112 206 2145 30
222 2109 401 2146 fidelium
435 2118 519 2146 erat
553 2110 703 2146 multus
727 2110 900 2157 populus
923 2109 1178 2155 christianus,
1213 2108 1268 2146 sic
1293 2109 1395 2145 forte
1419 2107 1538 2145 hodie

222 2177 279 2204 est
323 2167 363 2204 in
409 2167 544 2204 multis
589 2167 770 2216 partibus
809 2177 912 2204 terre
952 2167 1182 2204 habitabilis
1223 2167 1370 2203 multus
1409 2166 1537 2203 fidelis

222 2227 395 2274 populus
427 2227 544 2274 longe
578 2225 730 2262 reccior
763 2238 884 2274 quam
918 2238 990 2262 nos
1024 2238 1173 2262 sumus.
1220 2227 1313 2262 Ideo
1347 2226 1537 2261 debemus

221 2296 364 2332 rogare
389 2286 517 2320 Deum
551 2285 770 2320 secundum
805 2283 903 2320 illud
937 2284 1069 2320 Psalm
1093 2285 1249 2328 XVIII⁰‚
1292 2283 1358 2319 18:
1393 2284 1536 2319 Revela

220 2343 351 2378 oculos
383 2355 486 2379 meos
518 2349 553 2378 et
585 2342 836 2378 considerabo
875 2342 1067 2377 mirabilia
1102 2343 1147 2378 de
1187 2342 1272 2392 lege
1304 2349 1380 2376 tua.
1435 2343 1535 2377 Nam

165 2402 205 2433 35
220 2413 291 2448 per
325 2399 695 2437 consideracionem
729 2401 778 2436 ad
818 2399 1078 2448 particularia
1119 2408 1155 2436 et
1194 2398 1455 2436 affeccionem
1488 2400 1537 2435 ad

222 2459 326 2494 bona
359 2458 525 2507 propria
559 2458 704 2494 caritas
731 2458 811 2494 fere
845 2457 1086 2505 extinguitur
1119 2466 1156 2494 et
1190 2457 1287 2494 fides
1311 2469 1387 2506 que
1421 2458 1537 2493 debet

222 2529 306 2552 esse
337 2517 470 2564 longa,
504 2516 584 2553 lata
619 2525 655 2553 et
694 2516 894 2564 profunda
932 2515 1102 2552 nimium
1143 2515 1396 2564 ecclipsatur.
1432 2517 1537 2551 Deus

222 2572 315 2622 ergo
347 2575 496 2611 revelat
519 2575 658 2611 oculos
681 2573 783 2611 servi
807 2574 879 2620 sui,
905 2575 1065 2622 quando
1088 2573 1277 2611 virtutem
1311 2572 1535 2610 intuitivarn

285 2728 316 2781 l7.
338 2720 382 2747 A:
413 2719 464 2755 qui
486 2719 612 2747 Christi.
786 2721 856 2747 .:A
888 2728 957 2747 cum
981 2729 1106 2751 sumus:
1135 2721 1175 2748 ib.
1198 2721 1226 2748 A
1246 2721 1276 2748 in
1299 2728 1415 2759 marga
1444 2719 1535 2747 Nota

223 2764 263 2782 10.
302 2754 523 2791 )E:)poc1ite.
629 2728 903 2789 13.Ain9ma1·.:g
926 2754 1016 2782 Nota.
1121 2755 1157 2784 15.
1181 2755 1249 2783 DE:
1273 2755 1425 2790 scriptma
1445 2763 1536 2781 exan-

222 2789 326 2828 gelici
419 2789 681 2816 10.AD:110ster
702 2789 796 2816 deest
888 2797 930 2816 22.
954 2790 997 2816 A.
1021 2789 1071 2817 sed
1094 2795 1121 2817 et
1143 2799 1217 2825 pule
1237 2794 1266 2817 at
1292 2798 1336 2817 ue.
1428 2797 1472 2824 27.
1495 2789 1534 2816 E:

222 2823 464 2886 Sbligitumdib
478 2823 545 2851 DE:
559 2825 804 2852 extende1emus.
843 2822 885 2851 33.
899 2810 968 2851 DE:
985 2824 1172 2859 Dominum3
1188 2825 1227 2852 ib.
1241 2825 1287 2852 D
1304 2824 1427 2852 .Psalm
1439 2824 1534 2852 XIV.

241 2868 256 2894 7
290 2859 329 2886 L:
351 2863 378 2886 et
421 2863 493 2886 eest.

298 2942 346 2974 16.
374 2946 480 2985 Apoc.
499 2943 539 2982 V,
565 2954 590 2974 1.
689 2942 741 2975 26.
770 2943 796 2975 lI
821 2942 915 2975 Tim.
941 2944 980 2983 11,
1006 2953 1038 2987 9.

1743 318 1821 355 297

1570 719 1635 746 The
1657 720 1806 746 §araceus

1612 763 1660 781 are
1682 763 1766 781 more

1565 798 1732 816 numerous
1753 790 1811 816 and

1565 824 1731 858 important
1753 824 1823 851 than

1629 868 1672 885 we
1693 867 1752 886 are.

1595 1939 1652 1967 &Vc
1675 1940 1785 1966 should

1569 1974 1684 2001 believe
1703 1983 1736 2001 as
1758 1975 1809 2002 did

1623 2010 1672 2036 the
1693 2010 1757 2036 first

1597 2044 1781 2072 Christians.
