1986 3380
155 290 234 323 ¹:61)

155 411 257 437 l⁴riars
279 418 342 444 ma)
372 410 418 436 sall

163 445 226 471 into
248 445 350 471 hcresx
380 444 415 470 lu·

155 488 186 505 ox
196 479 329 513 ursatius-1
340 476 342 478 ¹
352 475 410 505 tllc'i
418 487 429 505 r

254 514 326 540 sule.

173 1799 269 1835 Every
293 1806 362 1826 man
385 1798 409 1825 is

217 1834 319 1861 bound
341 1839 371 1860 to

157 1868 286 1896 observo
299 1867 430 1896 Christ‘s

216 1903 370 1930 cnunsels.

721 298 941 330 JOHANNIS
961 298 1143 329 wx'tjllr
1162 299 1416 329 SICRMONIIM
1461 284 1612 341 [SUI-⁸¹0
1636 296 1756 324 XXXV·

504 406 612 440 Item.
651 404 898 450 contingeret
940 403 1140 439 hominm]
1183 418 1266 440 esse
1307 404 1524 440 hereticum
1568 405 1605 440 in
1639 405 1757 441 stabi-

444 461 590 505 liendo,
626 464 904 509 perpetuando
939 471 974 498 ct
1009 461 1126 497 nimis
1160 462 1502 509 sollempnisando
1532 463 1656 510 legem
1683 475 1759 510 que

444 521 492 556 ad
532 529 690 567 tempus
732 520 831 555 foret
873 519 1084 556 catholica.
1132 523 1265 564 Quare
1312 532 1405 567 ergo
1444 533 1525 556 non
1565 520 1758 567 contingit

444 577 583 614 fratres
617 579 665 614 ad
701 586 856 613 tantum
891 577 1242 624 sollempnizantes
1276 590 1367 614 suas
1400 579 1557 625 regulas
1591 587 1627 614 et
1662 578 1760 614 ritus

443 637 549 683 quod
575 637 719 672 cadant
744 635 783 670 in
807 635 1002 671 heresim³
1038 637 1205 671 Possunt
1230 635 1333 672 enim
1358 636 1478 672 nimis
1503 635 1761 683 magnificare

443 706 534 729 suos
581 693 738 729 habitus
786 694 974 740 ponendo
1015 693 1053 728 in
1094 693 1170 728 illi-³
1212 693 1387 729 minimis
1428 693 1612 730 virtutem
1659 695 1759 730 ultra

444 753 517 788 hoc
558 753 664 799 quod
707 750 778 786 suit
818 751 857 786 in
897 751 1098 799 corporali
1139 751 1276 787 habitu
1314 753 1404 788 Jesu
1445 751 1618 797 Christu,
1661 752 1761 788 sicut

444 818 609 857 possunt
635 809 771 845 insane
796 809 1008 845 defendere
1033 810 1139 857 quod
1171 822 1241 846 sua
1265 809 1435 846 tradicio
1459 809 1506 845 sit
1532 808 1762 846 meritorior

443 880 561 915 quam
603 867 773 903 tradicio
813 868 884 903 sub
924 880 1002 915 qua
1042 867 1213 915 apostoli
1256 867 1491 903 militarunt.
1539 869 1586 903 Et
1626 867 1680 904 sic
1715 869 1761 904 de

445 925 609 961 inlinitis
643 924 935 962 tradicionibus
969 938 1045 973 que
1086 925 1246 973 sapiunt
1280 925 1449 961 heresim
1493 925 1758 962 manifestam.

445 983 482 1018 si
518 982 621 1019 enim
663 995 744 1018 non
776 982 868 1019 licet
902 985 974 1019 sub
1008 996 1110 1031 pena
1144 982 1580 1020 excommunicacionis
1614 984 1761 1020 addere

444 1042 501 1077 rel
521 1040 697 1077 minuere
713 1042 762 1077 ad
778 1041 1039 1089 propheciam
1057 1041 1249 1077 ,Iohannis
1266 1043 1404 1090 (Apoc.
1423 1041 1594 1086 ultimo),
1611 1051 1762 1090 quanto

447 1099 570 1145 magis
615 1111 695 1134 non
742 1098 833 1135 licet
875 1099 1177 1136 infundabiliter
1223 1108 1414 1136 onustare
1466 1099 1674 1136 ecclesiam
1724 1099 1761 1135 in

446 1156 590 1203 regulis
629 1170 798 1204 quarum
844 1157 1161 1205 prevaricatores
1195 1157 1356 1194 acucius
1392 1157 1607 1205 puniantur
1641 1170 1761 1205 quam

445 1214 674 1250 omittentes
715 1215 1016 1252 observanciam
1059 1216 1369 1252 mandatorum?
1419 1217 1533 1252 Unde
1571 1214 1631 1266 (ut
1671 1227 1762 1263 sepe

444 1281 625 1309 notatum
663 1270 739 1325 est)
773 1274 907 1321 regule
940 1273 1110 1310 Romani
1144 1273 1347 1321 pontilicis
1380 1273 1534 1309 adiecte
1567 1273 1763 1321 scripture

444 1344 524 1367 non
564 1340 701 1367 carent
740 1332 910 1377 macula,
953 1340 993 1367 ut
1034 1341 1142 1380 patet
1176 1334 1232 1368 De
1266 1331 1481 1379 Rescriptis
1521 1344 1607 1380 cap.
1645 1333 1761 1367 1.X1⁰.

445 1390 488 1424 Si
533 1390 692 1433 duobus,
738 1389 777 1425 in
822 1390 940 1426 Sexto
986 1392 1042 1426 De
1083 1389 1322 1426 Penitenciis
1368 1398 1404 1425 et
1446 1389 1764 1425 Remissionibus

445 1460 531 1495 cap.
557 1447 691 1483 Omnis
713 1447 912 1496 utriusque
932 1459 1051 1484 sexus
1074 1457 1109 1484 et
1126 1449 1182 1484 De
1203 1447 1472 1484 Restitucione
1489 1447 1761 1495 Spoliatorum

446 1517 532 1553 cap.
575 1506 743 1550 Literas,
783 1505 851 1541 ubi
889 1506 1046 1542 videtur
1086 1507 1230 1542 docere
1275 1507 1381 1554 quod
1428 1506 1550 1542 homo
1592 1505 1630 1542 in
1671 1518 1764 1542 casu

446 1563 860 1600 excommunicabitur
893 1577 966 1611 pro
999 1572 1084 1600 tota
1117 1577 1187 1600 sua
1221 1564 1402 1612 periodo,
1437 1563 1530 1612 quia
1568 1576 1648 1600 non
1682 1564 1763 1600 vult

446 1630 585 1657 contra
626 1634 738 1657 suam
780 1621 1074 1658 conscienciam
1116 1622 1319 1659 offendere
1352 1621 1391 1658 in
1424 1623 1614 1659 mandata
1648 1623 1763 1658 deca-

446 1679 537 1727 logi.
584 1681 632 1715 Et
671 1679 726 1715 ita
761 1688 816 1716 est
857 1681 904 1716 de
944 1679 1080 1716 multis
1113 1680 1348 1717 Antichristi
1388 1680 1539 1728 legibus
1579 1681 1627 1716 ad
1662 1692 1762 1716 onus

446 1737 612 1774 ecclesie
644 1738 749 1773 ultra
783 1737 1034 1786 evangelium
1068 1738 1286 1775 seminatis.

504 1795 748 1832 Conceditur
782 1808 875 1844 ergo
909 1797 1016 1844 quod
1049 1796 1180 1833 omnis
1209 1796 1338 1833 viator
1367 1804 1524 1833 tenetur
1553 1797 1764 1832 observare

446 1853 593 1890 Christi
610 1853 776 1890 consilia
796 1862 832 1890 et
852 1853 1080 1902 specialiter
1095 1854 1337 1891 excuciendo
1353 1855 1402 1890 ab
1418 1854 1505 1902 ipso
1522 1853 1764 1890 tradiciones

447 1911 654 1947 hominum
675 1912 724 1947 ad
746 1911 899 1948 facinus
917 1911 1168 1949 inclinantes.
1189 1913 1288 1949 Cum
1311 1911 1415 1949 enim
1432 1911 1598 1948 consilia
1615 1911 1761 1948 Christi

446 1982 526 2006 non
556 1978 645 2005 sunt
675 1969 749 2005 nisi
780 1971 951 2018 quedam
982 1979 1171 2018 precepta
1200 1969 1443 2006 facilitancia
1475 1971 1524 2006 ad
1559 1971 1761 2013 mandata,

448 2029 654 2075 quomodo
675 2036 830 2064 tanturn
855 2027 1131 2075 obligarentur
1152 2028 1288 2065 fideles
1310 2029 1359 2064 ad
1378 2027 1621 2064 tradiciones
1637 2036 1761 2064 secta-

448 2098 534 2121 rum
553 2085 783 2133 dyabolicas
800 2098 879 2122 non
895 2087 944 2122 ad
962 2085 1052 2122 illa?
1070 2086 1186 2122 Multi
1205 2086 1365 2135 quidem
1388 2086 1540 2134 fingunt
1558 2098 1599 2122 se
1617 2089 1795 2134 negare?

447 2143 684 2191 semetipsos
717 2152 754 2180 et
787 2155 946 2180 crucem
986 2157 1100 2180 suam
1142 2145 1283 2181 tollere
1320 2145 1525 2193 sequendo
1560 2143 1762 2181 Christum

449 2211 485 2238 et
524 2210 659 2238 tamen
694 2203 894 2237 ducuntur
932 2201 1167 2239 abscondite
1205 2215 1274 2250 per
1311 2202 1387 2238 iter
1419 2201 1579 2250 dyaboli
1618 2203 1666 2238 ad
1708 2201 1764 2237 in-

449 2259 618 2295 fernum.
651 2261 752 2296 Nam
784 2259 898 2296 multi
922 2260 982 2296 vel
1011 2272 1150 2296 omnes
1181 2261 1228 2297 de
1252 2259 1336 2297 istis
1369 2259 1533 2308 privatis
1557 2259 1764 2296 ordinibus

451 2326 588 2354 carent
612 2317 762 2354 amoris
793 2317 934 2354 ordine
959 2317 1161 2366 diligendo
1185 2318 1310 2366 magis
1342 2317 1527 2366 proprias
1558 2329 1619 2354 res
1643 2330 1761 2366 quam

451 2388 696 2412 communes.
732 2375 829 2421 Quis
860 2375 963 2412 enim
996 2388 1134 2412 eorum
1166 2376 1339 2413 afficitur
1367 2377 1455 2425 plus
1484 2375 1765 2413 communibus

452 2433 565 2469 bonis
619 2433 783 2470 ecclesie
828 2446 948 2482 quam
1000 2433 1115 2470 bonis
1166 2434 1331 2482 privatis
1382 2434 1441 2471 sui
1494 2433 1671 2470 ordinis?
1724 2433 1763 2469 Si

1784 940 1820 960 10

1785 1219 1820 1251 15

1782 1520 1822 1541 20

1782 1799 1820 1831 25

1782 2378 1821 2410 35

452 2487 654 2544 (inquam)
691 2491 816 2539 magis
849 2491 1035 2538 afficitur,
1071 2491 1311 2529 dimittendo
1344 2492 1382 2528 in
1417 2504 1509 2529 casu
1543 2491 1641 2527 ritus
1673 2494 1793 2539 pro-'

522 2633 541 2652 1.
562 2624 602 2652 E:
624 2625 715 2660 ltein3
737 2626 932 2661 transcript.:
953 2626 1007 2653 Ita.
1092 2635 1121 2660 ,1.
1143 2625 1211 2653 DE:
1234 2625 1482 2661 sollempnizare.
1570 2633 1597 2661 7,
1619 2625 1661 2654 D:
1682 2625 1763 2661 quod

452 2660 532 2687 facit.
612 2667 645 2686 11.
667 2661 710 2688 A:
733 2660 814 2688 enim
836 2661 930 2688 deest.
1014 2668 1052 2688 12.
1072 2661 1116 2688 A:
1138 2661 1182 2688 vel
1204 2665 1329 2696 quanto.
1411 2668 1454 2688 22.
1478 2659 1545 2688 DE:
1567 2661 1645 2688 ultra
1666 2668 1764 2687 suam.

452 2695 497 2722 30.
519 2696 562 2722 A:
586 2703 616 2721 sc
638 2700 751 2722 notare.
849 2694 887 2723 31.
909 2696 982 2723 Ab:
1004 2696 1162 2723 Christum
1184 2695 1278 2723 deest.
1376 2694 1420 2729 31.
1443 2696 1487 2723 A:
1510 2695 1608 2730 magis
1630 2695 1765 2731 propriis

455 2730 650 2757 rcl'ccciones.
673 2730 763 2764 Quis.
786 2730 828 2757 1›:
853 2739 944 2766 quam
967 2731 1060 2758 deest.

528 2825 577 2857 18.
606 2827 704 2857 Decr.
731 2825 836 2865 Greg.
865 2827 921 2861 lx,
949 2826 1006 2858 lib.
1033 2826 1074 2866 II,
1100 2825 1149 2858 tit.
1178 2826 1332 2865 XXVIII,
1361 2835 1433 2867 cap.
1462 2836 1492 2867 7.
1589 2836 1637 2868 ¹9·
1666 2824 1764 2856 Decr.

455 2872 556 2913 (Jreg.
587 2872 641 2908 IX.
669 2872 727 2904 lib.
749 2873 786 2912 V,
815 2873 862 2904 tir.
891 2873 1041 2912 XXVIII,
1071 2883 1144 2915 cap.
1178 2883 1225 2904 12.
1349 2880 1403 2907 20,
1434 2873 1530 2903 Decr.
1559 2872 1680 2912 Gregr.
1708 2871 1765 2909 lx,

460 2919 516 2949 lib.
546 2919 583 2959 Il,
609 2919 658 2950 tit.
687 2918 774 2958 Xlll,
803 2929 874 2960 cap.
902 2918 949 2951 13.
