1986 3380
183 299 318 327 SERMo
340 287 423 345 xv]
656 300 868 333 SECUNDA
897 301 949 332 ΡΑ
958 301 1022 334 RS.

184 407 370 445 dominus
407 408 518 443 Jesus
557 405 738 442 Christus
786 406 925 454 plenus
970 406 1102 454 gracie
1147 416 1184 443 et
1227 407 1404 444 veritatis
1450 410 1496 445 de

184 465 335 514 Spiritu
359 466 506 502 Sancto
530 476 648 513 quem
683 463 813 501 mittet
845 463 1049 512 divinitus)
1084 465 1300 512 prophetat
1333 466 1497 502 ecclesie

184 525 251 560 sed
297 535 408 559 more
452 535 522 558 suo
567 521 795 570 prorumpit
840 521 880 557 in
918 523 1078 558 laudem
1119 522 1209 559 Dei:
1254 524 1497 569 Benedictus,

184 581 326 629 inquit,
352 581 527 617 dominus
550 581 657 616 Deus
682 580 818 625 Israel,
853 580 928 616 hoc
953 589 1022 616 est.
1046 580 1222 616 virorum
1248 594 1346 629 pure
1370 583 1496 618 Deum

151 639 223 675 5in
256 640 340 686 lege
373 651 444 675 sua
474 637 714 683 videncium,
749 637 842 686 quia
871 638 1086 674 destructis
1110 638 1401 675 tradicionibus
1425 639 1498 675 sibi

184 696 364 734 obnoxiis
388 696 610 733 adinventis
634 696 800 731 visitavit
821 708 891 743 per
908 696 1082 743 graciam
1108 706 1143 732 et
1160 696 1330 733 redemit
1345 697 1500 733 noviter

184 768 297 792 suam
328 754 550 791 ecclesiam.
582 756 630 789 Et
653 753 807 790 utinam
832 752 1039 790 videamus
1072 767 1163 790 cum
1194 754 1284 790 filiis
1314 755 1499 791 desiderii

184 813 304 849 istum
339 811 458 849 diem.

242 873 289 906 Et
313 879 407 907 nota
426 871 533 918 quod
551 869 628 906 tria
646 878 736 906 sunt
756 869 912 906 cantica
931 882 1007 918 que
1025 869 1303 918 sollempnisat
1319 870 1499 911 ecclesia,

131 941 168 962 10
183 928 359 977 primum
383 928 422 963 in
437 927 611 975 vesperis
627 929 734 977 quod
759 936 816 963 est
840 927 978 964 matris
994 927 1168 969 Domini,
1194 929 1288 964 dum
1314 930 1500 965 decantat

184 986 414 1036 Alagnificat
451 986 578 1021 anima
622 998 704 1022 mea
737 986 961 1028 Dominum,
1001 985 1095 1034 quia
1135 987 1206 1022 hec
1243 986 1391 1022 femina
1429 987 1500 1022 fuit

183 1043 426 1092 principium
444 1043 739 1092 redempcionis
758 1043 860 1080 inter
878 1055 1037 1085 omnes:
1062 1045 1281 1080 secundum
1299 1044 1500 1081 canticum

184 1111 242 1139 est
275 1101 486 1150 Symeonis
525 1101 680 1151 antiqui
720 1103 829 1149 quod
868 1103 1224 1149 advesperascente
1264 1101 1326 1138 die
1367 1112 1501 1139 cantat

185 1161 234 1197 ad
274 1159 584 1208 completorium
625 1159 829 1196 ultimate:
864 1160 976 1196 Nunc
1010 1160 1169 1196 dimittis
1207 1173 1361 1196 servum
1395 1168 1501 1196 tuum

132 1221 168 1252 15
184 1218 350 1254 Domine
369 1218 577 1254 secundnm
601 1219 757 1254 verbum
779 1225 885 1253 tuum
907 1218 942 1253 in
953 1230 1063 1267 pace,
1079 1227 1121 1253 ut
1143 1230 1233 1254 cum
1256 1218 1501 1266 attingamus

185 1277 235 1313 ad
275 1275 614 1324 peregrinacionis
651 1276 883 1321 terminum,
923 1275 1077 1312 utinam
1119 1276 1424 1313 introducamur
1461 1276 1502 1313 in

185 1333 463 1382 purgatorium
510 1342 547 1370 et
591 1334 631 1370 in
676 1334 818 1370 celum.
871 1335 948 1370 Sed
986 1333 1154 1370 tercium
1203 1334 1404 1371 canticum
1444 1345 1501 1371 est

184 1392 377 1428 Zacharie
415 1391 569 1440 antiqui
608 1391 762 1428 dierum
797 1391 864 1440 qui
904 1400 960 1428 est
1000 1391 1189 1428 auxilium
1224 1392 1378 1428 domini
1411 1395 1501 1429 Jesu

185 1449 346 1494 Christi,
372 1458 409 1485 et
437 1449 534 1497 ipse,
561 1463 651 1486 cum
675 1449 725 1485 sit
748 1449 990 1497 principium
1017 1458 1053 1486 et
1078 1450 1179 1495 finis,
1204 1452 1271 1487 dat
1296 1450 1502 1487 matutinis

130 1520 168 1542 20
185 1507 350 1544 ecclesie
396 1508 738 1555 complementum
785 1516 822 1543 et
861 1507 1080 1544 introducit
1120 1508 1248 1556 ipsam
1290 1509 1352 1545 die
1392 1510 1500 1545 claro

184 1565 224 1602 in
258 1565 448 1613 gaudium
488 1565 776 1613 sempiternum
811 1565 850 1601 in
884 1579 963 1614 quo
997 1565 1129 1602 dicent
1162 1566 1304 1614 prelati
1339 1567 1499 1614 singuli:

184 1624 393 1660 Benedicta
437 1624 486 1660 sit
528 1631 661 1660 sancta
700 1623 883 1670 Trinitas,
922 1636 997 1672 que
1037 1633 1093 1659 est
1127 1624 1322 1660 Dominus
1363 1624 1501 1661 mundi

184 1694 255 1730 per
284 1682 511 1727 generalem
535 1680 888 1729 gubernacionem,
908 1683 1013 1718 Deus
1036 1693 1106 1729 per
1130 1681 1212 1718 eius
1236 1682 1501 1728 creacionem‚

185 1740 305 1776 Israel
349 1752 419 1787 per
462 1740 713 1788 spiritualem
759 1740 909 1776 cultum
956 1748 993 1776 et
1037 1741 1194 1776 beatam
1241 1740 1500 1777 intuicionem

129 1799 257 1834 25nec
295 1810 377 1834 non
416 1806 453 1834 et
492 1797 657 1835 ecclesie
696 1810 765 1833 sue
803 1797 1073 1846 spiritualium
1113 1797 1400 1834 beneficiorum
1442 1812 1502 1835 ex—

185 1855 444 1901 hibicionem,
485 1855 578 1904 quia
615 1855 787 1892 visitavit
826 1865 869 1891 ut
914 1855 1093 1892 medicus
1132 1868 1202 1904 per
1240 1857 1501 1905 emplastrum

185 1913 483 1950 incarnacionis
513 1922 551 1950 et
574 1914 666 1950 fecit
690 1913 1016 1962 redempcionem
1041 1927 1112 1962 per
1135 1927 1273 1951 curam
1299 1914 1503 1951 meritorie

186 1984 254 2008 sue
297 1971 503 2018 viacionis,
543 1973 611 2009 sed
655 1985 735 2008 non
780 1971 962 2008 omnium
1008 1974 1076 2008 sed
1116 1972 1291 2009 filiorum
1337 1986 1501 2009 suorum

186 2029 449 2078 peculiarium
489 2031 708 2067 secundum
748 2029 1107 2078 predestinacionis
1145 2030 1322 2078 graciam
1362 2030 1501 2079 plebis.

129 2089 172 2122 30
245 2089 380 2125 Restat
395 2087 640 2136 pertinenter
659 2088 818 2124 obicere
837 2097 977 2125 contra
996 2088 1102 2125 dicta
1120 2101 1304 2125 sermone
1320 2089 1503 2137 proximo

187 2147 235 2182 de
279 2155 386 2183 statu
429 2147 490 2182 vel
534 2146 674 2183 ordine
720 2145 959 2192 christiano;
1001 2146 1183 2183 montani
1221 2160 1396 2196 namque
1436 2147 1503 2196 qui

187 2217 309 2251 supra
341 2203 545 2240 Christum
580 2203 788 2241 dominum
829 2217 869 2241 se
903 2205 1094 2241 extollunt
1125 2205 1306 2253 garriunt
1338 2205 1503 2242 omnino

187 2263 295 2310 quod
347 2275 418 2299 sua
461 2262 570 2298 rudis
615 2261 753 2310 religio
797 2271 855 2299 est
899 2262 1121 2310 perfeccior
1165 2276 1286 2311 quam
1338 2263 1504 2312 antiqua

187 2319 326 2368 religio
372 2319 602 2357 christiana.
657 2323 803 2357 Nostra
852 2320 1008 2368 privata
1055 2320 1274 2370 (inquiunt)
1320 2322 1504 2358 observat

130 2378 171 2411 35
187 2378 324 2415 omnia
353 2391 428 2427 que
463 2379 628 2415 mandat
658 2378 874 2415 christiana
910 2378 1049 2427 religio
1079 2388 1116 2415 et
1144 2391 1263 2427 super
1291 2380 1364 2416 hec
1394 2379 1504 2416 addit

187 2449 309 2484 supra
330 2437 455 2473 multa
477 2435 625 2474 Christi
649 2435 818 2473 consilia
836 2449 958 2474 novas
973 2437 1253 2474 observancias
1269 2437 1503 2485 singulares,

187 2506 281 2542 ergo
312 2495 359 2531 de
388 2503 501 2531 tanto
532 2503 589 2531 est
619 2493 773 2531 melior.
808 2496 887 2532 Sed
916 2507 1008 2543 sepe
1038 2495 1189 2532 dictum
1220 2504 1277 2532 est
1307 2497 1357 2532 ad
1386 2495 1503 2533 istam

256 2649 282 2678 3.
302 2652 346 2679 A:
369 2659 427 2678 suo
447 2651 542 2679 deest.
676 2660 704 2688 9.
726 2652 751 2679 t)
774 2652 802 2679 in
826 2660 941 2680 marm:
973 2652 1135 2680 Canticum
1157 2653 1304 2689 evangelii
1326 2653 1436 2687 triplex
1457 2662 1505 2680 so-

187 2685 351 2721 lempnisat
370 2686 507 2713 ecclesia:
528 2686 572 2713 De
591 2686 690 2714 tribus
711 2686 858 2714 Canticis.
888 2673 922 2715 fn
944 2696 1040 2723 marg
1062 2687 1135 2715 inf.:
1163 2688 1329 2724 Approbat
1348 2696 1503 2723 resperas,

187 2720 425 2755 completorium
447 2726 475 2748 et
496 2721 673 2748 matutinas.
755 2729 793 2749 12.
815 2723 859 2750 A:
881 2721 1070 2758 principium
1092 2722 1187 2750 deest.
1262 2723 1301 2751 15.
1323 2722 1393 2750 DE:
1415 2722 1504 2750 attin-

208 2754 304 2789 imus;
332 2755 373 2782 ib.
395 2755 419 2782 Ε
438 2755 469 2783 in
491 2764 605 2791 marg:
626 2763 652 2783 2.
727 2765 765 2790 17.
787 2756 811 2784 E
831 2756 861 2784 in
884 2765 998 2792 marg:
1020 2756 1044 2784 3.
1119 2765 1163 2792 27.
1185 2756 1254 2784 DE:
1276 2756 1504 2784 incarnacionis

209 2794 281 2816 eest.
432 2789 478 2818 30.
501 2791 529 2818 A
548 2790 578 2818 in
600 2799 714 2826 marg:
736 2791 817 2819 Nota
839 2791 1018 2827 sequencia:
1049 2791 1089 2818 ib.
1111 2792 1135 2819 E
1155 2792 1185 2819 in
1207 2800 1273 2819 mar
1298 2801 1322 2820 .:
1346 2791 1502 2819 Obieccio.

185 2822 226 2850 31.
247 2823 272 2850 D
293 2823 323 2851 in
344 2832 459 2859 marg:
489 2824 568 2852 Tres
597 2826 737 2853 raciones
764 2834 820 2860 pro
841 2826 1014 2854 salvacione
1035 2826 1238 2861 religionum:
1268 2800 1297 2854 ,ᾗ
1326 2826 1355 2853 in
1387 2834 1501 2861 marg:

185 2857 268 2885 Nota
288 2858 363 2885 bene
383 2859 577 2887 obiecciones
597 2860 693 2887 factas
714 2860 763 2888 hic
779 2865 885 2888 contra
900 2861 981 2888 dicta
995 2861 1146 2889 Sermone
1161 2860 1306 2896 proximo
1322 2861 1503 2896 precedente

187 2900 257 2930 cnm
279 2893 490 2931 solucionibus
511 2894 688 2922 earundem.
779 2894 826 2929 34.
849 2896 892 2922 A:
913 2895 983 2922 Non
1007 2895 1136 2930 privata.
1221 2894 1265 2923 35.
1286 2896 1315 2922 A
1335 2895 1365 2923 in
1387 2903 1500 2930 marg:

189 2927 291 2954 Prima
310 2927 457 2955 obieccio.
531 2928 575 2963 37.
596 2931 626 2956 A
645 2930 675 2956 in
697 2938 811 2965 marg:
832 2930 1023 2966 Responsio;
1044 2930 1068 2957 E
1089 2930 1118 2957 in
1141 2938 1256 2965 marg:
1277 2929 1415 2957 Solucio.

1712 304 1784 340 107

1541 877 1765 912 Appropriate—

1557 919 1626 938 ness
1648 912 1681 939 ot
1698 912 1748 939 tlte

1531 946 1613 973 three
1633 947 1776 974 canticles

1540 985 1569 1007 to
1590 981 1667 1008 their
1689 982 1772 1016 place

1557 1016 1604 1043 the
1626 1016 1750 1043 service.
