1986 3380
216 311 295 343 404

226 542 382 575 l'erpetuul
405 541 482 567 ulms

243 576 371 616 inte-cled
395 576 466 602 with

329 621 385 640 siu.

247 1704 334 1740 They
355 1702 474 1731 trouble

260 1740 308 1766 the
329 1738 463 1766 Cliurcli.

800 303 1022 336 mammis
1042 302 1223 333 chiir
1243 300 1499 331 sizmioxuixi
1574 285 1728 341 [smnio
1750 295 1813 323 iv.

507 422 543 448 et
583 411 695 448 factis
735 411 881 448 Christi
921 409 1089 445 similius
1131 408 1230 444 soret
1270 408 1365 443 dare
1406 406 1529 442 instar
1571 405 1700 453 pluvie
1739 405 1815 441 ele-

509 469 704 506 mosinam
740 468 1017 516 temporalem.
1067 469 1147 501 Nec
1181 465 1345 501 dubium
1381 463 1476 512 quin
1509 462 1726 500 elemosina
1759 476 1816 498 se·
1858 477 1861 482 ⁸

507 530 636 564 cunda
681 528 779 563 foret
820 525 1019 573 sapiencie
1060 523 1190 559 divine
1230 523 1318 571 plus
1359 522 1528 570 placida.
1582 524 1670 569 Ipsa
1709 519 1812 557 enim

510 595 641 634 posset
687 594 926 633 perpetuare
973 590 1171 630 quotquot
1216 580 1455 617 elemosinas
1501 579 1574 615 sibi
1620 577 1816 627 placuerit

506 646 574 680 sed
607 656 686 679 non
712 642 813 679 fecit.
850 643 950 677 Cum
976 653 1069 688 ergo
1093 639 1211 676 oculo
1245 638 1545 686 simplicissimo
1568 637 1659 673 fecit
1682 635 1817 673 omnia
1835 640 1851 671 5

508 703 612 739 facta
642 714 724 740 sua,
760 709 867 748 patet
899 711 940 735 ex
973 698 1048 734 lide
1072 699 1179 746 quod
1204 697 1294 733 fecit
1319 696 1582 733 rectissimum
1610 704 1647 732 et
1670 693 1820 730 dimisit

507 760 703 808 iniquum.
739 760 837 794 Cum
875 770 968 805 ergo
1002 755 1245 804 possibilitas
1279 754 1368 791 talis
1402 753 1571 802 duplicis
1604 752 1820 789 elemosine

508 817 555 854 sit
590 817 626 853 in
663 817 786 852 libera
820 824 1017 863 potestate
1044 813 1344 850 elemosinantis
1379 814 1579 849 mundane
1612 820 1649 848 et
1682 823 1820 847 secun-

509 877 602 912 dum
638 874 899 911 elemosinam
935 881 1170 921 perpetuam
1206 871 1331 919 magis
1365 869 1599 907 dissimilem
1633 869 1721 918 plus
1755 867 1822 904 eli-

509 934 562 981 git
603 942 638 969 et
679 932 797 968 aliam
839 931 1105 979 temporalem
1146 931 1364 966 secundum
1407 928 1632 965 doctrinam
1673 925 1880 964 Christi10

509 993 631 1036 (Luce
663 991 785 1035 le0)
819 989 911 1026 licet
944 989 1033 1037 plus
1067 987 1221 1025 facilem
1259 986 1439 1032 dimittit,
1474 986 1730 1028 manifestum
1765 992 1822 1020 est

510 1050 617 1098 quod
652 1048 756 1085 fama
790 1047 912 1084 seculi
946 1048 1006 1083 vel
1040 1059 1151 1083 error
1184 1045 1415 1094 ignorancie
1449 1054 1505 1081 est
1539 1044 1577 1080 in
1611 1055 1751 1087 causa3
1786 1050 1823 1078 et

510 1109 614 1143 ultra
648 1105 848 1155 colligitur
881 1107 989 1154 quod
1022 1103 1393 1153 preponderancius
1428 1104 1502 1139 hoc
1536 1102 1627 1139 facit
1660 1109 1825 1150 propter

511 1177 656 1201 nomen
697 1173 732 1200 et
773 1165 968 1200 honorem
1009 1162 1218 1212 proprium
1259 1174 1378 1210 quam
1419 1169 1584 1210 propter
1628 1161 1823 1196 honorem

511 1222 673 1259 Domini
707 1222 1018 1271 acquirendum3
1061 1222 1168 1269 quod
1203 1220 1233 1256 si
1267 1220 1386 1256 faciat
1419 1219 1507 1268 quis
1541 1217 1696 1255 dubitat
1729 1215 1882 1265 quin15

511 1290 639 1317 totum
670 1277 673 1333 Ι
704 1293 849 1329 corpus
882 1292 1066 1328 operum,
1099 1292 1236 1327 ymmo
1269 1286 1353 1315 tota
1386 1275 1660 1325 generacionis
1693 1274 1826 1324 operis
1843 1267 1922 1329 ¹²0¹}

511 1338 710 1376 successio
743 1338 793 1375 sit
826 1338 1038 1387 perversa?
1084 1339 1131 1373 Et
1165 1349 1208 1373 ex
1246 1336 1322 1373 ista
1355 1334 1684 1372 consideracione
1717 1311 1908 1382 patet²²8

512 1398 619 1446 quod
643 1397 752 1433 nulla
776 1395 1052 1445 generacionis
1077 1394 1289 1444 posteritas
1313 1393 1567 1431 continuaret
1589 1401 1825 1441 perpetuam

513 1454 774 1492 elemosinam
820 1467 940 1504 quam
985 1467 1099 1490 suum
1153 1452 1397 1502 principium
1450 1451 1594 1489 stolide
1632 1449 1824 1494 fundavit,

513 1513 606 1563 quia
645 1513 853 1550 manifeste
886 1513 1113 1550 ostenderet
1145 1524 1260 1548 suum
1295 1523 1532 1548 consensum
1566 1510 1615 1546 ad
1649 1519 1826 1545 errorem
1843 1522 1885 1545 20

513 1571 736 1620 predictum
772 1579 809 1608 et
840 1572 1000 1608 laudem
1023 1569 1199 1607 nominis
1232 1582 1300 1606 sue
1322 1567 1598 1618 generacionis
1629 1577 1826 1616 prepone-

514 1639 571 1666 ret
605 1629 771 1666 racioni.

571 1690 619 1724 Et
658 1689 730 1724 hec
769 1696 826 1724 est
867 1699 987 1724 causa
1026 1698 1150 1735 quare
1189 1684 1358 1722 ecclesia
1404 1684 1483 1720 iam
1524 1682 1700 1719 militans
1745 1690 1827 1718 tam

514 1745 674 1794 spissim
715 1754 752 1782 et
795 1745 931 1794 patule
971 1753 1028 1781 est
1072 1744 1272 1793 perplexa.
1328 1741 1504 1788 Quilibet
1548 1740 1654 1778 enim
1701 1738 1829 1776 fidelis

515 1805 628 1840 heres
681 1816 835 1840 errores
888 1802 1075 1851 antiquos
1119 1801 1178 1838 sui
1222 1800 1378 1849 generis
1429 1800 1650 1837 secundum
1702 1798 1828 1846 legem
1846 1802 1885 1835 25

516 1861 678 1899 Domini
711 1862 956 1898 emendaret.
997 1859 1191 1909 Nequicia
1230 1872 1323 1907 ergo
1363 1857 1470 1895 oculi
1511 1866 1566 1894 est
1606 1855 1830 1905 generalius

516 1919 763 1968 predicanda
808 1927 846 1956 et
885 1932 906 1956 a
948 1927 1032 1955 tota
1077 1917 1246 1955 ecclesia
1289 1917 1554 1965 precavenda.
1600 1917 1648 1951 Et
1693 1914 1748 1950 sic
1787 1925 1830 1950 ex

516 1977 723 2026 principiis
764 1977 855 2014 fidei
896 1976 1067 2013 executis
1120 1975 1289 2012 fideliter
1330 1974 1478 2012 Christi
1516 1971 1725 2010 ordinacio
1765 1973 1831 2008 de-

517 2035 678 2072 structis
701 2035 786 2071 istis
808 2034 1054 2071 novitatibus
1078 2034 1306 2082 respiraret.
1342 2032 1452 2078 Quis,
1476 2031 1656 2080 inquam,
1680 2031 1831 2067 habens

516 2094 677 2130 oculum
723 2092 946 2141 simplicem
987 2105 1070 2129 non
1110 2092 1335 2129 intenderet
1375 2090 1486 2127 illam
1527 2087 1830 2126 ordinacionem
1848 2093 1890 2126 30

518 2152 605 2200 plus
638 2151 795 2188 facilem
831 2160 867 2188 et
894 2150 1114 2187 dimitteret
1137 2148 1441 2187 ordinacionem
1464 2147 1671 2197 propriam
1707 2145 1832 2195 magis

517 2209 720 2246 difficilem
780 2218 900 2258 atque
959 2209 1193 2246 erroneam?
1250 2207 1415 2244 Indubie
1473 2205 1639 2256 quilibet
1690 2213 1833 2254 potens

517 2268 719 2304 laboraret
751 2269 801 2304 ad
829 2268 904 2304 hoc
927 2267 1002 2304 nisi
1026 2266 1172 2303 erroris
1196 2265 1406 2302 induracio
1439 2264 1488 2301 sit
1518 2264 1558 2300 in
1588 2275 1722 2300 causa.
1756 2263 1833 2299 Sed

518 2338 594 2374 que
626 2325 667 2362 in
699 2326 774 2362 hoc
808 2325 1016 2363 excusacio
1050 2333 1191 2362 contra
1224 2323 1454 2360 Christum?
1506 2323 1622 2360 Unde
1654 2320 1834 2370 sequitur

518 2383 558 2419 in
586 2383 808 2432 evangelio:
841 2384 932 2420 Vide
964 2395 1061 2434 ergo
1093 2395 1138 2419 ne
1170 2383 1296 2418 lumen
1330 2382 1431 2431 quod
1462 2381 1497 2416 in
1531 2387 1566 2416 te
1595 2387 1650 2416 est
1681 2379 1834 2416 tenebre
1850 2382 1889 2416 35

518 2442 603 2478 sint.
637 2441 818 2479 Christus
852 2441 957 2478 enim
980 2445 1038 2488 (ut
1062 2453 1154 2489 sepe
1177 2439 1328 2476 dictum
1353 2442 1425 2485 est)
1448 2447 1657 2487 tamquam
1680 2437 1834 2485 primus

519 2499 795 2548 philosophus,
837 2499 930 2548 quia
969 2499 1101 2548 prima
1140 2497 1343 2547 sapiencia
1382 2497 1422 2533 in
1461 2497 1679 2542 abstracto,
1717 2502 1834 2532 vocat

519 2557 743 2594 subiectum
792 2557 1023 2595 accidencia
1068 2569 1144 2606 que
1196 2555 1429 2602 informant,
1475 2554 1569 2604 quia
1613 2553 1834 2591 secundum

521 2616 647 2664 legem
683 2628 796 2653 suam
829 2616 984 2652 nullum
1025 2615 1104 2652 tale
1143 2613 1329 2652 accidens
1368 2612 1515 2662 poterit
1553 2623 1624 2661 per
1662 2623 1702 2648 se
1736 2622 1832 2648 esse.

522 2760 527 2765 ¹
591 2734 611 2753 1.
632 2726 676 2753 A:
707 2725 788 2761 quod
810 2725 906 2753 dai-et.
1050 2732 1075 2753 2.
1098 2724 1122 2752 E
1140 2725 1171 2753 in
1193 2732 1308 2760 marg:
1337 2722 1515 2751 Elcmosina
1543 2721 1702 2758 quomodo
1723 2721 1833 2750 danda.

521 2759 550 2799 3:
566 2760 684 2789 Codd.:
705 2761 816 2796 ipsam.
954 2759 981 2794 8,
1004 2768 1032 2796 9.
1053 2760 1128 2788 AD:
1150 2759 1188 2787 Et
1207 2758 1352 2787 secunda.
1498 2764 1536 2785 12.
1558 2758 1603 2785 A:
1624 2757 1707 2785 fama
1728 2756 1832 2784 simili.

522 2798 561 2822 10.
583 2796 627 2823 A:
650 2799 747 2823 totuin
769 2799 878 2822 totum.
983 2802 1024 2831 ¹9-
1045 2795 1091 2823 A:
1112 2794 1156 2822 sic
1175 2794 1362 2827 sundal-unu
1392 2792 1432 2820 ib.
1454 2792 1478 2819 E
1498 2792 1527 2820 in
1550 2800 1664 2827 marg.:
1687 2791 1835 2827 Perpetua

520 2829 687 2857 elemosina
708 2837 768 2857 non
790 2833 835 2857 est
854 2829 1074 2857 continuanda.
1148 2827 1191 2857 23.
1207 2828 1277 2856 DE:
1298 2827 1420 2855 occasio
1441 2827 1512 2854 iam.
1584 2834 1629 2863 27,
1645 2825 1690 2854 28.
1706 2826 1746 2854 E:
1767 2825 1836 2853 istis

522 2864 694 2900 principiis.
768 2863 814 2892 30.
831 2864 899 2892 DE:
921 2864 961 2892 ita
982 2863 1163 2892 intenderet.
1236 2861 1284 2898 34.
1306 2863 1346 2890 13:
1369 2863 1427 2890 hoc
1448 2861 1591 2889 racionis.

593 2923 646 2957 35.
674 2924 838 2957 Matthaei
866 2925 922 2966 VI,
953 2935 1003 2966 24.
