1986 3380
182 287 316 316 SERMO
339 277 465 334 XLVI-l
656 290 867 323 SECUNDA
897 288 1021 320 PARS.
1704 278 1772 314 331

184 406 241 433 est
280 406 390 433 tanta
438 396 579 433 mentis
619 395 887 444 tranquillitas
927 396 1033 443 quod
1079 407 1217 430 omnes
1264 403 1495 441 paterentur

183 454 308 491 eciam
334 455 480 492 Christi
512 454 675 491 iniurias
706 467 778 502 pro
810 453 876 490 illa
905 466 1002 501 pace
1032 452 1209 501 quiecius
1238 451 1493 500 possidenda.

183 514 258 548 Sed
304 512 431 549 fidelis
470 514 585 549 debet
625 524 866 559 cognoscere
905 513 1011 560 quod
1056 510 1129 547 ista
1179 524 1253 558 pax
1293 520 1348 546 est
1388 523 1496 547 mera

183 570 395 615 discordia,
421 571 513 619 quia
537 584 558 606 a
581 570 748 606 servicio
766 570 835 606 Dei
860 582 996 606 vecors
1018 569 1261 605 decidencia.
1293 568 1496 617 Numquid

148 628 381 665 §eredimus
411 628 449 665 in
479 628 789 665 conversacione
814 627 959 664 Christi
990 637 1057 663 aut
1081 628 1164 674 lege
1193 640 1333 674 pacem
1365 626 1497 663 huius-

182 687 291 722 modi
337 700 408 723 nos
452 687 649 722 fundare?
695 688 795 722 Nam
835 685 1001 722 Matthei
1035 687 1105 722 1V0
1140 685 1321 721 Christus
1360 698 1498 733 passus

183 753 240 780 est
273 744 485 793 dupliciter
524 744 689 780 iniurias
729 756 797 780 sue
838 743 1111 789 humanitatis,
1152 745 1219 779 sed
1258 743 1342 780 vice
1375 743 1497 779 tercia

184 804 345 850 quando
370 803 563 852 dyabolus
587 801 754 850 quesivit
787 815 827 838 se
861 802 935 838 coli
970 802 1085 838 latria
1119 810 1234 838 acute
1267 801 1496 849 respondit:

189 861 292 897 Vade
313 869 470 905 satana5
492 869 528 897 et
544 859 709 896 Matthei
726 861 793 905 XO,
815 860 863 905 34
889 869 1056 896 testatur
1072 861 1179 907 quod
1196 873 1267 895 non
1289 860 1386 895 venit
1401 859 1499 895 hanc

126 930 312 968 iopacem
344 919 379 954 in
409 927 556 954 terram
587 919 737 954 mittere
765 919 832 954 sed
859 919 1051 968 gladium,
1087 919 1162 954 hoc
1198 927 1267 963 est7
1295 918 1496 965 pugnandi

182 989 270 1013 cum
289 976 436 1014 Christi
461 976 689 1013 adversario
714 976 950 1013 exercicium
975 976 1216 1012 animosum.
1244 977 1357 1012 Unde
1373 975 1498 1012 tercio

180 1034 220 1071 in
259 1034 444 1082 passione
484 1048 553 1071 sua
594 1046 718 1082 usque
758 1035 804 1070 ad
848 1043 1018 1070 mortem
1065 1034 1229 1071 certavit
1275 1047 1364 1070 cum
1412 1033 1497 1081 ipso
1524 1040 1774 1080 &Vt-aminnio

182 1093 374 1140 dyabolo:
401 1092 503 1129 miro
527 1102 662 1129 tamen
687 1094 809 1128 modo
833 1101 992 1140 oportet
1017 1104 1156 1129 omnes
1180 1092 1327 1129 Christi
1352 1091 1497 1128 milites
1524 1077 1775 1139 ‘¹³⁴¹'ffss‘i2‘ssffissfhc

180 1150 385 1199 paciencie
424 1164 535 1187 arma
575 1151 739 1186 induere
779 1160 815 1186 et
850 1163 960 1186 more
999 1150 1057 1186 sui
1097 1150 1294 1198 paciendo
1327 1150 1496 1186 vincere.

127 1211 163 1242 15
240 1209 431 1254 Quamvis
464 1218 597 1245 autem
633 1208 814 1245 Christus
848 1208 953 1245 dieat
987 1209 1153 1245 Matthei
1188 1210 1255 1253 VO,
1292 1209 1363 1245 25:
1405 1209 1499 1244 Eslo

180 1268 424 1303 consenciens
462 1268 691 1303 adversario
729 1275 792 1302 nto
825 1268 911 1312 cito,
947 1269 1035 1303 dum
1070 1280 1108 1303 es
1140 1268 1174 1303 1'11
1211 1268 1268 1302 νιά
1302 1280 1385 1303 cnm
1420 1267 1499 1309 illo,

182 1324 253 1361 iste
304 1334 439 1362 tamen
490 1337 707 1362 consensus
761 1325 995 1373 intelligitur
1046 1325 1275 1362 adversario
1328 1325 1497 1372 impium

182 1392 409 1431 superante.
445 1383 586 1420 Omnis
621 1383 724 1420 enim
760 1383 907 1419 Christi
941 1383 1126 1432 proditor
1159 1393 1215 1420 est
1248 1383 1499 1420 adversarius

182 1441 280 1489 legis
328 1454 396 1478 sue
436 1451 472 1478 et
511 1443 815 1490 prophetarum,
855 1443 923 1478 sed
963 1442 1144 1478 Christus
1190 1443 1287 1478 dans
1326 1442 1498 1477 formam

125 1511 166 1533 20
183 1511 398 1537 consensus
422 1501 547 1537 salvat
570 1512 728 1548 semper
762 1499 984 1536 dominium
1020 1509 1056 1536 et
1089 1500 1367 1548 superanciam
1403 1499 1499 1547 legis

182 1570 250 1594 sue
295 1566 331 1594 et
368 1559 450 1595 vult
489 1558 608 1594 istum
649 1570 887 1595 consensum
927 1558 1006 1594 cito
1047 1558 1130 1594 fieri
1170 1560 1263 1594 dum
1306 1557 1368 1594 hic
1406 1557 1498 1603 viat,

182 1615 275 1664 quia
306 1625 458 1653 certum
491 1626 547 1652 est
570 1618 677 1665 quod
703 1625 792 1664 post
817 1617 918 1652 hanc
945 1616 1046 1652 viam
1072 1630 1153 1653 non
1178 1617 1244 1653 fiet
1269 1615 1499 1661 concordia,

183 1687 272 1711 cum
319 1675 442 1710 homo
490 1675 539 1711 sit
584 1683 693 1711 extra
738 1683 886 1711 statum
933 1675 1124 1719 merendi,
1167 1684 1203 1711 et
1248 1675 1308 1711 lex
1352 1674 1499 1710 Christi

183 1733 396 1770 adversans
435 1733 569 1769 statim
610 1734 772 1770 tradens
813 1734 1071 1769 decedentem
1113 1734 1377 1781 dampnatum
1420 1741 1500 1768 tor—

126 1790 348 1827 25t0ribus.
384 1793 472 1827 Non
506 1799 637 1839 potest
660 1800 793 1828 autem
828 1790 994 1839 intelligi
1027 1791 1100 1827 iste
1134 1791 1383 1828 adversarius
1417 1803 1499 1827 esse

183 1849 390 1897 dyabolus,
442 1862 532 1886 cum
580 1862 699 1886 nemo
755 1850 871 1886 debet
916 1849 1089 1897 dyabolo
1144 1848 1382 1893 consentire,
1428 1861 1500 1885 nec

182 1915 313 1955 potest
350 1907 518 1955 intelligi
557 1907 786 1956 quicunque
826 1909 947 1944 homo
987 1909 1201 1944 adversans
1240 1907 1368 1952 alteri,
1410 1920 1499 1944 cum

182 1977 275 2014 sepe
315 1967 529 2002 adversans
561 1966 652 2002 talis
686 1966 735 2002 sit
768 1965 809 2002 in
841 1975 954 2014 parte
987 1965 1133 2002 iniusta
1166 1975 1374 2014 tamquam
1409 1967 1502 2013 dya-

184 2024 311 2061 bolus.
346 2025 517 2072 Oportet
550 2036 642 2072 ergo
677 2025 785 2073 quod
818 2024 894 2061 ista
927 2024 1084 2061 locucio
1119 2024 1314 2072 dirigatur
1353 2023 1502 2060 iniusto

127 2082 168 2114 30
182 2081 306 2118 vianti
340 2081 451 2119 cuius
485 2082 736 2119 adversarius
770 2091 827 2119 est
849 2083 909 2118 lex
944 2082 1110 2128 Christi;
1144 2083 1210 2118 illa
1243 2082 1340 2119 enim
1374 2083 1503 2118 tradet

183 2147 219 2176 te
256 2140 373 2176 iudici
409 2148 444 2177 et
481 2140 600 2177 iudex
630 2141 855 2185 tortoribus,
894 2140 925 2177 si
964 2140 1004 2177 in
1036 2140 1097 2177 via
1135 2153 1217 2177 non
1256 2139 1503 2177 consenseris

183 2197 288 2246 parti
321 2211 402 2235 sue.
437 2199 607 2247 Oportet
640 2211 734 2247 ergo
767 2199 892 2246 legem
927 2198 999 2235 Dei
1031 2198 1303 2236 invincibilem
1336 2197 1503 2235 ubilibet

184 2268 387 2305 superare.

241 2316 289 2351 Et
312 2314 416 2351 istud
440 2324 728 2362 cognoscerent
751 2323 962 2364 querentes
991 2314 1156 2363 porcine
1188 2315 1248 2351 vel
1280 2314 1503 2363 proditorie

125 2373 164 2405 35
182 2385 323 2421 pacem
370 2374 522 2418 mundi,
567 2386 660 2409 nam
700 2373 801 2410 sicut
839 2372 1021 2410 subditus
1060 2373 1161 2409 foret
1200 2372 1383 2421 proditor
1422 2372 1502 2421 regi

183 2432 244 2468 vel
274 2444 345 2467 suo
376 2431 542 2468 domino
566 2431 782 2480 temporali
807 2431 874 2480 qui
904 2430 1147 2468 consentiret
1170 2444 1242 2468 suo
1272 2431 1502 2467 adversario

184 2489 224 2525 in
264 2488 417 2526 domini
462 2489 523 2526 sui
567 2488 770 2536 iniuriam,
817 2489 873 2527 sic
912 2489 1140 2526 evidencius
1178 2489 1280 2526 foret
1319 2489 1504 2538 proditor

253 2610 278 2639 3.
295 2611 335 2639 E:
357 2620 428 2639 vera
448 2613 493 2639 vel
514 2620 609 2639 mera.
664 2621 693 2647 4.
710 2613 754 2640 A:
777 2612 961 2640 desidencia.
1019 2612 1046 2640 ὁ.
1063 2612 1131 2639 DE:
1155 2612 1239 2639 modi
1255 2612 1356 2645 deest:
1377 2612 1417 2640 ib.
1433 2612 1503 2640 DE:

184 2654 245 2674 non
265 2646 400 2674 fundari.
455 2646 483 2674 8.
505 2646 653 2683 quesivit:
674 2647 703 2675 A
718 2656 753 2674 ex
768 2655 872 2674 errore
887 2646 1066 2674 scribentis:
1088 2655 1146 2683 que
1161 2651 1241 2674 sunt.
1298 2656 1326 2683 9.
1342 2648 1386 2675 A:
1408 2647 1504 2674 eciam

184 2680 320 2709 Matthei.
377 2689 418 2708 10.
434 2681 458 2708 D
475 2681 506 2709 in
522 2690 636 2718 marg:
659 2681 799 2710 Gladius.
863 2690 895 2710 11.
914 2681 938 2709 E
952 2681 982 2709 in
998 2690 1065 2709 mar
1090 2692 1113 2709 .:
1135 2681 1247 2709 Milites
1263 2681 1378 2710 Christi
1395 2682 1506 2709 debent

184 2715 339 2752 paciencie
354 2724 439 2744 arma
454 2716 590 2744 induere.
647 2716 686 2744 13.
701 2717 745 2746 A:
763 2717 815 2744 sed
831 2724 949 2744 omnes.
1007 2718 1048 2744 16.
1102 2727 1108 2744 :
1124 2716 1154 2744 in
1170 2716 1364 2750 adversario:
1380 2717 1420 2744 ib.
1434 2716 1503 2744 DE:

184 2751 244 2789 cito
265 2749 360 2789 deest.
429 2759 468 2786 17.
484 2751 558 2779 AD:
580 2751 758 2786 intelligitur
779 2751 956 2779 adversario
977 2751 1082 2786 impii:
1104 2751 1144 2778 ib.
1160 2751 1184 2779 E
1198 2751 1227 2779 iu
1244 2759 1358 2786 marg:
1380 2752 1440 2778 Pax
1461 2756 1505 2778 cst

185 2785 351 2812 discordia.
408 2785 451 2813 23.
472 2785 541 2814 DE:
564 2786 657 2813 homo
678 2787 772 2813 deest.
836 2787 875 2814 25.
899 2786 967 2813 DE.-
988 2795 1056 2813 esse
1076 2786 1169 2813 deest.
1226 2794 1272 2818 20.
1295 2786 1318 2813 li
1339 2786 1367 2813 in
1391 2795 1505 2821 marg:

186 2820 245 2847 Lex
275 2824 318 2847 est
349 2819 547 2848 adversarius
577 2820 713 2848 hominis
744 2821 858 2848 iniusti.
979 2820 1026 2856 3³1..
1057 2822 1102 2848 A:
1135 2822 1179 2848 vel
1211 2819 1379 2855 proditorie
1409 2822 1504 2848 deest.

185 2853 226 2882 1³5.
249 2855 272 2881 E
292 2854 321 2881 in
345 2862 457 2889 marg:
479 2855 674 2891 Exemplum.

255 2924 288 2957 9.
315 2914 479 2946 Matthaei
508 2915 564 2952 1v,
597 2926 646 2947 10.
