1986 3380
197 303 276 335 4³0
779 304 1002 337 JOHANNIS
1026 305 1205 336 xx'x'emr
1225 306 1480 339 SERMONUM
1510 293 1662 351 [SERMO
1684 303 1790 332 LVNI-

484 408 674 444 alniacum
708 411 915 459 discipulos
942 420 1030 459 post
1063 425 1113 447 se.
1151 414 1195 447 1⁴31
1229 412 1284 448 sic
1318 414 1365 449 dc
1400 413 1534 449 multis
1569 415 1796 462 propheciis

484 466 666 513 Apostoli
712 481 788 516 que
828 469 1096 516 pertinencias
1135 469 1331 507 verificari
1374 480 1561 518 poterunt
1602 473 1649 508 de
1688 472 1794 508 falsis

484 523 684 561 fratribus.

542 582 748 620 Catholice
781 594 914 620 {uitem
949 593 1081 632 potest
1113 584 1279 633 intelligi
1314 599 1382 633 per
1416 599 1581 634 regnum
1615 588 1791 624 celorum

483 639 630 676 Christi
664 642 832 678 ecclesia
867 642 993 678 eciam
1021 644 1114 678 dum
1151 643 1213 679 hic
1249 643 1406 680 militat.
1447 644 1626 690 Quilibet
1659 650 1825 682 autema

483 698 604 734 homo
651 701 743 735 dum
792 700 853 736 hic
898 700 977 737 viat
1017 710 1073 737 est
1113 702 1235 738 homo
1274 702 1521 750 negociator,
1564 715 1652 739 cum
1690 705 1793 740 Luce

221 759 287 786 le
310 761 391 798 vestrl
415 760 439 787 i>
481 756 601 801 X1X0,
635 757 675 792 13
714 767 833 805 caput
872 757 945 794 sibi
985 758 1200 807 precipiat:
1248 760 1518 810 Negocianzini
1548 762 1637 796 dum
1673 762 1790 797 venio.

206 795 454 857 ¹¹¹⁹'f221-J1'ff‘l'c
482 815 723 861 Negociacio
769 825 902 852 autem
948 816 1064 853 huius
1098 817 1272 853 hominis
1312 817 1382 853 fuit
1422 818 1530 855 circa
1565 819 1790 867 preciosam

482 872 606 919 legem
644 873 804 909 Domini
839 887 914 922 que
938 874 1098 911 inventa
1123 884 1180 911 est
1203 884 1284 912 tam
1310 875 1349 911 in
1372 876 1456 924 lege
1480 876 1646 925 antiqua
1670 890 1788 925 quam

480 942 583 966 nova
616 932 683 967 sed
717 940 885 980 utraque
918 932 1106 969 existente
1139 934 1243 969 bona
1276 934 1334 970 lex
1366 947 1470 971 nova
1502 935 1574 971 fuit
1612 944 1791 983 prestan-
1812 949 1848 970 10

481 988 577 1024 cior.
623 990 671 1024 Et
716 989 802 1037 ipsa
847 999 905 1026 est
949 1003 1027 1027 una
1079 991 1261 1039 preciosa
1313 992 1544 1040 margarita,
1590 993 1682 1041 quia
1728 994 1786 1029 lex

482 1046 641 1082 Domini
687 1047 899 1095 singularis
949 1058 1038 1097 post
1087 1062 1206 1097 quam
1241 1062 1320 1086 non
1354 1052 1541 1087 succedet
1574 1050 1663 1096 alia,
1699 1063 1789 1087 cum

480 1106 698 1141 secundum
745 1115 899 1153 partem
945 1116 1141 1155 perpetuo
1188 1108 1363 1144 manebit
1407 1108 1446 1144 in
1480 1108 1622 1157 patria.
1670 1111 1788 1146 Istam

479 1174 571 1198 vero
606 1163 867 1211 margaritam
902 1164 1107 1202 christiani
1133 1165 1286 1202 avidius
1320 1175 1502 1203 emerunt
1526 1167 1564 1203 in
1587 1166 1790 1215 primitiva

479 1221 659 1267 ecclesia,
694 1234 784 1258 cum
818 1235 892 1270 pro
926 1223 993 1259 illa
1028 1225 1195 1260 emenda
1240 1224 1413 1272 apostoli
1453 1234 1489 1261 et
1528 1237 1667 1261 eorum
1707 1224 1790 1261 veri
1811 1228 1846 1260 15

478 1278 615 1314 vicarii
660 1280 798 1316 onmia
843 1280 1104 1329 reliquerunt,
1154 1283 1318 1330 quando
1362 1282 1433 1319 viri
1480 1282 1653 1331 apostoli
1699 1283 1789 1320 reli-

479 1346 649 1384 querunt
683 1339 861 1374 seculum
898 1340 956 1385 (fut
990 1348 1099 1388 patet
1132 1340 1298 1376 Matthei
1332 1341 1453 1387 X1X0‚
1481 1343 1572 1389 27);
1606 1354 1679 1389 pro
1715 1342 1787 1378 hac

478 1394 557 1431 vita
592 1396 819 1444 evangelica
854 1397 1178 1434 commutacione
1211 1398 1403 1435 laudabili
1444 1399 1571 1447 ipsam
1606 1408 1786 1436 emerant

478 1461 514 1489 et
558 1454 782 1490 habuerunt
828 1455 1047 1492 cordialem
1093 1455 1267 1492 leticiam
1324 1458 1416 1505 (que
1470 1457 1786 1505 diamargariton

478 1510 554 1547 dici
594 1518 740 1560 potest)
787 1522 868 1550 tam
909 1513 948 1549 in
989 1514 1230 1562 martyribus
1271 1523 1312 1550 ut
1352 1514 1392 1552 in
1433 1515 1659 1564 margaritis
1698 1527 1788 1564 per·
1805 1528 1845 1550 20

480 1569 630 1613 foratis,
673 1584 791 1619 quam
838 1571 877 1607 in
923 1572 1218 1609 confessoribus
1263 1581 1304 1608 ut
1348 1572 1388 1609 in
1434 1573 1661 1622 margaritis
1706 1586 1787 1610 non

478 1628 700 1676 perforatis.
748 1629 928 1666 Christus
975 1639 1108 1668 autem
1154 1630 1195 1666 in
1242 1630 1318 1667 isto
1364 1631 1608 1668 commercio
1654 1640 1786 1680 potest

477 1686 554 1723 dici
601 1688 676 1723 due
724 1688 951 1736 margarite,
999 1688 1092 1737 quia
1144 1688 1291 1725 Christi
1344 1689 1530 1726 divinitas
1575 1698 1782 1738 tamquam

477 1744 694 1793 margarita
738 1759 819 1782 non
862 1747 1067 1795 perforata
1111 1759 1157 1783 ac
1192 1746 1275 1783 eius
1308 1747 1537 1784 humanitas
1576 1756 1782 1796 tamquam

476 1803 694 1851 margarita
727 1805 931 1852 perforata
965 1817 1011 1841 ac
1033 1813 1204 1853 utraque
1237 1804 1404 1842 istarum
1429 1814 1486 1842 est
1509 1818 1588 1843 una
1612 1818 1785 1854 persona
1803 1807 1842 1839 25

475 1861 773 1909 preciosissima
813 1875 934 1911 quam
976 1862 1096 1899 Isaias
1135 1871 1252 1899 vocat
1297 1864 1423 1900 vinnm
1463 1871 1498 1900 et
1537 1865 1615 1909 lac3
1663 1876 1784 1913 quam

475 1919 603 1956 viator
636 1919 763 1956 fidelis
797 1929 1007 1968 comparat
1039 1933 1112 1969 pro
1145 1920 1281 1969 precio
1321 1921 1415 1959 satis
1454 1921 1534 1968 vili,
1575 1934 1663 1958 cum
1705 1922 1786 1958 cui·

474 1976 570 2014 libet
594 1977 701 2014 fideli
724 1987 881 2015 tantum
903 1979 1033 2015 valeat
1056 1987 1251 2027 quantum
1282 1981 1439 2017 habeat.
1475 1980 1783 2028 Margaritarum
1835 1988 1839 1993 '

474 2044 607 2072 autem
647 2036 858 2083 generacio
898 2046 1018 2086 atque
1057 2036 1283 2085 proprietas
1322 2047 1489 2086 possunt
1530 2038 1622 2075 huic
1660 2038 1784 2087 lapidi

473 2093 669 2142 adaptari.
1799 2098 1842 2131 30

195 2155 321 2184 l‘arable
341 2157 441 2185 01'1110
529 2152 673 2188 Tercio
712 2152 855 2189 similis
894 2162 951 2190 est
990 2153 1159 2190 ecclesia
1197 2166 1340 2205 sagene
1379 2154 1492 2191 misse
1529 2154 1565 2190 in
1604 2166 1713 2191 mare
1749 2162 1784 2191 et

288 2197 346 2219 ’Μ’
471 2221 522 2246 ex
554 2211 658 2247 omni
686 2223 832 2262 genere
859 2211 1021 2260 piscium
1056 2213 1336 2263 congreganti3
1367 2224 1479 2261 quam
1513 2225 1597 2249 cum
1628 2212 1782 2262 impleta

471 2275 567 2304 esset
610 2270 811 2306 educentes
855 2277 890 2306 et
932 2282 1041 2306 secus
1085 2270 1174 2307 litus
1216 2264 1390 2307 sedentes
1433 2271 1635 2321 elegerunt
1666 2271 1783 2307 bonos

225 2329 409 2372 Thenetis
470 2326 505 2361 in
552 2339 642 2363 vasa
687 2340 770 2373 sua,
815 2327 938 2364 malos
981 2335 1107 2365 autem
1142 2329 1264 2377 foras
1297 2329 1493 2365 miserunt.
1530 2330 1613 2365 Hec
1646 2336 1780 2365 autern
1814 2366 1822 2373 ,

260 2366 375 2394 (”1””5Ῐ’
470 2384 637 2421 ecclesia
661 2398 780 2434 quam
811 2384 814 2436 Ι
845 2385 1094 2434 evangelium
1116 2395 1232 2424 vocat
1255 2399 1422 2435 regnum
1448 2386 1624 2423 celorum
1649 2394 1782 2435 potest
1799 2366 1880 2446 {3³¹¹ss

470 2442 667 2480 catholice
700 2443 868 2492 intelligi
902 2444 1090 2481 dominus
1121 2446 1232 2482 Jesus
1266 2444 1449 2482 Christus
1483 2444 1551 2493 qui
1584 2456 1674 2481 curn
1700 2443 1779 2481 suis

469 2501 687 2549 complexis
726 2510 768 2538 ut
809 2511 904 2548 rete,
952 2502 1124 2539 mittitur
1162 2502 1202 2539 in
1244 2515 1355 2540 mare
1394 2502 1509 2539 huius
1549 2502 1702 2548 mundi,
1743 2511 1780 2539 et

538 2643 558 2662 1.
579 2635 622 2662 A:
646 2638 716 2670 post
736 2643 767 2662 se
787 2635 880 2662 deest.
990 2643 1015 2663 2.
1036 2635 1078 2664 D:
1100 2636 1185 2670 licet:
1206 2635 1353 2664 correxit:
1376 2644 1450 2671 quc;
1481 2636 1520 2663 ib.
1542 2635 1611 2664 DE:
1634 2636 1776 2673 poterint.

467 2678 495 2703 4ι.
512 2668 537 2697 Ε
557 2669 586 2697 ἰη
607 2677 720 2705 marg:
742 2669 921 2698 catholicus
941 2670 1122 2699 intellectus.
1178 2671 1204 2704 5,
1220 2670 1249 2699 6.
1265 2670 1334 2699 DE:
1355 2671 1416 2698 Ista
1436 2675 1536 2698 autem
1557 2671 1684 2699 ccclesia
1703 2671 1777 2699 dum

468 2704 516 2731 hic
537 2704 606 2732 viat.
681 2705 716 2733 15.
739 2704 808 2732 DE:
829 2705 892 2732 veri
914 2705 1008 2733 deest.
1083 2705 1123 2733 16.
1145 2705 1214 2734 DE:
1236 2705 1361 2742 quando
1382 2713 1470 2741 crgo:
1501 2705 1541 2733 ib.
1564 2706 1588 2734 E
1607 2705 1637 2734 in
1660 2714 1774 2745 marga

466 2738 596 2774 limpcio
617 2739 790 2775 margarite.
922 2748 960 2775 17.
983 2740 1051 2768 DE:
1073 2740 1197 2768 Matthei
1218 2740 1313 2768 deest.
1452 2748 1493 2776 19.
1514 2741 1558 2768 A:
1580 2740 1776 2768 diamarnon.

466 2781 510 2800 22.
534 2773 600 2801 DE:
623 2774 652 2801 in
675 2775 742 2801 hoc.
833 2781 880 2808 24.
901 2776 945 2802 A:
968 2783 1028 2802 non
1050 2775 1144 2803 deest.
1235 2782 1282 2810 24,
1303 2775 1344 2803 25.
1365 2775 1410 2802 A:
1431 2775 1497 2803 eius
1516 2790 1549 2794 -
1571 2775 1723 2811 perforata
1743 2783 1777 2803 ac

466 2807 559 2836 deest.
632 2808 675 2837 25.
697 2808 765 2837 DE:
786 2813 960 2844 utrumque.
1034 2817 1078 2845 27.
1094 2811 1138 2838 A:
1160 2809 1218 2838 hoc
1238 2813 1406 2844 comparat.
1481 2816 1528 2846 29.
1544 2810 1589 2838 A:
1611 2810 1668 2838 hoc
1687 2817 1776 2846 gene-

467 2842 559 2870 racio.
632 2842 676 2879 37.
697 2843 740 2871 D:
762 2844 833 2879 reti;
860 2843 901 2871 ib.
923 2843 992 2872 DE:
1013 2844 1100 2872 mari.

537 2926 590 2959 25.
617 2927 658 2959 Is.
684 2928 757 2967 LV,
781 2939 806 2960 1.
906 2927 959 2961 31.
987 2927 1104 2961 Matth.
1131 2928 1219 2967 xm,
1246 2938 1301 2971 47,
1327 2927 1382 2969 48.
