1986 3380
193 1405 224 1430 ln
242 1403 290 1430 [hc
310 1403 465 1438 iudgment

193 1438 230 1464 all
253 1438 335 1465 three
353 1439 466 1464 classes

197 1473 231 1500 os
250 1481 317 1499 men
342 1472 401 1499 will
426 1473 460 1499 bc

223 1507 346 1534 divided
367 1507 431 1534 into

240 1548 300 1570 two
322 1546 415 1577 parts.

773 300 995 333 JOHANNIS
1017 299 1202 332 wvcmr
1222 299 1479 333 SERMONUM
1544 287 1695 344 [sumo
1718 299 1794 327 mx.

482 409 584 443 hunc
630 419 788 443 sensum
835 407 1022 442 dicuntur
1071 406 1308 443 dormitasse
1359 406 1426 455 qui
1477 407 1622 443 mortui
1671 420 1796 456 prope

481 464 584 501 diem
611 464 745 501 iudicii
780 464 818 500 in
853 464 959 500 brevi
984 465 1125 500 horula
1166 477 1235 512 per
1273 465 1575 513 separacionem
1610 465 1741 502 anime
1775 478 1796 502 a

480 535 649 570 corpore
682 522 929 571 quieverunt.
973 522 1030 558 Illi
1063 534 1156 558 vero
1190 522 1377 558 dicuntur
1410 523 1605 559 dormisse
1639 523 1705 571 qui
1739 523 1795 559 di·
1813 549 1874 581 Fol

479 580 653 616 stancius
687 594 708 617 a
742 580 890 617 iudicio
925 580 1033 616 finali
1063 577 1067 632 Ι
1096 589 1185 616 sunt
1220 581 1381 618 mortui.
1423 580 1517 629 quia
1550 581 1796 629 complecius
1813 574 1893 627 2323·

479 647 598 686 atque
641 638 795 675 diucius
836 638 873 673 in
914 637 1155 686 pravacione
1194 637 1268 674 ista
1309 638 1421 687 quasi
1462 638 1500 674 in
1542 639 1646 675 lecto
1687 638 1829 687 quie-5

479 705 629 732 verant.

536 754 646 790 Alius
691 763 824 790 autem
866 765 1002 790 sensus
1043 755 1090 790 de
1130 752 1424 789 dormitacione
1464 763 1500 790 et
1545 753 1794 791 dormicione

480 811 665 859 intelligit
700 811 991 848 dormicionem
1027 811 1276 859 spiritualem
1311 811 1443 848 anime
1467 824 1536 860 per
1570 821 1793 860 peccatum,

480 870 533 906 ita
567 871 673 918 quod
709 869 949 906 dormitacio
983 869 1032 905 sit
1073 882 1242 918 peccare
1274 869 1494 915 venialiter,
1535 879 1576 906 ut
1616 870 1794 906 fecerunt

480 940 619 964 omnes
663 929 879 976 prudentes
923 927 1094 975 virgines
1139 927 1381 975 supradicte,
1422 936 1459 964 et
1504 927 1701 965 dormicio
1745 927 1852 964 sitio

480 995 688 1034 peccatum
724 985 854 1022 finalis
889 985 1184 1034 impenitencie,
1224 985 1325 1022 sicut
1358 995 1623 1034 peccaverunt
1655 998 1795 1022 ornnes

479 1043 649 1091 virgines
701 1044 807 1080 fatue
860 1043 1101 1092 supradicte.
1156 1045 1203 1080 Et
1256 1056 1344 1080 cum
1400 1043 1580 1081 Christus
1625 1045 1673 1080 ab
1719 1043 1794 1080 isto

481 1101 645 1138 denario
678 1101 875 1149 virginum
910 1114 999 1138 cum
1035 1110 1162 1138 matre
1195 1114 1264 1138 sua
1299 1101 1504 1150 excipitur,
1545 1110 1654 1150 patet
1687 1103 1793 1151 quod

479 1172 614 1196 versus
637 1168 693 1196 est
710 1171 845 1196 sensus
869 1159 1119 1207 evangelicus
1142 1161 1361 1196 secundum
1386 1169 1602 1209 utrumque
1625 1159 1792 1196 istorum

480 1230 681 1263 sensuum,
707 1218 814 1265 quod
839 1230 978 1254 omnes
1001 1217 1074 1254 iste
1100 1219 1237 1254 decem
1261 1217 1432 1266 virgines
1455 1218 1794 1266 catagreumatice
1815 1219 1851 1252 15

481 1275 680 1312 intellecte
734 1277 953 1312 secundum
1007 1288 1127 1312 unam
1183 1284 1337 1324 partem
1393 1275 1712 1313 dormitaverunt
1758 1285 1794 1312 et

480 1335 700 1370 secundum
733 1333 852 1370 aliam
890 1333 1152 1370 dormierunt.

539 1393 587 1427 Et
621 1404 663 1428 ex
697 1391 773 1428 isto
811 1400 920 1440 patet
954 1391 1104 1428 dictum
1141 1391 1287 1428 Christi
1321 1391 1487 1428 Matthei
1520 1393 1662 1428 XX1V0
1697 1405 1794 1441 quo-

484 1451 606 1486 modo
639 1449 822 1486 homines
847 1459 961 1486 erunt
994 1449 1033 1486 in
1066 1449 1174 1486 finali
1208 1449 1357 1486 iudicio
1391 1451 1609 1486 secundum
1644 1458 1792 1486 statum

482 1507 681 1556 triplicem
706 1507 897 1556 bipertiti.
924 1507 1097 1553 Quidam
1123 1507 1229 1544 enim
1252 1507 1475 1544 activorum
1498 1509 1558 1544 vel
1582 1509 1640 1554 (ut
1663 1509 1793 1556 placet
1811 1519 1851 1542 20

482 1565 586 1611 aliis)
622 1566 870 1614 prelatorum
904 1565 1076 1602 finaliter
1110 1566 1381 1612 salvabuntur,
1413 1566 1506 1615 quia
1539 1575 1794 1603 assumentur

483 1625 532 1660 ad
566 1623 869 1670 beatitudinem,
911 1632 947 1660 et
980 1624 1056 1660 alie
1093 1632 1135 1660 ut
1167 1623 1338 1672 virgines
1378 1624 1484 1661 fatue
1517 1623 1794 1673 relinquentur

483 1683 532 1718 ad
566 1681 924 1730 dampnacionem3
967 1690 1004 1718 et
1044 1683 1177 1730 quoad
1217 1681 1397 1719 infimam
1439 1690 1593 1730 partem
1629 1681 1794 1719 ecclesie

482 1748 524 1776 ut
569 1740 820 1777 laboratores
871 1748 1037 1788 propter
1081 1739 1386 1776 inferioritatem
1439 1748 1600 1776 notatos
1651 1752 1794 1788 genere

483 1797 655 1834 femineo
689 1797 755 1834 alii
789 1806 1042 1834 assumentur
1081 1799 1130 1834 ad
1170 1797 1460 1835 beatitudinem
1499 1806 1536 1834 et
1576 1797 1644 1834 alii
1677 1797 1795 1834 relin-
1811 1800 1851 1832 25

483 1864 655 1904 quentur
695 1857 745 1892 ad
779 1855 1129 1904 dampnacionem.
1175 1855 1319 1892 Tercio
1352 1868 1445 1892 vero
1479 1857 1613 1904 quoad
1645 1864 1793 1892 statum

486 1912 703 1950 infancium
753 1913 1042 1950 discrecionem
1090 1913 1129 1949 in
1167 1913 1229 1950 via
1273 1926 1354 1950 non
1395 1912 1681 1961 attingencium
1727 1913 1795 1951 alii

484 1980 739 2008 assumentur
780 1973 827 2008 ad
869 1971 1156 2008 beatitudinem
1204 1979 1245 2007 ut
1287 1971 1484 2008 catholice
1523 1971 1713 2020 baptizati
1759 1980 1795 2009 et

484 2029 549 2066 alii
595 2029 872 2078 relinquentur
917 2031 966 2066 ad
1013 2029 1351 2077 dampnacionem
1396 2038 1438 2065 ut
1477 2029 1708 2066 deficientes
1745 2031 1794 2066 ab

484 2086 558 2124 ista
593 2087 883 2136 baptizacione.
940 2087 1005 2124 Isti
1045 2096 1178 2124 autem
1213 2095 1305 2123 sunt
1345 2087 1458 2136 quasi
1498 2086 1537 2123 in
1574 2087 1794 2124 nativitatis
1810 2089 1853 2122 30

483 2157 551 2182 sue
600 2146 746 2182 lectulo
793 2145 1050 2182 dormientes.
1107 2147 1154 2181 Et
1198 2145 1272 2182 iste
1315 2145 1472 2182 videtur
1516 2144 1614 2181 mihi
1658 2158 1795 2182 sensus

485 2203 626 2240 melior
679 2216 797 2252 quam
847 2203 1067 2251 intelligere
1120 2203 1330 2240 existentes
1382 2203 1421 2240 in
1473 2215 1569 2251 agro
1621 2204 1795 2251 prelatos

483 2261 753 2307 solummodo,
795 2273 865 2309 per
898 2261 1106 2298 molitores
1144 2273 1238 2298 vero
1271 2261 1421 2298 activos
1460 2261 1720 2298 solummodo
1760 2270 1796 2298 et

484 2331 553 2367 per
587 2319 831 2356 dormientes
865 2319 904 2356 in
935 2320 1039 2356 lecto
1072 2328 1219 2356 statum
1255 2318 1676 2367 contemplativorum.
1730 2319 1795 2356 Sic

484 2377 588 2413 enim
622 2376 797 2426 primurn
835 2379 1057 2414 membrum
1083 2386 1119 2414 et
1142 2378 1361 2414 secundum
1397 2376 1654 2423 coincideret,
1688 2378 1795 2426 quod
1812 2379 1852 2413 35

485 2435 585 2471 foret
630 2434 911 2472 inconveniens
950 2435 990 2472 in
1034 2434 1331 2484 sapientissimo
1372 2434 1557 2472 divisore.
1610 2436 1667 2472 De
1711 2434 1796 2472 istis

485 2505 577 2540 ergo
617 2493 744 2530 tribus
784 2493 965 2539 statibus,
1007 2492 1159 2530 scilicet
1203 2492 1440 2540 activorum,
1479 2501 1714 2530 neutrorum
1760 2501 1797 2530 et

553 2624 578 2653 3.
600 2626 638 2653 E:
660 2625 703 2653 Illi
725 2625 818 2653 enim.
901 2634 941 2653 10.
964 2625 1034 2653 DE:
1055 2626 1208 2653 dormicio
1229 2630 1283 2654 est.
1367 2634 1408 2657 ιο,
1432 2634 1465 2654 11.
1487 2625 1555 2654 DE:
1578 2626 1617 2654 sit
1659 2630 1795 2654 occatum

483 2660 583 2693 dcem
604 2660 914 2695 1)E:impenitencia.
973 2660 1012 2688 18.
1028 2660 1097 2688 DE:
1115 2660 1225 2689 XXV0.
1282 2668 1328 2688 20.
1346 2660 1601 2696 1³13:d11plice1n;
1623 2661 1630 2689 i
1657 2682 1663 2688 .
1679 2660 1796 2689 Codd.:

483 2695 644 2722 acriorum.
740 2703 779 2722 21.
801 2696 845 2722 A:
867 2700 1078 2723 assumuntur.
1177 2703 1223 2730 24-
1244 2696 1290 2723 A:
1312 2695 1520 2723 inssoritatem.
1618 2696 1660 2723 25.
1682 2696 1725 2724 A:
1747 2695 1796 2724 alii

483 2734 584 2757 autem
605 2734 816 2757 assumuntur.
898 2730 939 2761 25,
961 2729 1007 2757 26.
1030 2729 1098 2757 DE:
1120 2729 1188 2757 aliis
1210 2730 1412 2765 relinquetur;
1434 2730 1458 2757 Ε
1478 2729 1545 2758 aliis
1566 2730 1714 2758 correxit:
1735 2730 1796 2758 alii.

484 2764 530 2791 28.
551 2766 594 2792 A:
617 2768 826 2791 assumuntur.
942 2763 986 2792 30.
1010 2764 1078 2792 DE:
1101 2764 1338 2800 dampnacione.
1456 2763 1495 2792 31.
1517 2764 1585 2793 DE:
1607 2765 1681 2793 mihi
1702 2764 1796 2793 deest.

483 2798 525 2826 33.
548 2798 616 2826 DE:
647 2799 820 2826 solomodo.
972 2797 1018 2833 34.
1041 2799 1108 2826 DE:
1144 2799 1264 2827 lectulo.
1419 2798 1460 2827 35.
1481 2799 1550 2827 DE:
1580 2799 1796 2827 coincidercnt.

483 2832 526 2868 37.
549 2833 616 2860 ms:
639 2833 769 2860 statutis

562 2916 609 2948 18.
638 2916 758 2948 Matth.
788 2917 912 2958 XXIV,
938 2927 995 2958 40,
1020 2927 1076 2959 41.
