1986 3380
127 1302 230 1335 218b.

223 289 357 317 sermo
380 289 470 317 xm.
481 278 491 335 Ῑ
695 292 906 324 securim
934 293 1061 325 PARS.

223 398 369 442 dinem,
400 411 489 434 cum
521 411 601 435 non
629 399 775 435 sufficit
807 400 857 435 ad
885 399 1087 447 sequelam
1119 398 1266 435 Christi
1295 399 1355 434 vel
1380 399 1538 435 humili-

222 465 360 492 tatem.

280 516 328 549 Et
361 514 465 550 istud
499 514 654 550 simiale
689 524 970 562 argumentum
1006 516 1053 550 de
1087 514 1332 550 secularibus
1367 514 1540 550 dominis

223 581 259 607 et
300 572 539 620 patriarchis
586 572 682 619 legis
720 572 864 609 veteris
906 581 962 609 est
1002 581 1084 608 tam
1126 573 1343 620 reprobum
1384 580 1420 608 et
1459 580 1540 608 tam

188 632 337 678 5turpe
362 631 469 678 quod
500 631 667 677 puderet
699 643 980 679 quemcunque
1004 630 1247 667 catholicum
1277 629 1408 678 ipsum
1440 629 1542 666 inter

223 687 447 724 evidencias
486 688 546 724 vel
584 688 739 735 topicas
779 688 1004 725 nominare.
1045 690 1132 725 Stat
1172 687 1277 724 enim
1320 688 1540 724 secularem

222 745 431 782 dominum
455 758 611 781 servare
636 746 905 782 humilitatem
930 759 1006 794 que
1037 755 1093 782 est
1118 754 1348 794 paupertas,
1372 745 1542 782 vivendo

222 803 447 851 coniugam,
479 805 696 852 pugnando
721 817 811 840 cum
836 804 1019 840 hostibus
1044 804 1210 840 ecclesie
1234 813 1270 840 et
1294 804 1542 840 dominando

222 874 267 897 ac
291 863 565 898 consumendo
589 862 751 910 copiose
775 864 822 898 de
854 875 926 898 suo
953 862 1146 901 dominio,
1172 862 1266 910 quia
1289 863 1365 898 hoc
1388 871 1542 910 spectat

169 931 206 951 10
222 920 271 955 ad
301 932 415 956 suum
448 920 639 956 officium.
675 921 752 956 Sed
782 922 990 956 erubescat
1020 920 1201 968 ypocrita
1232 929 1414 956 astruens
1438 920 1543 956 istud

223 978 367 1014 debere
416 979 523 1014 clero
572 988 803 1027 competere
842 988 1008 1027 propter
1048 978 1197 1014 dictam
1238 978 1543 1014 similitudinem

221 1035 433 1072 simialem.
480 1037 619 1072 Clerus
658 1036 761 1073 enim
804 1038 920 1073 debet
954 1050 1036 1073 esse
1070 1036 1109 1072 in
1142 1036 1222 1073 vita
1264 1036 1459 1085 superior,
1494 1037 1543 1072 ad

223 1096 457 1130 merendum
498 1094 787 1131 beatitudinem
836 1094 1010 1131 habilior
1056 1104 1176 1143 atque
1217 1094 1408 1139 securior,
1451 1094 1544 1143 quia

222 1152 382 1188 Christo
422 1152 702 1201 propinquior.
749 1154 826 1189 Sed
868 1162 1124 1190 monstruosa
1157 1153 1394 1201 deturpacio
1433 1151 1545 1189 Anti-

169 1211 203 1242 15
223 1209 360 1246 christi
400 1210 494 1246 facit
527 1219 657 1247 totum
699 1212 961 1248 contrarium.
1004 1213 1110 1247 Deus
1143 1224 1237 1259 ergo
1271 1219 1403 1259 potest
1435 1210 1544 1259 ipsos

135 1258 265 1304 F0¹·ex
304 1268 491 1316 superbia
529 1268 606 1305 luci
637 1266 641 1322 1
670 1269 796 1306 ferina
842 1269 1090 1315 convincere,
1133 1269 1226 1318 quia
1264 1269 1356 1305 licet
1394 1270 1545 1305 lateant

222 1339 261 1362 1n
292 1326 372 1362 suis
401 1327 564 1363 latebris
593 1329 727 1375 quoad
752 1336 923 1376 tempus,
949 1337 1083 1364 tamen
1107 1327 1238 1364 veniet
1262 1328 1358 1373 dies,
1383 1328 1545 1375 quando

223 1385 453 1433 superbiam
508 1398 620 1421 suam
674 1386 796 1422 homo
843 1398 961 1435 quern
1008 1386 1063 1422 sic
1110 1387 1328 1434 reprobant
1373 1385 1546 1422 finaliter

223 1443 431 1479 iudicabit.

167 1511 229 1533 20·
282 1504 363 1537 Nec
397 1510 533 1537 carent
567 1502 806 1549 contagione
839 1501 967 1538 tocius
1001 1501 1166 1538 ecclesie
1200 1501 1423 1547 militantis,
1455 1514 1544 1537 cum

225 1560 272 1595 de
323 1558 492 1595 seculari
544 1559 709 1595 brachio
758 1560 922 1608 quidam
975 1573 1042 1596 eos
1093 1560 1238 1605 fovent,
1284 1560 1465 1596 nutriunt
1510 1568 1547 1595 et

225 1617 454 1663 defendunt,
489 1617 653 1666 quidam
694 1617 904 1654 servicium
947 1620 1055 1667 quod
1088 1621 1172 1655 Deo
1206 1619 1351 1654 debent
1384 1617 1546 1654 racione

224 1675 284 1711 sui
336 1675 504 1711 dominii
554 1675 780 1712 vecorditer
831 1677 1132 1724 pretermittunt
1190 1685 1226 1712 et
1277 1677 1357 1712 fere
1408 1688 1546 1712 omnes

224 1735 357 1782 quoad
387 1733 595 1782 spirituale
624 1734 858 1782 suffragium
889 1736 997 1783 quod
1029 1736 1174 1771 debent
1204 1734 1368 1771 ecclesie
1399 1733 1546 1771 Christi

168 1791 469 1840 25impendere‚
510 1793 683 1828 errando
724 1792 764 1828 in
804 1793 893 1838 fide,
929 1793 1223 1830 consenciendo
1263 1792 1340 1829 illis
1380 1792 1420 1828 in
1452 1792 1544 1835 vita,

223 1849 431 1898 spirituale
464 1850 698 1898 suffragium
732 1852 985 1897 subtrahunt,
1020 1860 1057 1887 et
1080 1851 1136 1887 sic
1171 1850 1396 1887 dominium
1430 1863 1544 1886 suum

223 1921 269 1944 ac
302 1917 543 1956 potestatem
577 1908 798 1954 dimittunt,
832 1909 1146 1946 instruccionem
1180 1922 1294 1946 suam
1328 1909 1366 1945 in
1401 1908 1478 1945 fide
1501 1921 1547 1945 ac

222 1966 554 2003 informacionem
571 1967 698 2015 plebis
722 1966 761 2003 in
778 1967 957 2004 moribus
983 1968 1209 2016 impediunt
1233 1976 1270 2004 et
1294 1967 1544 2015 extinguunt,

224 2033 261 2060 et
294 2024 466 2061 breviter
500 2033 584 2061 tota
617 2025 843 2073 respublica
876 2038 919 2062 ex
951 2026 1026 2062 ista
1059 2026 1193 2063 radice
1231 2025 1378 2062 infecta
1413 2026 1546 2074 quoad

168 2081 209 2112 30
226 2085 354 2119 Deum
390 2091 426 2119 et
459 2082 642 2119 homines
677 2084 916 2120 maculatur.

282 2142 330 2177 Et
362 2140 394 2177 si
426 2140 600 2177 obicitur
632 2143 741 2190 quod
781 2154 922 2178 omnes
956 2151 1132 2179 rectores
1166 2142 1293 2178 eciam
1327 2142 1546 2178 residentes

223 2207 316 2235 sunt
353 2199 409 2235 rei
454 2199 570 2235 huius
615 2199 793 2236 criminis
838 2200 997 2247 dicitur,
1038 2202 1146 2249 quod
1185 2209 1360 2236 rectores
1402 2201 1548 2236 debent

224 2256 539 2305 exproprietarie
579 2257 701 2294 vitam
750 2271 970 2306 pauperem
1009 2259 1139 2296 vivere
1179 2258 1218 2294 in
1264 2257 1471 2295 communi
1511 2266 1549 2294 et

223 2315 279 2352 sic
312 2316 360 2351 de
393 2315 592 2352 alimentis
626 2325 664 2352 et
702 2316 943 2364 tegumentis
977 2316 1159 2365 corporis
1193 2315 1433 2353 contentari.
1468 2318 1549 2352 Nec

167 2372 204 2404 35
222 2374 344 2410 laudo
361 2374 469 2422 quod
492 2374 675 2410 alludunt
690 2383 846 2411 tantum
862 2374 941 2423 legi
954 2375 1092 2421 veteri,
1110 2375 1301 2423 exigendo
1317 2373 1549 2411 oblaciones

225 2440 262 2468 et
295 2431 486 2477 decimas,
521 2432 804 2469 constituendo
838 2433 943 2481 leges
977 2442 1015 2470 et
1048 2432 1282 2470 exacciones
1316 2431 1549 2469 huiusmodi

224 2490 330 2526 ultra
363 2491 438 2527 hoc
467 2492 576 2539 quod
607 2491 680 2527 fuit
710 2490 750 2527 in
782 2491 868 2538 lege
900 2491 1036 2538 veteri,
1062 2491 1155 2540 quia
1188 2490 1409 2539 occupacio
1442 2490 1549 2527 circa

225 2548 457 2585 exacciones
480 2548 711 2585 huiusmodi
736 2548 923 2585 diminuit
946 2551 994 2586 de
1020 2550 1156 2586 debito
1180 2549 1315 2586 officio
1338 2548 1548 2598 pastorali.

225 2609 316 2643 Non
342 2615 480 2643 tamen
508 2607 624 2644 video
654 2607 751 2656 quin
779 2621 881 2656 puro
911 2607 1028 2644 titulo
1059 2607 1277 2644 elemosine
1302 2609 1393 2644 date
1426 2607 1550 2643 libere

166 2663 318 2706 4olicet
363 2664 511 2702 rectori
555 2665 795 2702 elemosinas
840 2666 1183 2714 parochianorum
1229 2665 1421 2714 recipere,
1468 2677 1550 2702 non

296 2786 320 2814 3.
342 2787 386 2814 A:
409 2792 626 2822 argumentum
647 2788 742 2815 deest.
829 2788 853 2816 5.
874 2789 919 2816 A:
941 2793 1225 2824 quantumcunque.
1302 2796 1339 2815 12.
1360 2787 1429 2815 DE:
1452 2787 1551 2814 clerus

226 2826 339 2849 autem.
465 2830 511 2850 20.
532 2823 576 2850 A:
598 2822 662 2850 Nec
683 2827 766 2850 caret
785 2823 882 2850 deest.
1009 2831 1052 2851 22.
1075 2823 1144 2850 DE:
1189 2823 1240 2851 uid
1263 2823 1353 2850 debet
1373 2821 1549 2849 servicium.

225 2864 270 2892 27.
286 2856 354 2884 DE:
376 2861 427 2884 aut
442 2861 641 2892 potestatem;
662 2857 702 2885 ib.
718 2857 758 2885 E:
781 2858 971 2885 diminuunt.
1046 2865 1090 2893 27,
1106 2859 1150 2885 28.
1205 2868 1210 2885 :
1232 2862 1284 2885 aut
1297 2857 1550 2884 insti-necionem.

225 2890 265 2919 31.
288 2891 312 2919 E
331 2891 361 2918 in
383 2900 497 2927 marg:
528 2892 675 2920 Obieecio
705 2893 742 2919 de
772 2897 891 2920 rectore
923 2893 1085 2928 spirituali.
1194 2892 1240 2928 39.
1263 2892 1332 2919 DE:
1363 2892 1434 2927 quia
1455 2900 1550 2927 puro;

225 2925 250 2953 E
271 2926 302 2953 in
323 2934 420 2961 marg.
443 2935 540 2954 corn:
562 2927 654 2962 quin3
675 2927 716 2954 ib.
738 2927 782 2954 D:
804 2927 888 2955 dato.

1348 2987 1361 3008 2
1369 2986 1389 3006 o

1600 523 1664 550 The
1686 525 1787 559 clergy

1582 559 1690 585 should
1714 559 1770 585 live
1791 567 1807 584 a

1564 593 1668 627 higher
1689 593 1737 620 life
1758 593 1829 619 than

1618 628 1666 654 the
1687 628 1768 663 laity.

1605 1508 1672 1536 The
1693 1508 1794 1544 clergy

1569 1543 1662 1571 infect
1682 1544 1732 1571 the
1753 1544 1835 1579 laity.

1587 2148 1714 2176 Rcctors
1735 2147 1811 2175 have

1620 2188 1671 2210 too
1693 2183 1785 2210 much

1563 2218 1671 2253 regard
1693 2218 1741 2245 for
1761 2217 1838 2245 their

1659 2253 1743 2281 tithe.
