1986 3380
209 278 345 308 semro
366 268 432 325 111]
680 281 893 314 sECUNnA
922 281 1049 313 PARs.

209 387 248 424 in
280 388 544 435 Evangelista,
585 397 621 423 et
666 387 706 423 in
749 400 870 435 opere
909 387 999 423 licet
1036 399 1117 423 non
1155 388 1362 423 voluntate
1403 396 1443 422 ut
1486 387 1523 422 in

210 446 502 482 lnnocentibus.
534 445 717 493 expedito
747 447 794 481 de
824 445 954 493 primo
987 445 1111 481 milite
1135 444 1282 481 Christi
1308 444 1522 480 dicendum

209 513 265 540 est
299 505 346 540 de
380 505 536 540 duobus
569 503 840 551 sequentibus.

268 561 401 598 Primo
446 574 540 610 ergo
584 570 715 609 potest
761 563 836 597 hoc
881 561 1129 609 evangelium
1175 560 1296 596 dividi
1343 559 1381 596 in
1430 560 1524 596 triu:

176 623 250 656 §ln
284 619 413 668 prima
447 628 560 668 parte
588 619 793 668 specificat
818 619 1000 655 Christus
1032 621 1161 663 Petro,
1196 618 1263 667 qui
1297 627 1409 654 terna
1443 618 1526 654 vice

209 678 412 715 confessus
457 687 513 714 est
553 690 594 714 se
634 677 798 725 diligere
832 677 1050 721 Christum,
1085 689 1248 725 pascere
1287 689 1379 712 oves
1421 689 1525 713 suas.

208 738 258 773 ad
291 745 485 784 quantum
520 748 594 784 pro
627 748 764 772 amore
799 748 935 772 earum
971 744 1007 772 et
1037 735 1210 784 qualiter
1239 735 1381 770 debeat
1415 734 1525 782 sequi

209 795 354 844 ipsum.
401 795 572 831 Omnem
621 793 725 829 enim
766 795 1002 830 salvandum
1044 802 1206 841 oportet
1245 792 1356 841 sequi
1396 792 1526 840 ipsum

208 855 268 891 vel
307 854 347 891 in
385 851 573 902 passione
611 852 671 888 vel
710 853 862 906 saltem⁹
887 851 925 887 in
960 851 1150 888 moribus.
1199 850 1238 887 Si
1272 859 1406 886 autem
1440 850 1528 898 quis

155 929 192 949 ιο
208 925 289 949 non
329 910 446 948 fuerit
478 909 692 955 virtuosus,
727 911 934 958 quomodo
969 909 1132 946 intrabit
1165 908 1205 944 in
1238 908 1436 956 patriam?
1481 910 1528 943 Et

209 970 238 1007 si
264 971 320 1007 sic
342 970 543 1006 virtuosus
568 970 774 1017 quomodo
800 968 870 1004 Dei
895 967 1019 1004 virtus
1044 980 1213 1004 causans
1239 975 1275 1003 et
1300 967 1528 1014 exemplans

207 1029 394 1066 virtutem
426 1039 539 1063 suam
570 1039 650 1063 non
681 1026 755 1063 erit
785 1028 861 1062 dux
893 1038 1012 1075 quern
1044 1025 1225 1074 sequitur
1255 1025 1294 1060 in
1325 1024 1528 1060 moribus?

207 1089 255 1124 Et
279 1087 369 1124 ideo
394 1085 495 1122 sicut
512 1084 694 1121 Christus
711 1094 769 1121 est
787 1084 971 1133 primicie
987 1083 1295 1121 dormiencium.
1314 1091 1527 1130 penetrans

207 1145 338 1194 primo
374 1145 517 1188 celum,
547 1142 692 1179 virtute
723 1142 833 1180 cuius
863 1151 1016 1179 tractus
1045 1152 1081 1179 et
1111 1143 1254 1178 ductus
1293 1153 1431 1177 omnes
1461 1140 1525 1176 alii

155 1208 190 1241 15
207 1201 469 1252 predestinati
515 1200 727 1249 rapiuntur
771 1203 820 1238 ad
866 1200 1011 1249 ipsum,
1055 1200 1110 1237 sic
1155 1212 1198 1236 ex
1243 1199 1320 1235 fide
1365 1211 1527 1235 omnem

207 1263 443 1299 salvandum
484 1268 645 1307 oportet
690 1259 801 1308 sequi
841 1259 953 1295 illum
994 1259 1034 1295 in
1075 1257 1252 1295 moribus
1293 1269 1365 1293 nec
1403 1256 1526 1293 alium

207 1329 564 1369 quantumcunque
589 1327 772 1354 sanctum
796 1326 957 1366 oportet
981 1318 1187 1353 attendere
1210 1315 1285 1352 nisi
1310 1316 1357 1351 de
1375 1323 1526 1363 quanto

207 1378 246 1414 in
271 1378 375 1414 facto
399 1374 581 1412 docuerit
604 1375 789 1412 semitam
809 1378 900 1412 Jesu
925 1374 1087 1412 Christi.
1119 1375 1211 1410 Ideo
1235 1373 1331 1410 dicit
1355 1375 1526 1421 Aposto-

207 1438 286 1473 lus:
305 1436 522 1471 Imitatores
544 1434 618 1469 mei
637 1441 767 1479 estote,
787 1434 883 1470 sicut
907 1441 941 1469 et
963 1446 1035 1483 ego
1056 1432 1205 1468 Christi
1218 1433 1347 1468 I.Cor.
1366 1433 1448 1476 ΙΨ),
1467 1432 1525 1466 16.

150 1508 192 1529 20
207 1497 254 1530 Et
283 1494 401 1531 istam
427 1491 674 1529 sentenciam
704 1492 886 1528 enucleat
910 1491 1135 1539 Cyprianus
1166 1499 1328 1537 martyr,
1353 1498 1395 1525 ut
1418 1498 1527 1537 patet

207 1552 246 1588 in
291 1562 444 1589 canone
486 1549 576 1585 dist.
609 1550 715 1586 VIIla
756 1550 800 1585 Si
840 1550 945 1585 solus
984 1549 1163 1584 Christus
1208 1548 1422 1584 audiendus
1460 1554 1526 1583 est.

207 1610 313 1656 Quid
342 1616 503 1658 oportet
533 1607 640 1644 dicta
668 1608 729 1644 vel
759 1608 864 1644 facta
903 1607 1074 1643 aliorum
1116 1607 1335 1649 attendere,
1371 1604 1445 1641 nisi
1480 1606 1528 1640 de

207 1677 359 1717 quanto
394 1674 575 1703 reserant
608 1666 760 1703 scolam
795 1665 971 1703 Christi?

264 1728 332 1763 Est
373 1734 508 1762 autem
549 1723 757 1773 multiplex
795 1724 958 1773 sequela
991 1721 1152 1765 Christi,
1187 1731 1230 1758 ut
1270 1720 1435 1770 quidam
1469 1733 1528 1757 se-

148 1787 189 1820 25
206 1794 384 1834 quuntur
407 1783 539 1833 ipsum
564 1791 647 1819 tam
673 1781 852 1819 moribus
877 1794 998 1831 quam
1025 1780 1218 1829 martyrio
1247 1779 1350 1816 sicut
1374 1781 1526 1824 Petrus,

205 1843 371 1893 quidam
401 1850 535 1879 autem
566 1841 696 1877 solum
730 1841 770 1877 in
803 1840 996 1886 moribus,
1030 1848 1068 1876 et
1101 1838 1266 1888 quidam
1299 1836 1530 1874 deficientes

206 1901 247 1938 in
291 1900 416 1938 tercio
462 1898 577 1947 signo
622 1908 845 1948 sequuntur
888 1898 1020 1947 ipsum
1059 1897 1100 1934 in
1138 1898 1246 1933 nuda
1286 1895 1530 1945 apparencia

206 1969 415 2010 tamquam
436 1957 631 2007 ypocrite,
665 1966 708 1994 ut
739 1957 781 1994 in
812 1957 975 1994 nornine
1007 1968 1080 1993 suo
1111 1955 1275 2004 copiose
1298 1954 1531 2003 possideant

207 2017 447 2055 elemosinas
463 2018 576 2053 datas
592 2015 777 2061 ecclesie;
802 2024 840 2052 et
855 2015 912 2052 illi
934 2023 1025 2052 sunt
1047 2013 1290 2062 multiplices
1310 2013 1531 2049 secundum

151 2079 192 2111 30
207 2077 355 2126 gradus
384 2076 491 2113 scole
521 2083 558 2111 et
586 2073 754 2123 perfidie
776 2072 1027 2110 Antichristi.
1062 2074 1180 2109 Petro
1212 2080 1347 2108 autem
1377 2070 1531 2107 dictum

208 2143 266 2172 est
305 2147 328 2172 a
361 2133 522 2172 Christo
561 2134 671 2182 quod
716 2141 951 2182 sequeretur
995 2143 1086 2168 eum
1130 2129 1264 2179 primo
1310 2130 1444 2175 modo,
1489 2137 1532 2164 ut

207 2192 400 2230 intellexit
431 2201 514 2229 tarn
542 2204 586 2229 ex
613 2191 744 2228 verbis
774 2190 856 2228 oris
885 2202 1007 2239 quarn
1040 2188 1204 2234 mentis;
1238 2196 1275 2224 et
1308 2199 1531 2224 consonum

206 2251 365 2288 videtur
408 2251 517 2301 quod
556 2252 696 2287 Petrus
741 2258 880 2298 pastor
924 2247 1090 2285 ecclesie
1135 2245 1319 2295 figuravit
1364 2245 1530 2290 activos,

206 2310 408 2347 Johannes
453 2317 588 2346 autem
634 2306 983 2356 contemplativos,
1030 2315 1067 2342 et
1112 2305 1243 2354 prima
1289 2303 1370 2341 vita
1409 2303 1452 2340 fit
1491 2302 1530 2339 in

276 2453 306 2479 4.
333 2445 363 2472 A
388 2443 418 2472 in
446 2451 562 2480 marg.:
592 2444 638 2477 A;
668 2442 693 2471 D
723 2442 755 2470 in
784 2449 900 2478 marg.:
931 2440 1035 2468 Prima
1066 2448 1154 2476 pars:
1185 2439 1226 2467 ib.
1247 2438 1316 2467 DE:
1347 2438 1405 2465 hoc
1434 2437 1530 2465 deest.

207 2479 232 2508 5.
253 2480 298 2508 A:
320 2484 406 2507 terna
426 2487 511 2506 voce.
579 2479 607 2506 ὁ.
629 2479 674 2506 A:
697 2482 725 2505 et
746 2485 871 2513 pascere
891 2481 918 2504 et
938 2484 1023 2503 oves.
1090 2483 1131 2502 10.
1152 2475 1197 2502 A:
1219 2474 1249 2502 in
1271 2474 1366 2501 deest.
1434 2481 1468 2500 11.
1485 2473 1529 2500 A:

210 2515 236 2542 si
256 2515 358 2548 deest:
388 2515 429 2542 ib.
449 2515 494 2542 A:
517 2513 678 2550 quomodo
699 2512 794 2540 deest.
905 2519 942 2539 12.
964 2511 1009 2538 A:
1032 2518 1092 2538 non
1115 2510 1217 2543 deest;
1246 2509 1287 2536 ib.
1308 2509 1353 2536 A:
1375 2512 1529 2544 sequetur.

209 2548 247 2577 13.
262 2550 308 2577 A:
330 2554 376 2577 cst
397 2549 491 2577 deest.
568 2557 608 2582 ¹⁴·
631 2547 699 2575 DE:
721 2547 810 2575 cuius
831 2546 944 2574 virtute
966 2566 972 2572 .
990 2566 995 2572 .
1013 2566 1018 2572 .
1037 2567 1042 2572 .
1064 2546 1108 2573 A:
1131 2545 1242 2572 ductus
1263 2543 1367 2577 cuius;
1397 2543 1438 2570 ib.
1460 2542 1528 2569 nli:

207 2592 310 2612 omne.
367 2592 375 2612 ι
400 2605 406 2611 .
429 2585 474 2612 A:
497 2583 526 2611 in
548 2587 675 2619 quanto.
732 2582 772 2610 18.
794 2583 839 2610 A:
861 2581 966 2609 docuit
987 2585 1190 2608 sacramenta.
1247 2587 1289 2614 19.
1304 2579 1349 2606 A:
1372 2578 1470 2606 ICor.
1489 2577 1530 2604 IV

210 2619 313 2652 deest;
342 2619 367 2647 D
405 2629 412 2646 :
433 2619 445 2647 1
465 2619 555 2647 Corr.
578 2618 604 2646 Π
627 2617 766 2646 Correxi.
867 2624 914 2644 20.
936 2617 980 2644 A:
1002 2615 1143 2642 enucliat.
1244 2621 1291 2647 24.
1313 2614 1342 2640 A
1362 2613 1391 2640 in
1414 2620 1528 2646 marga

208 2654 339 2690 sequela
359 2653 473 2682 Christi
496 2654 618 2690 triplex„
641 2661 662 2684 ¹.
684 2660 709 2683 2.
730 2651 762 2684 3:
783 2651 807 2679 Ε
826 2651 856 2679 in
878 2659 990 2685 marg.:
1014 2650 1172 2685 Multiplex
1196 2653 1241 2676 est
1262 2649 1385 2683 sequela
1401 2647 1528 2675 Christi.

207 2688 256 2752 36.
276 2688 317 2717 E:
339 2693 440 2717 autem
463 2689 560 2716 deest.
680 2686 726 2715 30.
748 2688 792 2714 A:
815 2686 898 2714 scole
918 2690 945 2713 et
966 2685 1061 2712 deest.
1189 2683 1232 2712 33.
1252 2685 1296 2711 A:
1318 2691 1388 2710 cum
1413 2683 1529 2710 l’etrus.

226 2733 256 2758 4.
277 2725 322 2752 A:
346 2724 395 2752 sit.

281 2819 335 2841 υ.
381 2808 517 2841 Decreti
563 2807 672 2851 prima
710 2817 801 2848 pars,
844 2806 923 2838 dist.
960 2805 1049 2846 vlu,
1089 2814 1162 2847 cap.
1203 2804 1262 2844 lx,
1301 2813 1340 2835 ex
1380 2801 1528 2844 epistola

209 2854 686 2947 gffi‘lagggfflgocaefflmm,
713 2853 866 2894 Lib-111,
884 2862 926 2896 ep
961 2851 994 2894 3)
1038 2851 1089 2884 Cf.
1111 2851 1333 2893 Trialogum,
1360 2859 1437 2892 pag.
1455 2847 1529 2891 237.

289 2925 309 2943 .,
383 2937 387 2940 ι
492 2926 499 2934 ,

1769 273 1812 308 15

1609 579 1624 596 14
1652 571 1753 597 ‹ltu-m

1567 606 1687 631 teuchus
1710 606 1794 632 l’cter

1556 641 1618 665 lum
1647 645 1676 665 10
1699 641 1804 667 lullow

1639 675 1718 701 lliin.

1550 1729 1633 1757 True
1654 1731 1712 1758 and
1735 1731 1810 1758 salse

1614 1774 1700 1802 ways
1721 1766 1755 1793 of

1605 1800 1763 1836 following

1627 1836 1740 1863 Christ.
