1986 3380
228 284 363 313 SERMO
381 273 566 330 xxxiiii]
700 288 911 319 sEctJNDA
941 288 1067 319 PARS.

288 395 333 429 Et
367 394 396 430 si
421 404 613 442 queratur
647 396 694 429 ad
720 404 912 441 quantum
939 395 1104 440 gradum
1133 395 1247 429 debet
1272 395 1359 442 quis
1394 395 1539 431 instare

228 451 564 499 evangelizacioni
581 461 616 488 et
634 452 813 499 martyrii
838 451 1026 499 passioni,
1053 451 1345 499 diciturquoad
1364 453 1537 500 primum

228 511 348 557 quod,
382 509 483 546 sicut
518 511 638 545 homo
664 519 885 557 apponeret
917 522 1056 545 omnes
1079 509 1180 545 vires
1214 523 1303 546 suas
1337 512 1387 546 ad
1412 512 1537 547 Deum

227 567 487 615 diligendum,
533 567 589 604 sic
634 576 671 603 et
715 577 936 615 apponeret
982 567 1084 604 vires
1123 580 1213 604 suas
1252 570 1300 604 ad
1336 569 1539 605 Christum

194 629 209 660 5
227 625 538 673 predicandum3
572 638 644 661 nec
668 624 913 662 immisceret
938 625 1190 673 propositum
1226 626 1354 662 laudis
1378 627 1541 674 proprie

225 696 298 719 nec
331 683 556 720 intenderet
588 682 806 719 novitatem
849 693 915 719 aut
948 693 1132 720 vocatam
1166 683 1428 720 subtilitatem
1462 698 1540 721 ser-

228 740 457 777 mocinandi
511 741 766 777 introducere
818 743 885 777 sed
941 754 1039 789 pure
1092 741 1286 789 cogitaret
1334 745 1540 790 quomodo

226 800 420 835 honorem
438 798 508 835 Dei
529 808 565 835 et
588 799 803 835 utilitatem
824 799 962 847 populi
985 799 1122 848 apcius
1138 809 1272 848 posset
1287 813 1538 848 promovere,

225 857 420 905 capiendo
444 858 670 905 exemplum
688 870 709 893 a
726 857 886 894 Christo
911 858 977 905 qui
996 862 1053 903 <ut
1069 858 1211 906 legitur
1226 858 1352 895 Marci
1368 861 1451 905 1110,
1471 862 1538 907 20)

172 914 509 952 xoinstantissime
532 914 764 965 predicavit,
789 914 828 951 in
852 925 1008 952 tantum
1034 918 1141 964 quod
1174 929 1255 952 non
1286 917 1440 953 vacavit
1464 917 1540 953 illis

225 974 437 1010 comedere
469 975 529 1011 vel
563 973 674 1009 domi
709 973 928 1022 quiescere.
964 975 1078 1010 Unde
1111 974 1166 1010 sic
1199 974 1405 1011 scribitur:
1445 976 1539 1010 Cum

223 1032 419 1068 audissent
460 1033 521 1069 sui
562 1031 772 1080 discipuli,-
811 1032 990 1068 exierunt
1040 1040 1168 1068 tenere
1211 1045 1316 1072 eum:
1368 1033 1541 1069 dicebant

223 1090 321 1126 enim
375 1091 476 1138 quod
526 1091 561 1126 in
602 1091 789 1139 furorem
844 1103 979 1126 versus
1028 1098 1093 1126 est.
1152 1093 1232 1126 Nec
1283 1090 1375 1127 licet
1425 1104 1540 1128 evan-

224 1148 409 1195 gelizanti
448 1148 598 1185 famam
641 1147 831 1184 auditorii
870 1148 989 1184 nimis
1035 1150 1241 1185 attendere
1279 1149 1339 1185 vel
1385 1162 1538 1191 curare,

171 1205 317 1254 xfiquia
351 1206 529 1253 predicet
563 1207 756 1243 instanter
791 1215 827 1242 et
860 1208 978 1242 oculo
1007 1206 1180 1254 simplici
1203 1208 1382 1247 verbum,
1408 1208 1480 1244 Dei
1504 1217 1540 1245 et

223 1264 302 1300 sive
348 1265 520 1312 populus
560 1264 768 1301 edificetur
800 1265 879 1300 sive
918 1278 1010 1309 non,
1058 1264 1255 1312 premium
1295 1265 1368 1301 sibi
1404 1275 1538 1312 restat,

222 1322 384 1358 eciamsi
417 1323 510 1359 solis
544 1322 745 1371 lapidibus
769 1322 886 1367 (sicut
919 1324 966 1359 de
990 1324 1095 1359 Beda
1119 1322 1276 1370 legitur)
1300 1324 1538 1371 predicaret.

225 1382 338 1417 Unde
372 1383 418 1416 de
453 1381 612 1417 Christo
651 1380 794 1428 legitur
827 1381 967 1419 (Marci
1001 1383 1072 1417 ΙΙΙ0
1105 1381 1172 1417 ubi
1213 1394 1333 1429 supra
1373 1391 1409 1418 et
1448 1395 1540 1431 sepe

223 1438 330 1479 alibi)
356 1441 562 1487 quomodo
586 1439 811 1486 superiores
834 1439 939 1475 iudei
974 1449 1015 1475 ut
1045 1441 1273 1475 sacerdotes
1307 1449 1342 1476 et
1366 1441 1540 1488 pharisei

163 1511 204 1532 20
221 1496 452 1533 nitebantur
475 1497 663 1534 continue
687 1497 941 1545 interpretari
966 1499 1015 1534 ad
1041 1497 1214 1533 deterius
1237 1500 1358 1535 verba
1377 1499 1537 1536 Christi.

222 1554 325 1600 Quid
373 1568 466 1603 ergo
512 1555 541 1591 si
588 1563 771 1603 apostate
815 1557 871 1591 vel
928 1556 993 1591 alii
1048 1556 1209 1603 reprobi
1263 1557 1537 1605 calumpniam

220 1622 437 1660 posuerant
460 1613 712 1650 sermonibus
735 1613 992 1649 orthodoxis:
1026 1616 1125 1650 Nam
1151 1614 1275 1650 Marci
1300 1615 1379 1657 (ubi
1404 1619 1539 1663 supra)

220 1671 274 1707 sic
308 1671 513 1707 scribitur:
553 1672 605 1707 Et
643 1671 766 1707 scribe
804 1672 868 1719 qui
903 1673 948 1707 ab
980 1672 1221 1708 Jerosolimis
1263 1674 1539 1709 descenderant

221 1729 395 1765 dicebant
428 1730 603 1779 qnoniam
637 1730 829 1781 Belzebztb
864 1730 974 1766 habet
1013 1738 1048 1766 et
1081 1730 1166 1778 quia
1200 1731 1235 1766 in
1263 1731 1441 1780 principe
1474 1733 1536 1768 de-

164 1788 435 1824 25moniornnz
481 1789 566 1824 eicit
610 1788 797 1824 demonia.
853 1787 956 1833 Quid
1003 1801 1096 1835 ergo
1149 1801 1262 1825 servo
1308 1789 1456 1826 Christi
1501 1799 1537 1826 et

220 1846 415 1894 apostatis
460 1846 825 1882 scandalizantibus
880 1855 916 1882 et
969 1846 1127 1883 sinistre
1180 1846 1538 1895 interpretantibus

221 1905 325 1941 facta
352 1917 435 1950 sua,
471 1917 561 1941 cum
586 1906 635 1941 ab
659 1904 712 1940 eis
745 1917 826 1940 non
854 1913 1034 1952 expectat
1058 1906 1218 1942 laudem
1242 1906 1302 1942 vel
1336 1906 1533 1953 premium

220 1964 287 1999 sed
321 1975 343 1999 a
377 1962 561 2000 Christo?
594 1964 720 1999 Debet
753 1971 889 1999 tamen
929 1976 1067 1999 cavere
1098 1976 1148 2000 ne
1182 1965 1247 2000 det
1280 1964 1533 2001 occasionem

220 2022 269 2057 ad
309 2020 365 2057 sic
405 2022 651 2069 loquendum
697 2030 733 2057 et
773 2022 909 2058 dolere
948 2023 1055 2070 quod
1095 2031 1278 2070 apostate
1319 2035 1361 2059 ex
1401 2022 1536 2059 innata

163 2085 205 2117 30
221 2079 381 2115 malicia
414 2079 469 2116 sic
502 2080 734 2127 loquuntur.

278 2139 481 2182 Quantum
517 2139 566 2174 ad
599 2138 817 2174 secundam
851 2146 1020 2185 partem,
1056 2139 1103 2174 de
1131 2138 1318 2186 passione
1343 2139 1534 2187 martyrii,

220 2205 372 2231 certum
405 2195 562 2232 videtur
595 2197 702 2244 quod
741 2195 873 2232 omnis
907 2195 1034 2232 fidelis
1074 2197 1190 2232 debet
1223 2197 1409 2233 laborare
1442 2210 1536 2234 con-

220 2253 328 2290 tinue
362 2254 401 2289 in
435 2266 554 2290 causa
589 2263 625 2290 et
660 2253 884 2290 ministerio
907 2253 978 2290 Dei
1013 2254 1072 2290 sui
1107 2263 1143 2290 et
1168 2255 1356 2291 continue
1390 2256 1536 2292 habere

220 2312 582 2360 promptitudinem
616 2313 666 2348 ad
700 2311 942 2360 paciendum
977 2321 1148 2348 mortem
1182 2326 1256 2360 pro
1290 2326 1409 2350 causa
1443 2314 1535 2350 fidei

163 2374 202 2407 35
220 2379 255 2406 et
280 2383 352 2417 pro
377 2370 551 2407 Domino
585 2369 648 2406 cui
682 2369 852 2406 fideliter
885 2369 939 2406 ita
971 2370 1103 2416 servit,
1137 2383 1217 2407 non
1250 2372 1367 2407 debet
1399 2380 1535 2408 tamen

219 2427 406 2465 affectare
435 2428 671 2476 martyrium
706 2428 766 2464 vel
799 2441 880 2464 non
905 2428 1105 2465 declinare
1133 2429 1274 2465 mortis
1296 2429 1534 2478 periculum,

220 2498 309 2522 cum
356 2485 538 2524 Christus
584 2495 620 2523 et
667 2487 848 2523 membra
888 2499 959 2523 sua
1004 2486 1198 2535 precipua
1242 2487 1297 2524 sic
1341 2488 1533 2534 fecerunt,

217 2545 285 2580 sed
318 2543 359 2581 in
390 2544 578 2581 omnibus
610 2544 695 2581 istis
728 2553 888 2593 oportet
911 2557 1067 2582 servare
1101 2545 1311 2582 caritatem
1345 2546 1534 2583 continue

287 2688 306 2706 1.
328 2679 352 2706 E
372 2680 401 2706 in
424 2688 537 2714 marg:
560 2679 700 2714 Questio.
791 2688 820 2714 4.
842 2680 866 2707 E
886 2680 916 2707 in
938 2689 1052 2716 marg:
1080 2680 1116 2708 ad
1140 2689 1158 2708 1.
1252 2682 1280 2714 ὅ,
1323 2702 1328 2707 .
1351 2682 1395 2708 A:
1417 2689 1534 2708 sermo-

218 2713 332 2741 niandi.
388 2722 416 2749 9.
433 2714 550 2742 Codd.:
571 2714 678 2742 Matth.
694 2715 759 2742 1110.
817 2723 858 2742 10.
872 2715 917 2743 A:
940 2715 1000 2743 illis
1014 2715 1112 2743 twice.
1170 2723 1207 2743 12.
1224 2715 1290 2743 Cod
1318 2725 1341 2743 .:
1362 2716 1461 2751 inquit
1476 2716 1534 2744 sui.

217 2748 254 2775 13.
277 2748 349 2776 Ab:
371 2749 452 2776 euim
474 2749 574 2785 quod;
602 2749 642 2776 ib.
664 2749 733 2777 DE:
756 2758 941 2784 conversus:
968 2750 1009 2777 ib.
1031 2751 1075 2778 A:
1096 2751 1165 2778 licet
1185 2751 1278 2778 deest.
1353 2759 1394 2783 14.
1415 2751 1460 2778 A:
1483 2751 1534 2778 ad-

218 2783 332 2811 iutorii.
407 2792 445 2818 17.
462 2784 506 2811 A:
528 2784 564 2811 de
585 2784 685 2817 deest3
713 2784 753 2812 ib.
775 2784 815 2812 E:
836 2793 906 2811 cum
928 2785 1108 2820 predicaret.
1183 2785 1222 2813 18.
1245 2786 1288 2812 A:
1311 2785 1420 2820 legitur
1440 2785 1532 2813 deest.

217 2825 259 2844 22.
280 2819 325 2845 A:
357 2818 525 2854 posuerint.
670 2817 712 2846 23.
735 2820 780 2847 A:
810 2819 847 2846 ab
867 2819 961 2846 deest.
1104 2828 1151 2855 24.
1172 2820 1246 2848 AD:
1277 2820 1348 2855 quia
1370 2820 1532 2847 Belzebub.

216 2852 258 2880 25.
279 2853 348 2880 DE:
370 2853 407 2880 Et
427 2853 501 2888 quid
521 2861 553 2880 er
576 2861 604 2880 0.
723 2852 763 2881 31.
784 2853 808 2881 E
829 2854 859 2881 in
881 2862 994 2890 marg:
1015 2862 1040 2881 2.
1166 2854 1209 2883 35.
1230 2855 1275 2882 A:
1298 2863 1354 2889 pro
1375 2854 1531 2887 dominio:

216 2887 256 2914 ib.
268 2886 293 2914 E
304 2887 333 2914 in
347 2896 460 2926 marg2:
475 2887 550 2915 Fide
564 2896 590 2915 is
601 2887 772 2950 discigulus
784 2889 948 2916 debetesse
963 2889 1105 2917 continue
1120 2890 1280 2925 apostolus
1294 2889 1330 2916 ad
1348 2889 1531 2923 paciendum

217 2930 274 2956 pro
295 2931 350 2950 suo
371 2923 509 2950 dommo.
583 2921 628 2949 38.
650 2923 675 2950 D
742 2924 916 2951 observare.

1749 293 1827 329 ‘279

1611 406 1634 431 A
1660 414 1727 431 man
1751 406 1775 431 is

1575 440 1675 466 bound
1699 444 1728 466 10
1749 440 1815 473 give

1565 474 1600 500 al!
1625 474 1670 500 bi>
1692 475 1827 509 strength

1580 513 1608 535 to
1631 509 1804 544 preaching.

1563 2144 1608 2171 He
1630 2145 1739 2172 should
1762 2145 1825 2172 face

1552 2180 1825 2218 martyrdom,lu1t

1581 2219 1634 2241 not
1654 2222 1743 2243 court
1764 2219 1795 2241 1t.
