1986 3380
164 286 242 331 278

162 416 185 434 2.
209 407 384 434 Ota-dicuut-
407 413 435 432 1«.

227 442 365 476 pre-lates*

197 476 398 504 iurisdiction.

179 1680 205 1708 ’.5.
226 1681 408 1708 Restriction

202 1716 237 1743 of
254 1716 342 1743 cll‘ort
363 1721 393 1743 to

162 1752 239 1779 their
259 1760 328 1779 own
351 1760 430 1779 cure.

701 295 923 327 JOHANNIS
942 295 1125 326 WYCMF
1145 294 1398 328 SERMONUM
1424 281 1575 339 [SERMO
1594 293 1762 321 XXXVIH.

510 403 714 437 sccundus·
749 415 859 437 error
893 411 947 436 est
983 414 1060 448 quo
1086 402 1349 437 excluduntur
1383 403 1697 449 exangelizantes
1721 416 1762 440 ex

452 458 745 495 iurisdiccionis
802 459 1062 497 limitacione,
1117 459 1182 495 ubi
1236 469 1398 507 possent
1451 460 1576 497 eciam
1631 461 1763 497 invitis

452 516 649 565 episcopis
683 518 770 565 plus
794 518 1001 564 prodesse:
1036 530 1127 553 nam
1154 526 1293 554 contra
1319 519 1443 565 legem
1471 519 1540 554 Dei
1575 528 1631 555 est
1655 521 1761 567 quod

451 575 598 620 volens,
645 575 773 611 sciens
819 584 853 610 et
903 576 1050 610 liabens
1095 588 1116 611 a
1163 577 1244 611 Deo
1289 576 1518 624 potenciam
1564 579 1613 613 ad
1657 577 1760 613 istud

451 632 628 669 officium
659 633 707 669 sit
732 634 779 668 ab
804 632 872 668 illo
897 632 935 667 in
959 632 1094 681 aliquo
1119 633 1263 669 Christi
1301 634 1481 670 dominio
1516 635 1759 682 prepeditus.
1782 640 1797 672 5

452 692 542 727 Ideo
581 690 836 726 vendicantes
875 691 973 726 tales
1013 691 1314 727 iurisdicciones
1355 692 1624 730 irracionales.
1672 706 1761 729 cum

451 761 522 785 nec
555 748 626 796 ipsi
663 748 870 796 predicant
904 761 975 784 nec
1011 749 1078 785 Dei
1116 749 1320 785 ministros
1355 750 1504 786 habiles
1537 761 1762 798 acceptant,

451 806 659 854 implicant
694 808 798 854 quod
835 807 945 842 locus
984 819 1051 843 sue
1095 807 1389 844 iurisdiccionis
1422 821 1442 844 a
1478 808 1549 844 Dei
1582 808 1764 845 dominio

451 864 490 900 in
524 864 792 912 principatum
829 865 988 912 dyaboli
1023 873 1079 901 est
1103 874 1320 913 exemptus.
1355 866 1467 902 Fatui
1501 876 1634 902 autem
1670 879 1763 903 con-

450 922 542 958 victi
576 934 694 969 super
718 922 951 969 ignorancia
975 923 1171 971 scripture
1196 924 1254 959 vel
1280 923 1406 959 heresi
1432 925 1575 960 debent
1600 925 1764 961 ubilibet
1784 940 1822 961 10

451 980 604 1016 excludi
643 992 664 1016 a
698 980 990 1028 predicacione.
1043 983 1133 1017 Ideo
1176 982 1233 1016 c'ut
1279 981 1434 1017 ridetur
1480 982 1631 1027 multis)
1675 983 1764 1019 talis

452 1038 681 1074 introducta
726 1037 957 1075 iurisdiccio
1007 1039 1109 1086 sapit
1162 1039 1330 1075 heresim
1385 1049 1421 1076 et
1469 1040 1762 1088 prex-alenciam

452 1095 661 1144 potestatis
706 1096 886 1143 dyaboli;
933 1098 1036 1132 unde
1082 1097 1236 1133 videtur
1283 1097 1376 1133 mibi
1425 1100 1531 1145 quod
1578 1100 1765 1135 sacerdos

451 1154 582 1190 zelans
613 1166 685 1201 pro
718 1154 803 1201 lege
829 1154 989 1190 Domini
1021 1154 1083 1190 cui
1106 1164 1275 1201 negatur
1298 1169 1371 1203 pro
1396 1156 1484 1192 loco
1515 1165 1550 1192 et
1584 1166 1765 1204 tempore

451 1211 680 1260 predicacio
704 1212 811 1247 verbi
840 1212 921 1262 Dei,
955 1213 1070 1248 debet
1095 1226 1218 1261 usque
1242 1215 1288 1249 ad
1317 1213 1542 1260 passionem
1569 1214 1763 1262 martyrii,
1787 1219 1821 1251 15

452 1270 490 1305 in
529 1282 623 1306 casu
663 1283 742 1318 quo
775 1283 853 1306 non
896 1271 1012 1306 debet
1051 1270 1123 1306 sibi
1172 1271 1355 1307 conscius
1394 1272 1667 1320 predicacioni
1706 1274 1765 1309 vel

452 1327 691 1373 hortacioni‚
722 1327 761 1363 in
784 1341 1025 1376 quocunque
1050 1328 1138 1364 loco
1164 1329 1407 1365 auditorium
1434 1330 1579 1366 habere
1604 1330 1762 1378 poterit.

452 1385 645 1422 disserere
677 1387 841 1422 verbum
878 1386 961 1422 Dei.
997 1386 1060 1422 Sic
1095 1387 1197 1422 enim
1234 1387 1416 1424 Christus
1448 1400 1529 1424 non
1562 1389 1690 1424 solun]
1725 1388 1764 1425 in

452 1443 661 1492 synagogis
695 1446 762 1480 sed
796 1444 835 1480 in
859 1444 1032 1480 castellis
1066 1445 1322 1481 constancius
1352 1446 1598 1493 predicabat.
1636 1448 1764 1482 Locus

452 1501 557 1538 enim
592 1514 672 1537 non
706 1502 799 1538 facit
832 1511 1012 1538 sanctum
1050 1504 1243 1550 populum
1278 1505 1343 1539 sed
1380 1513 1556 1540 econtra.
1592 1507 1673 1540 Nec
1707 1504 1764 1540 in-
1782 1520 1823 1541 20

452 1561 638 1596 troducta
671 1569 727 1596 est
761 1559 933 1597 limitata
967 1560 1196 1597 iurisdiccio
1230 1561 1303 1597 nisi
1340 1571 1504 1610 propter
1537 1563 1691 1599 lucrum
1718 1564 1765 1598 de

452 1618 604 1666 populo
637 1617 702 1666 qui
739 1617 888 1654 cesarie
922 1627 978 1654 est
1011 1618 1224 1655 subiectus.

508 1675 675 1712 Tercius
721 1689 833 1712 error
873 1686 930 1712 est
976 1690 1055 1724 quo
1102 1676 1217 1712 multi
1257 1677 1384 1725 ignari
1426 1687 1566 1725 putant
1606 1691 1646 1714 se
1685 1690 1766 1714 non
1783 1707 1844 1738 ΡΟ,

453 1735 597 1770 debere
630 1734 838 1781 predicare
870 1735 929 1770 vel
958 1730 962 1786 Ι
992 1735 1224 1771 benefacere
1257 1736 1406 1783 populo
1440 1736 1506 1784 qui
1539 1749 1560 1772 a
1585 1734 1864 1786 iui·isdic-2152=

453 1790 567 1828 cione
591 1804 662 1828 sua
686 1791 920 1828 excluditur.
946 1794 1044 1828 Nam
1071 1805 1164 1840 sepe
1188 1793 1382 1839 contingit
1406 1795 1512 1842 quod
1538 1794 1767 1841 predicator
1784 1801 1824 1832 25

453 1850 603 1898 populo
638 1849 703 1886 alii
738 1850 909 1898 amplius
933 1850 1153 1897 obligatur:
1189 1850 1278 1887 ideo
1311 1851 1413 1888 sicut
1437 1853 1494 1888 lex
1528 1851 1707 1888 caritatis
1730 1860 1767 1888 et

453 1907 601 1944 amoris
633 1907 783 1955 obligat
816 1909 864 1944 ad
900 1908 1119 1956 quemlibet
1160 1908 1421 1956 diligendum,
1462 1909 1517 1946 sic
1557 1911 1615 1946 lex
1649 1922 1766 1946 eran-

452 1965 707 2013 gelizacionis
746 1966 895 2013 obligat
935 1967 984 2002 ad
1026 1966 1187 2002 cuilibet
1227 1967 1288 2003 cui
1329 1968 1416 2015 plus
1456 1969 1644 2015 prodesse
1678 1968 1766 2016 quis

453 2023 652 2060 sufficeret
698 2023 1001 2071 predicandum.
1047 2024 1172 2060 Aliter
1211 2025 1314 2061 enim
1363 2025 1463 2061 foret
1501 2038 1764 2073 personarum

453 2081 641 2129 accepcio
682 2091 718 2118 et
762 2081 1020 2129 proprietatis
1061 2081 1253 2119 limitacio
1293 2082 1331 2119 in
1377 2082 1529 2119 ambitu
1575 2083 1765 2121 caritatis.
1784 2090 1825 2123 30

454 2141 501 2175 Et
535 2139 634 2175 forte
667 2139 697 2175 si
738 2139 810 2176 iste
849 2139 1049 2176 sentencie
1087 2141 1215 2177 forent
1256 2141 1401 2177 clarius
1440 2150 1612 2187 execute,
1654 2142 1767 2178 iuris-

454 2197 656 2233 dicciones
681 2198 804 2233 multe
830 2199 1020 2234 moderne
1044 2198 1173 2234 forent
1198 2199 1498 2236 racionabiliter
1514 2201 1766 2236 destruende.

454 2258 535 2291 Nec
574 2255 712 2291 dubito
753 2255 849 2303 quin
889 2256 1017 2292 sancti
1056 2256 1229 2304 apostoli
1275 2257 1418 2305 quibus
1463 2267 1553 2294 sunt
1599 2257 1767 2294 limitate

454 2312 657 2360 provincie
690 2314 910 2361 gaudenter
933 2322 1189 2362 acceptarent
1222 2314 1465 2351 adiutorium
1501 2317 1550 2352 ab
1575 2315 1654 2352 alio
1677 2328 1768 2352 coa-

456 2372 614 2419 postolo
648 2373 698 2408 ad
732 2372 926 2420 populum
954 2371 1124 2408 fideliter
1148 2374 1419 2412 edocendum:
1454 2375 1520 2410 sed
1550 2374 1705 2410 lucrum
1731 2379 1824 2411 et35

454 2429 650 2477 spoliacio
682 2429 926 2477 simplicium
963 2438 1019 2466 est
1052 2429 1091 2465 in
1121 2442 1242 2467 causa
1267 2443 1389 2479 quare
1423 2431 1653 2479 acceptacio
1677 2431 1766 2468 talis

455 2486 646 2524 adiutorii
681 2487 799 2524 hodie
833 2496 888 2524 est
924 2496 1169 2536 contempta.

524 2722 544 2741 1.
559 2715 587 2742 A
609 2713 637 2741 in
660 2722 773 2748 marga
796 2714 956 2742 sccundus
971 2723 1073 2743 error:
1094 2715 1118 2742 13
1133 2715 1161 2742 in
1179 2723 1292 2754 marg:
1314 2722 1338 2742 2.
1360 2714 1612 2755 livangclizantes
1633 2724 1667 2743 ex
1688 2715 1766 2743 limi-

454 2748 572 2776 tacione
593 2748 831 2776 iurisdiccionix
905 2748 930 2776 5.
947 2749 1014 2777 lui:
1038 2749 1150 2776 Christi
1173 2749 1310 2777 dommo.
1388 2757 1420 2776 ιι.
1443 2749 1466 2776 l:
1487 2749 1515 2776 in
1538 2758 1651 2785 marga
1671 2749 1767 2777 Juris-

454 2783 552 2810 diccio
573 2783 756 2810 introducta.
815 2783 854 2810 16.
879 2783 945 2810 lili:
969 2792 1028 2810 nou
1051 2784 1136 2811 debet
1159 2793 1235 2811 esse.
1300 2784 1339 2811 ιδ’.
1363 2783 1429 2811 {ll-2:
1452 2792 1596 2812 asserere.
1661 2791 1705 2812 22.
1722 2785 1765 2812 A:

453 2817 593 2845 cessarie.
691 2817 732 2844 223,
755 2818 780 2845 A
804 2818 831 2844 in
856 2826 967 2852 marga
989 2818 1119 2846 'I'crcius
1139 2826 1241 2851 crror;
1263 2818 1285 2846 E
1307 2819 1334 2845 in
1359 2827 1471 2852 marg.:
1494 2817 1523 2856 33
1553 2819 1593 2846 ib,
1614 2820 1660 2847 A:
1682 2819 1764 2854 quod

455 2852 551 2879 multi.
652 2852 695 2885 25,
717 2852 762 2879 26.
785 2852 852 2879 mi:
874 2852 951 2879 Nam
975 2861 1045 2888 sepe
1066 2868 1098 2872 —
1117 2853 1270 2888 obligatur
1290 2853 1384 2880 deest.
1487 2856 1532 2880 20.
1554 2853 1578 2881 E
1599 2853 1627 2881 in
1650 2861 1765 2881 mart:

455 2886 629 2914 l'rcdicator
648 2886 800 2921 obligatur
820 2886 941 2914 cuilibet
963 2887 1119 2922 prodesse.
1215 2888 1261 2915 28.
1283 2888 1327 2916 A:
1350 2887 1419 2924 quis
1440 2888 1532 2916 deest.
1626 2886 1671 2922 34.
1694 2863 1747 2916 bl.

454 2926 659 2956 acceptarunt.
734 2920 774 2950 35.
798 2921 820 2949 15
841 2922 869 2949 in
892 2930 1006 2957 marg:
1026 2921 1116 2950 Nota.
