1986 3380
203 287 339 318 SERMO
361 276 485 335 mx]
670 290 885 324 SECUNDA
912 289 1037 321 PARS.

204 408 240 434 et
286 412 366 435 non
406 399 493 446 plus
538 397 717 446 sequitur
755 396 830 433 nisi
868 409 961 433 vera
999 394 1205 432 conclusio
1248 396 1356 443 quod
1398 397 1520 432 multe

203 456 446 493 tradiciones
481 456 654 492 humane
687 464 778 491 sunt
811 455 950 491 frivole
984 462 1020 490 et
1052 453 1226 489 fallaces.

261 517 308 550 Et
338 523 447 563 patet
481 526 600 562 quarn
630 526 776 549 vanum
807 521 864 549 est
893 514 940 549 de
968 511 1115 548 nostris
1144 510 1357 559 papatibus
1387 511 1521 547 fideles

204 575 458 618 contendere,
500 584 588 608 cum
631 571 744 607 multi
785 583 923 607 eorum
964 571 1011 606 de
1052 568 1232 618 possibili
1266 577 1356 605 sunt
1388 568 1521 616 ydiote

170 631 366 667 Smaximi
396 640 433 667 et
462 629 588 678 ignari
620 642 692 665 nec
723 630 914 665 habentes
945 627 1159 665 scienciam
1185 639 1256 663 nec
1278 634 1521 675 potestatem

203 690 251 725 ad
285 690 501 737 regendum
536 687 759 733 ecclesiam,
794 689 862 723 sed
896 687 1005 723 illam
1030 685 1225 733 contingit
1247 684 1374 721 inesse
1397 684 1521 727 laicis,

202 747 294 783 licet
316 760 397 783 non
429 746 478 783 sit
508 745 614 782 circa
647 745 744 781 illud
767 744 966 781 viantibus
1001 744 1338 781 contendendum.
1373 744 1523 779 Omnes

204 805 308 841 enim
349 804 556 841 christiani
596 805 742 840 debent
787 815 870 839 esse
910 803 1052 839 fratres
1093 810 1129 838 et
1168 801 1266 838 socii
1304 802 1434 838 solum
1468 801 1524 837 sic

205 871 389 899 curantes
413 871 533 911 caput
557 862 722 899 ecclesie
755 862 876 909 (quod
911 869 967 897 est
998 860 1093 908 ipsis
1127 873 1197 908 per
1230 872 1269 896 se
1302 859 1520 906 sufficiens)

149 934 187 956 10
204 921 416 958 dominum
448 922 585 957 Jesum
619 919 837 956 Christum.

262 981 309 1015 Et
324 987 434 1028 patet
449 980 584 1028 quoad
609 979 827 1015 secundam
852 985 1007 1025 partem
1033 975 1142 1012 dubii
1167 977 1275 1024 quod
1295 975 1524 1024 quicunque

204 1050 248 1074 ex
276 1037 411 1086 gracia
435 1037 505 1074 Dei
536 1037 663 1085 magis
692 1035 910 1085 participat
938 1035 1118 1071 virtuoso
1142 1033 1336 1082 regimine
1359 1033 1524 1070 ecclesie

205 1095 413 1133 militantis
445 1095 571 1144 magis
601 1103 752 1143 papatu
781 1093 1012 1142 participat,
1047 1094 1155 1142 quod
1180 1100 1237 1128 est
1260 1091 1523 1140 impertinens

205 1153 396 1191 eleccioni
444 1155 618 1190 humane
663 1154 712 1190 ad
760 1151 1081 1189 distribuendum
1122 1150 1252 1199 spolia
1291 1150 1524 1198 symoniaca

151 1214 439 1250 15vocatorum
474 1211 639 1249 ecclesie
673 1211 965 1248 ministrorum.

262 1272 406 1316 Quoad
441 1271 607 1307 terciam
642 1278 798 1318 partem
834 1268 943 1305 dubii
976 1276 1086 1317 patet
1120 1280 1164 1304 ex
1196 1265 1313 1303 dictis
1347 1265 1521 1303 solucio:

203 1331 309 1365 Deus
355 1329 460 1366 enim
505 1341 588 1366 non
628 1336 740 1365 curat
780 1327 819 1364 in
865 1326 1097 1363 testimonio
1137 1338 1205 1362 sue
1245 1324 1446 1373 sapiencie
1484 1324 1523 1361 in

203 1387 367 1424 nornine
407 1387 528 1424 clavis
568 1388 816 1424 abscondere
855 1393 1132 1434 apostatarum
1174 1383 1340 1420 ficticias
1380 1382 1523 1431 quibus

203 1445 278 1493 ipsi
335 1454 555 1494 potestates
614 1444 883 1481 infundabiles
933 1443 1226 1492 sompniarunt.
1277 1444 1367 1478 Non
1416 1440 1522 1477 enim

148 1516 188 1537 20
203 1503 291 1552 plus
330 1504 510 1552 sequitur
549 1516 592 1540 ex
631 1502 804 1539 termino
847 1502 1018 1539 clavium
1053 1502 1159 1550 quod
1193 1500 1282 1537 talis
1315 1508 1523 1547 reputatus

203 1563 251 1598 ab
292 1562 455 1598 homine
494 1563 639 1598 habeat
680 1562 867 1598 celestem
907 1560 1079 1597 clavium
1119 1566 1360 1607 potestatem
1402 1570 1523 1607 quam

204 1619 235 1655 si
274 1619 349 1656 sibi
386 1620 662 1668 imponeretur
702 1620 810 1668 quod
850 1620 996 1655 habeat
1041 1618 1169 1655 claves
1210 1616 1330 1654 abissi
1368 1628 1524 1652 summe

202 1678 242 1714 in
289 1678 455 1727 propria
499 1686 713 1727 potestate.
760 1679 841 1714 Nec
887 1676 994 1713 credi
1041 1677 1158 1712 debet
1204 1688 1247 1712 ex
1291 1674 1367 1711 isto
1415 1675 1524 1723 quod

201 1736 333 1773 omnis
380 1736 546 1773 moralis
590 1735 716 1774 virtus
760 1735 810 1772 sit
850 1734 1036 1781 sciencia,
1077 1733 1260 1783 quamvis
1302 1734 1521 1770 secundum

143 1797 182 1828 25
200 1794 463 1844 philosophos
496 1807 659 1832 omnem
689 1794 877 1831 virtutem
912 1793 1109 1830 moralem
1144 1791 1398 1841 particularis
1431 1803 1525 1839 pru-

199 1853 341 1890 dencia
374 1853 602 1891 comitetur.

680 2014 874 2055 SERMO
907 2014 1055 2054 XLIX.

261 2134 502 2185 Egrediente
537 2134 627 2170 Jesu
667 2134 714 2170 de
745 2133 887 2183 templo
926 2132 980 2169 ait
1021 2132 1080 2169 illi
1110 2145 1206 2168 unus
1238 2143 1289 2168 ex
1327 2129 1525 2180 discipulis

203 2193 294 2229 suis.
330 2191 456 2229 Marci
489 2193 610 2238 X1110‚
651 2204 683 2229 1.

145 2252 188 2284 30
261 2250 474 2298 Exposicio
508 2249 621 2286 istius
654 2248 847 2298 evangelii
887 2248 995 2286 dicta
1029 2256 1088 2285 est
1120 2250 1315 2285 Sermone
1346 2248 1453 2283 XLIO
1487 2254 1524 2282 et

205 2308 342 2345 multis
375 2308 483 2354 aliis3
518 2310 585 2345 sed
610 2307 835 2356 colligendo
860 2306 1106 2344 sentenciam
1132 2307 1180 2343 de
1208 2305 1343 2342 officio
1377 2312 1525 2352 marty-

208 2380 310 2414 rum,
364 2368 587 2404 notandum
642 2368 750 2415 quod
804 2365 973 2403 ecclesia
1027 2363 1226 2402 catholica
1277 2364 1397 2400 habet
1445 2371 1524 2399 tres

275 2557 302 2595 3,
322 2569 352 2595 4.
372 2560 417 2588 A:
438 2563 484 2587 est
504 2559 540 2587 de
559 2574 593 2578 —
613 2566 682 2587 cum
704 2558 798 2586 deest.
917 2558 941 2586 5.
962 2559 1007 2586 A:
1030 2557 1174 2585 maxime.
1292 2556 1320 2585 6.
1341 2556 1384 2584 D:
1406 2564 1474 2583 esse
1493 2555 1524 2582 in

211 2594 307 2623 laicis.
379 2602 406 2630 7.
427 2595 474 2622 A:
495 2594 650 2622 viantibus
671 2594 766 2621 deest.
849 2601 878 2629 9.
898 2594 943 2621 A:
966 2593 1163 2621 sufficientes.
1244 2599 1283 2620 12.
1304 2592 1349 2619 A:
1369 2590 1523 2624 virtuose;

205 2630 247 2658 ib.
268 2630 293 2657 E
311 2630 342 2657 in
364 2637 480 2665 marga
501 2628 593 2657 Nota.
615 2629 660 2656 De
681 2629 814 2656 clavium
836 2627 1088 2664 participacione.
1221 2627 1259 2655 15.
1280 2627 1325 2654 A:
1347 2634 1414 2653 esse
1434 2625 1525 2653 mini-

206 2669 354 2692 strorum.
469 2663 511 2692 16.
531 2664 556 2692 E
575 2664 606 2692 in
628 2672 743 2699 marg:
765 2663 830 2691 Cur
849 2663 1031 2691 nominatur
1051 2662 1096 2691 sin
1123 2661 1249 2690 ulariter
1269 2660 1363 2689 clavis
1383 2660 1524 2688 sciencie.

205 2699 248 2735 18,
269 2707 312 2736 19.
332 2700 378 2727 A:
400 2699 514 2735 quibus
535 2699 593 2726 sibi
610 2719 616 2725 .
634 2721 640 2726 .
658 2720 663 2726 .
682 2720 687 2725 .
704 2698 928 2734 sompniarent.
1031 2697 1072 2727 18.
1130 2708 1135 2725 :
1179 2705 1246 2725 uas.
1346 2704 1395 2730 24,
1415 2695 1457 2724 25.
1478 2696 1523 2723 A:

206 2734 377 2762 secundum
400 2734 514 2770 plures·
570 2733 616 2762 28.
630 2734 687 2762 Ab
708 2733 740 2762 in
761 2741 876 2769 marg:
897 2733 1006 2761 XLIX.
1067 2731 1114 2761 30.
1136 2733 1161 2760 D
1199 2742 1205 2760 :
1227 2739 1370 2760 sermone
1383 2730 1524 2759 XXXVo.

278 2875 330 2908 28.
358 2875 411 2908 Cf.
439 2874 598 2919 Wyclif's
631 2875 812 2913 sermons,
846 2873 901 2906 ed.
935 2873 980 2917 by
1007 2873 1142 2906 Arnold
1170 2874 1194 2915 1,
1226 2883 1304 2917 pag.
1333 2870 1524 2914 243—248.

209 2921 264 2955 30.
291 2922 344 2956 Cf.
370 2932 480 2966 supra
505 2932 584 2966 pag.
613 2921 690 2965 293.

1343 2977 1384 3010 23

1729 281 1803 319 353

1554 983 1798 1022 ix1;111·s*clt·ction

1576 1053 1580 1057 .
1632 1022 1661 1045 ol
1684 1027 1722 1045 no

1575 1062 1615 1080 lm
1621 1058 1776 1088 portatico.
