1986 3380
232 256 366 284 suffitio
388 245 500 303 xxvj
701 260 915 292 SECUNDA
944 260 1069 292 PARS.

232 368 474 402 tenebratur.
493 369 572 402 Nec
589 376 720 402 movet
736 368 842 414 quod
860 367 916 403 sic
932 376 987 403 est
1005 367 1044 402 in
1061 367 1262 403 defectivis
1278 369 1435 404 statutis
1452 370 1543 405 civi-

231 424 346 468 libus,
372 424 464 472 quia
488 424 588 460 sicut
614 426 695 460 Deo
720 425 959 461 attribuetur
984 435 1071 473 post
1096 425 1200 460 diem
1227 426 1375 470 iudicii,
1406 436 1447 462 ut
1471 428 1541 463 sibi

231 482 438 530 proprium
456 482 601 518 librare
619 482 888 518 melioritatem
907 493 943 519 et
960 483 1231 519 minoritatem
1250 492 1329 519 tam
1351 484 1389 519 in
1406 484 1542 520 trium-

231 541 378 587 phante
403 540 568 576 ecclesia
592 553 711 587 quam
738 541 980 587 dampnatis,
1013 540 1069 576 sic
1100 541 1254 576 videtur
1280 541 1376 576 mihi
1402 543 1543 579 debere

197 599 211 630 5
231 610 313 634 esse
337 611 379 634 ex
404 597 605 633 sentencia
623 598 769 634 Christi
791 601 909 639 (Luce
924 601 1064 641 ΧΧΙΙΟ)
1081 599 1119 633 in
1140 599 1307 635 ecclesia
1333 599 1541 637 militante.

290 658 368 692 Nec
403 656 566 691 dubium
602 655 697 703 quin
741 656 796 692 sic
842 657 929 703 plus
976 658 1181 704 prodesset
1221 658 1401 699 ecclesia.
1443 658 1543 694 sicut

230 714 318 761 plus
352 713 486 749 floruit
520 713 558 748 in
593 713 806 761 principio,
841 716 1001 762 quando
1043 727 1132 750 cum
1167 714 1417 762 dignioribus
1457 729 1543 763 per-

229 771 335 807 sonis
369 771 440 807 fuit
473 771 546 807 ista
592 771 793 808 sentencia
838 773 1068 817 observata3
1113 785 1185 808 nec
1230 772 1312 809 scio
1358 786 1544 810 excusare

228 828 462 865 Antichristi
496 828 739 877 superbiam,
780 831 942 877 quando
976 831 1155 866 tollendo
1189 830 1293 866 istud
1327 844 1349 867 a
1383 831 1543 868 Christo

176 899 213 919 ιο
230 888 337 935 quod
371 896 427 923 est
460 886 533 923 sibi
580 887 788 935 proprium
834 887 1051 924 committit
1096 889 1402 937 blasphemiam,
1449 890 1541 938 quia

228 944 258 981 si
292 944 367 980 ista
400 945 602 982 sentencia
634 958 715 981 non
748 945 797 981 sit
829 958 922 982 vera
955 955 1074 994 atque
1098 946 1298 983 catholica
1321 948 1543 984 deducatur

228 1002 267 1038 in
300 1002 547 1039 contrarium
582 1002 690 1039 racio
724 1004 784 1040 vel
816 1004 1028 1052 scriptura.
1064 1007 1164 1040 Nam
1199 1013 1347 1041 statuta
1373 1006 1540 1042 Romani

228 1060 429 1108 pontificis
462 1074 542 1097 non
575 1070 666 1097 sunt
700 1061 874 1109 primum
909 1061 1150 1110 principium
1194 1076 1264 1110 per
1302 1075 1343 1099 se
1387 1072 1541 1109 notum,

227 1118 318 1155 ideo
351 1118 381 1154 si
415 1128 505 1155 sunt
538 1132 643 1165 vera,
677 1128 768 1156 sunt
802 1133 845 1156 ex
878 1121 1006 1157 verbis
1047 1120 1301 1167 deducibilia,
1337 1134 1426 1157 cum
1462 1135 1541 1158 non

175 1178 318 1212 15sunt
351 1176 517 1213 historia
551 1177 605 1213 rei
639 1186 758 1225 geste.
805 1180 852 1214 Et
892 1191 980 1215 cum
1022 1180 1243 1215 secundum
1275 1179 1540 1227 Augustinum

227 1235 331 1270 nulla
366 1242 421 1271 est
454 1235 597 1271 veritas
629 1236 701 1271 nisi
720 1236 851 1284 fuerit
882 1237 918 1272 in
951 1237 1162 1286 scriptura,
1201 1245 1310 1285 patet
1344 1239 1452 1285 quod
1487 1238 1540 1274 hii

226 1292 473 1340 legislatores
490 1294 629 1329 darent
653 1306 817 1341 operam
842 1296 890 1331 ad
915 1294 1195 1331 inveniendum
1222 1295 1352 1342 legum
1378 1309 1539 1332 suarum

226 1350 424 1399 principia
457 1351 496 1387 in
530 1353 682 1397 eadem,
717 1361 753 1388 et
787 1365 876 1388 cum
912 1353 1042 1400 legum
1076 1366 1237 1389 suarum
1270 1353 1464 1390 deduccio
1497 1368 1541 1390 ex

226 1408 425 1457 scriptura
457 1423 538 1445 non
572 1411 830 1457 degeneraret
863 1411 989 1458 legem
1025 1424 1137 1447 suam
1172 1413 1240 1447 sed
1274 1412 1413 1459 pocius
1447 1426 1540 1448 con-

170 1479 210 1500 20
227 1468 417 1511 firmaret,
452 1476 561 1515 patet
595 1469 700 1515 quod
751 1469 1039 1505 deduccionem
1085 1483 1197 1505 suam
1244 1482 1333 1505 cum
1374 1470 1454 1506 suis
1488 1472 1540 1506 le-

225 1525 338 1573 gibus
372 1525 697 1571 commiscerent;
732 1539 870 1563 omnes
904 1527 1009 1563 enim
1044 1528 1147 1574 leges
1171 1540 1251 1563 non
1275 1527 1330 1564 sic
1353 1528 1539 1565 fundatas

226 1583 448 1619 catholicus
481 1583 782 1620 racionabiliter
816 1586 1062 1622 abhorreret.

222 1641 225 1643 ’
282 1643 359 1677 Sed
393 1641 518 1678 tercio
552 1641 758 1678 dubitatur
797 1651 930 1679 utrum
973 1642 1183 1680 convivare
1217 1644 1419 1692 proximos
1452 1645 1537 1681 viro

224 1699 494 1736 ecclesiastico
518 1699 566 1735 sit
590 1699 758 1746 licitum,
784 1709 820 1736 et
843 1700 999 1737 videtur
1022 1703 1129 1749 quod
1153 1701 1221 1748 sic,
1246 1702 1339 1750 quia
1356 1703 1537 1739 Christus

169 1759 205 1790 25
224 1757 290 1806 qui
323 1770 490 1805 peccare
522 1770 604 1794 non
636 1757 766 1806 potuit
806 1758 985 1795 interfuit
1017 1759 1184 1796 Matthei
1224 1760 1405 1797 convivio
1446 1774 1535 1797 cum

222 1815 446 1864 publicanis
491 1824 527 1852 et
575 1816 855 1864 peccatoribus
902 1814 963 1869 (ut
1007 1825 1116 1865 patet
1160 1819 1301 1854 Matth.
1345 1816 1454 1870 IX0);
1501 1828 1537 1856 et

221 1873 327 1909 idem
368 1882 477 1921 patet
516 1875 564 1910 de
596 1873 751 1922 nupciis
784 1874 824 1910 in
857 1876 995 1912 Chana
1029 1875 1179 1912 Galilee
1212 1877 1314 1924 (Joh.
1351 1879 1436 1924 110),
1470 1877 1537 1913 ubi

220 1945 302 1968 non
333 1931 489 1968 fecisset
523 1931 762 1968 miraculum
797 1934 844 1970 de
883 1933 1142 1970 conversione
1182 1947 1284 1983 aque
1323 1934 1362 1971 in
1401 1935 1536 1971 vinum

221 1991 270 2026 ad
303 1990 570 2038 supplendum
605 1989 704 2026 illud
738 1990 963 2028 convivium
997 1991 1072 2028 nisi
1105 1991 1211 2028 istud
1234 1993 1336 2030 foret
1368 1992 1536 2039 licitum,

164 2048 204 2080 30
222 2057 258 2084 et
290 2047 396 2084 idem
430 2057 539 2096 patet
564 2049 611 2084 de
636 2049 790 2085 duobus
815 2049 1066 2086 miraculosis
1091 2050 1281 2087 conviviis
1305 2052 1442 2096 (Marci
1466 2054 1536 2088 V10

221 2114 257 2142 et
289 2107 412 2152 V1110)
446 2119 521 2154 que
554 2105 594 2142 in
626 2119 796 2154 persona
829 2108 994 2156 propria
1025 2108 1118 2145 fecit
1150 2108 1268 2157 plebi.

278 2166 332 2200 Ex
364 2164 507 2212 quibus
538 2164 739 2212 colligitur
762 2167 869 2213 quod
893 2166 1054 2203 racione
1077 2167 1227 2203 fructus
1252 2176 1289 2204 et
1312 2168 1537 2205 exclusione

220 2222 444 2269 argumenti
479 2223 670 2259 contrarii
704 2223 915 2261 convivare
948 2224 997 2261 sit
1029 2224 1184 2261 licitum
1217 2225 1382 2271 viatori;
1421 2226 1537 2263 aliter

220 2279 325 2315 enim
361 2279 541 2317 Christus
574 2293 655 2317 non
688 2290 769 2318 tam
805 2283 945 2319 crebro
991 2283 1181 2319 conviviis
1226 2284 1448 2321 interesset.
1496 2287 1538 2321 In

163 2337 295 2374 35ist0
329 2338 450 2375 dubio
483 2338 693 2387 supposito
726 2341 834 2388 quod
875 2341 1122 2378 secularibus
1161 2341 1211 2378 sit
1248 2341 1403 2378 licitum
1444 2356 1537 2379 con-

218 2395 352 2433 vivare
398 2405 435 2433 et
479 2409 550 2445 per
595 2409 843 2447 consequens
893 2398 1039 2435 talibus
1091 2399 1281 2436 conviviis
1331 2399 1535 2448 interesse,

288 2527 307 2546 1.
329 2519 373 2557 A:
397 2519 517 2547 statutis
537 2520 670 2548 cuilibet.
739 2529 764 2548 2.
786 2521 854 2549 DE:
877 2522 1036 2549 tribuetur.
1109 2531 1138 2556 ⁴·1.
1161 2523 1185 2551 E
1204 2523 1234 2551 in
1257 2532 1370 2558 marg:
1393 2524 1536 2552 Christus

218 2553 308 2580 habet
329 2554 440 2581 librare
461 2554 666 2583 maim-itatem
689 2556 733 2583 vel
757 2556 965 2584 minoritatem
982 2558 1010 2584 in
1027 2558 1164 2585 eeclesia.
1221 2558 1245 2586 5.
1263 2559 1331 2586 DE:
1353 2568 1420 2586 esse
1441 2559 1534 2587 deest.

218 2588 246 2619 6,
268 2597 294 2623 7.
317 2588 384 2615 DE:
407 2589 485 2616 sicut
506 2589 601 2624 prius.
681 2599 709 2626 9.
732 2591 755 2618 E
776 2591 805 2618 in
828 2600 930 2625 margi:
952 2591 1042 2619 Nota.
1117 2601 1152 2624 11,
1175 2601 1213 2620 12.
1234 2595 1280 2621 A:
1302 2598 1391 2628 :itque
1410 2610 1444 2613 —
1465 2603 1535 2622 nam

218 2623 312 2650 deest.
406 2624 441 2651 15.
462 2625 507 2651 A:
531 2624 691 2659 liistorice;
722 2625 761 2652 ib.
783 2627 811 2653 A
832 2626 861 2653 in
884 2635 998 2661 marga
1021 2627 1226 2662 Augustinus.
1321 2637 1361 2663 19.
1384 2629 1452 2656 DE:
1475 2638 1534 2656 non

220 2657 313 2684 deest.
415 2666 461 2685 20.
483 2660 527 2687 A:
550 2660 613 2686 suis
635 2660 730 2687 deest.
835 2668 878 2688 22.
901 2661 945 2688 D:
969 2661 1123 2690 abhorret.
1228 2662 1271 2690 23.
1293 2664 1348 2691 ΑΕ
1368 2663 1398 2690 in
1421 2672 1533 2698 marg:

220 2692 356 2720 Dubium
378 2693 566 2724 secundum:
588 2694 612 2722 D
635 2694 665 2721 in
687 2703 801 2730 marg.:
824 2695 970 2723 Dubium.
1046 2696 1239 2731 23,24.1›E:
1263 2698 1329 2724 viro
1350 2699 1533 2734 evangelico.

219 2727 267 2766 23:
286 2727 327 2754 D:
351 2736 473 2763 aquam.
555 2728 601 2756 30.
623 2730 667 2757 A:
689 2729 783 2757 Marci
805 2730 846 2757 IX
865 2751 870 2756 .
953 2730 995 2759 32,
1018 2732 1041 2758 D
1064 2732 1092 2758 in
1116 2741 1229 2767 marga
1252 2732 1425 2760 Convivare
1445 2733 1470 2760 si
1491 2739 1535 2761 cst

220 2762 348 2789 licitum.
422 2761 538 2792 33—36.
560 2764 604 2791 A:
629 2764 736 2792 viatori
757 2780 790 2784 -
810 2765 975 2793 convivare
997 2767 1091 2794 deest.
1166 2766 1206 2795 35.
1229 2767 1267 2794 E:
1291 2767 1470 2795 scolaribus,

287 2832 335 2865 16.
354 2834 386 2866 S.
403 2835 551 2876 August.
570 2835 661 2878 opp.
684 2844 768 2868 tom.
789 2837 875 2875 VIII,
898 2837 975 2880 254,
995 2845 1082 2871 torn.
1104 2839 1125 2879 l,
1148 2849 1223 2880 220,
1244 2846 1330 2871 tom.
1354 2840 1406 2881 ΙΙΙ,
1429 2850 1454 2879 t,
1472 2850 1531 2881 44.

211 2878 262 2910 Cf.
291 2880 339 2910 De
368 2880 459 2911 Eccl.
492 2882 569 2924 173.

1759 254 1828 288 185

1578 1659 1725 1685 whether
1747 1659 1765 1685 it
1788 1659 1813 1685 is

1607 1694 1707 1720 taixvt‘ul
1731 1694 1776 1720 soi·

1565 1728 1767 1755 ecclesiastics
1788 1732 1818 1754 to

1565 1763 1631 1797 give
1654 1763 1813 1798 banquets.
