1986 3380
233 296 249 331 3
262 298 310 331 §a

252 592 312 619 lzad
337 597 474 619 servants

295 632 377 654 must
398 627 432 654 bc

279 662 445 689 corrected.

268 1697 371 1726 Friars
392 1698 450 1726 and

231 1733 320 1761 other
340 1733 484 1768 religious

253 1777 303 1795 arc
323 1768 416 1795 idlcrs
436 1768 466 1795 in

256 1803 305 1830 tlie
326 1803 460 1831 Cliurcli.

813 307 1035 339 JOHANNIS
1055 307 1236 339 wrcmr
1255 307 1510 340 sERMONuM
1544 293 1696 351 [SERMO
1720 305 1826 334 xllx-

519 411 652 448 dicant
687 413 810 449 eciani
847 413 1037 461 ypocruis
1076 413 1283 449 vernateni
1330 414 1417 449 fidei
1454 423 1489 450 et
1524 427 1601 449 non
1637 416 1828 451 carebunt

517 471 800 517 pmsecudone
835 480 1100 507 etinoruzet
1134 472 1182 507 ad
1219 471 1731 509 nnnnnuniscandafis‹ss
1764 474 1828 509 de-

517 528 786 565 traccionibus
806 542 881 577 que
901 528 1125 577 eqtuvalent
1145 529 1336 577 niartyrio
1356 529 1827 578 hiliurnihter15aciente.

576 588 674 624 Cum
708 597 839 624 autem
866 587 905 622 in
930 589 1051 623 domo
1076 587 1237 623 Domini
1262 587 1445 624 ociantur
1469 588 1631 636 quidam
1658 588 1827 624 ministri

518 643 724 691 iuegunnc
758 645 990 691 unroducn‚
1027 645 1238 681 hssarando
1270 655 1511 682 consunuuu
1535 647 1640 682 bona
1664 646 1861 683 emsseffleS

517 702 679 750 (pudani
721 703 821 739 semi
859 702 1016 739 subdoh
1051 712 1088 739 et
1128 703 1388 740 donunantur
1429 704 1729 741 nnundabssuer
1761 704 1828 752 qui

518 762 662 797 debent
696 760 904 797 ecchffiiani
940 760 1086 798 [Huisn
1122 774 1269 809 regere,
1310 771 1419 810 patet
1453 764 1560 811 quod
1594 772 1708 799 acute
1743 775 1828 799 cor-

517 818 699 866 ripiendo
746 821 816 855 lios
861 831 996 855 servos
1040 819 1218 867 triplices
1263 819 1330 868 qui
1374 820 1414 856 in
1454 820 1641 857 absencia
1679 820 1827 857 Christi

517 877 738 924 proditorie
786 878 1037 914 confundunt
1085 877 1295 914 ecclesiam
1340 890 1421 915 non
1466 878 1675 915 defecisset
1720 879 1826 915 fideli

518 935 678 971 Domini
715 936 883 972 materia
916 935 1114 984 paciendi.
1160 938 1241 972 Nec
1273 935 1390 973 video
1423 938 1630 985 quomodo
1663 936 1826 985 aliquod
1847 951 1887 973 ιο

517 995 741 1030 membrum
777 994 941 1030 ecclesie
979 994 1080 1030 foret
1112 1007 1185 1042 pro
1224 1007 1295 1030 sua
1325 994 1507 1031 viacione
1546 1007 1683 1044 expers
1716 995 1828 1032 istius

518 1051 713 1099 martyrii,
749 1064 839 1088 cum
874 1053 923 1089 ad
957 1053 1208 1089 sacerdotem
1243 1064 1524 1102 quemcunque
1558 1053 1707 1090 directe
1741 1066 1828 1102 per-

515 1109 614 1145 tinet
647 1110 752 1158 leges
784 1110 935 1146 familie
976 1110 1088 1147 istius
1130 1111 1273 1147 domus
1312 1111 1524 1147 defendere
1563 1111 1737 1157 racione,
1777 1113 1827 1148 ad

516 1167 661 1204 milites
695 1168 844 1205 directe
877 1168 1049 1217 pertinet
1082 1168 1203 1205 armis
1237 1177 1274 1205 et
1307 1169 1508 1218 corporali
1542 1170 1679 1207 labore
1712 1169 1828 1206 susti-

514 1238 620 1272 nere,
655 1235 692 1262 et
725 1228 774 1263 ad
806 1228 988 1275 vulgares
1016 1227 1189 1275 pertinet
1212 1226 1328 1264 istam
1365 1228 1496 1264 fovere
1520 1236 1556 1264 et
1579 1228 1625 1272 (si
1649 1231 1824 1276 oportet)
1847 1232 1884 1265 15

514 1296 587 1332 pro
616 1285 896 1322 subtraccione
926 1284 1092 1322 fomenti
1116 1298 1279 1321 suorum
1306 1286 1558 1334 proditorum
1585 1286 1687 1322 mori
1703 1286 1826 1334 gratis

515 1342 697 1379 fideliter.
718 1344 868 1380 Omnes
892 1343 996 1380 enim
1014 1343 1150 1380 fideles
1165 1356 1239 1392 pro
1255 1344 1550 1381 rectificacionc
1574 1344 1737 1381 ecclesie
1761 1346 1826 1381 de-

515 1409 714 1437 certarent
738 1410 775 1437 et
797 1401 1024 1450 specialiter
1048 1403 1180 1451 quoad
1198 1401 1292 1438 istas
1308 1411 1387 1439 tres
1412 1415 1602 1450 personas
1619 1404 1824 1451 reprobas,

513 1467 555 1494 ut
577 1471 703 1508 usque
735 1461 784 1496 ad
810 1469 980 1497 mortem
1006 1461 1264 1497 reclamando
1298 1470 1436 1497 contra
1460 1460 1567 1509 ipsos
1590 1469 1764 1498 rectores
1789 1470 1825 1497 et

513 1518 766 1565 presbyteros
791 1518 857 1567 qui
881 1518 1089 1555 dimittunt
1114 1517 1362 1566 primitivum
1387 1519 1579 1565 officium,
1598 1519 1825 1568 specialiter
1842 1533 1883 1555 20

512 1574 633 1612 vitam
651 1588 869 1624 pauperem
895 1576 1136 1613 dimittendo
1153 1585 1189 1613 et
1212 1576 1534 1625 predicacionem
1554 1577 1821 1626 evangelicam

512 1633 750 1670 onisttendo.

571 1694 799 1728 Secundum
841 1705 963 1741 genus
1002 1694 1235 1731 vacancium
1283 1694 1322 1730 in
1368 1695 1490 1731 domo
1530 1694 1695 1731 ecclesie
1733 1702 1824 1730 sunt

514 1750 687 1798 religiosi
721 1751 1024 1788 infundabiliter
1057 1751 1275 1789 introducti
1311 1762 1347 1790 et
1386 1753 1612 1801 specialiter
1651 1751 1824 1789 mendici

512 1817 555 1844 ut
594 1809 734 1845 fratres
774 1818 811 1846 et
849 1809 914 1846 alii
955 1809 1021 1859 qui
1068 1819 1276 1859 tamquam
1323 1804 1576 1848 hilleratores'
1621 1811 1707 1848 falsi
1748 1819 1785 1847 et
1819 1806 1824 1864 Ι

513 1866 617 1903 avidi
650 1867 825 1904 salutant
859 1867 899 1904 in
932 1867 1123 1916 hospiciis
1161 1868 1336 1917 propriis
1376 1871 1556 1906 membra
1590 1868 1754 1906 ecclesie
1788 1878 1825 1906 et

513 1924 674 1973 rapiunt
712 1926 886 1974 quadam
928 1926 1019 1962 ficta
1057 1927 1204 1964 facesia
1243 1929 1348 1964 bona
1388 1927 1553 1964 ecclesie
1593 1929 1640 1964 de
1678 1926 1824 1964 talibus

513 1983 737 2031 hospitibus
761 1984 963 2030 salutatis;
998 1992 1034 2020 et
1063 1984 1119 2020 illi
1145 1985 1307 2022 indubie
1330 1995 1421 2022 sunt
1445 1986 1633 2022 militanti
1658 1985 1824 2022 ecclesie

511 2041 684 2088 onerosi,
719 2041 812 2091 quia
845 2043 893 2079 ab
928 2042 1012 2078 istis
1043 2043 1170 2080 tribus
1202 2044 1384 2092 partibus
1417 2043 1581 2093 capiunt
1614 2043 1822 2081 annuatim

513 2100 658 2137 multas
691 2100 900 2148 pecunias3
934 2112 1006 2137 nec
1031 2101 1197 2138 dubium
1231 2101 1328 2150 quin
1351 2103 1402 2139 ad
1435 2115 1535 2139 onus
1569 2102 1882 2148 clericorum‚3o

511 2159 561 2194 ad
595 2170 695 2194 onus
728 2158 901 2195 militum
936 2167 973 2195 et
1006 2160 1196 2208 precipue
1229 2161 1279 2196 ad
1309 2173 1408 2197 onus
1430 2173 1653 2210 pauperum
1687 2168 1824 2197 tenen-

512 2215 637 2262 cium3
672 2216 762 2254 ideo
785 2216 949 2266 quidam
984 2226 1224 2267 comparant
1247 2230 1315 2255 eos
1347 2220 1494 2255 nedum
1529 2218 1631 2255 fictis
1664 2218 1823 2256 hillera-

510 2274 664 2311 toribus
687 2274 880 2312 cibarium
912 2276 1217 2324 peregrinorum
1247 2277 1575 2314 consumentibus
1596 2278 1664 2314 sed
1686 2286 1824 2314 satane

510 2332 637 2369 simiis
690 2346 766 2382 que
825 2335 1095 2383 quodcunque
1152 2334 1323 2371 viderint
1380 2336 1541 2383 placere
1592 2335 1823 2384 potentibus

509 2389 701 2427 simulant
752 2391 974 2438 simialiter‚
1026 2401 1069 2428 ut
1113 2401 1318 2441 reportent
1362 2394 1410 2430 ab
1463 2393 1518 2430 eis
1563 2395 1822 2430 commodum
1839 2394 1880 2429 35

510 2450 733 2497 temporale
773 2458 810 2486 et
848 2458 964 2498 gustu
1004 2450 1266 2488 subtilissimo
1306 2452 1354 2487 de
1394 2451 1558 2488 minutis
1597 2451 1713 2488 bonis
1747 2451 1823 2488 dis-

511 2515 679 2544 cernunt
718 2507 814 2557 quid
854 2508 908 2545 eis
947 2508 1127 2557 proderit
1168 2510 1217 2546 ad
1256 2510 1359 2546 hanc
1398 2508 1535 2546 vitam.
1589 2511 1638 2546 Et
1676 2509 1821 2547 iterum

510 2566 618 2613 quod
651 2565 717 2602 alii
751 2565 878 2602 sancti
911 2566 1062 2603 faciunt
1096 2568 1144 2603 ad
1170 2567 1241 2603 Dei
1275 2568 1434 2604 laudem
1460 2576 1496 2604 et
1530 2567 1694 2604 ecclesie
1717 2567 1823 2604 utili-

1849 1791 1923 1823 Fol.

1850 1837 1929 1870 223⁶

579 2708 599 2728 1.
619 2700 692 2729 AD:
715 2705 743 2728 et
763 2700 857 2728 deest.
929 2701 954 2729 5.
976 2701 1049 2729 AD:
1071 2701 1215 2737 legitime.
1291 2701 1329 2732 13.
1353 2710 1392 2736 14·
1415 2702 1439 2730 E
1459 2702 1488 2730 in
1511 2710 1624 2738 marg:

924 2736 961 2763 acl
983 2736 1158 2764 sacerdotes

925 2771 961 2798 ad
984 2771 1096 2799 milites
1153 2786 1158 2792 ·
1178 2739 1198 2839 }
1219 2771 1360 2807 pertinet.

925 2805 961 2832 ad
983 2806 1124 2841 vulgares

509 2846 552 2872 14,
569 2838 604 2867 15.
620 2839 664 2867 A:
687 2839 798 2868 robore
813 2839 974 2867 sustinere.
1048 2839 1091 2868 23.
1106 2839 1130 2868 E
1144 2839 1175 2868 in
1191 2848 1304 2875 marga
1325 2840 1448 2868 Fratres
1469 2840 1678 2869 mendicantes
1698 2840 1820 2869 onerosi

508 2873 607 2901 tribus
628 2874 768 2909 partibus
786 2874 921 2902 ecclesie.
982 2874 1023 2903 25.
1045 2876 1089 2903 A:
1112 2874 1278 2903 liillatores.
1341 2874 1386 2903 28.
1408 2875 1477 2903 DE:
1498 2875 1650 2903 salutaris.
1711 2883 1726 2903 2
1753 2897 1759 2903 .
1774 2876 1818 2903 A:

507 2908 607 2936 tribus
626 2908 734 2937 tribus.
806 2907 850 2937 32.
872 2910 916 2937 A:
939 2909 1015 2937 fictis
1035 2909 1129 2937 deest.
1202 2908 1246 2942 32,
1269 2908 1310 2938 33.
1330 2911 1375 2938 A:
1397 2910 1568 2938 hillaribus.
1640 2909 1684 2945 35,
1705 2909 1720 2938 3
1746 2931 1751 2937 .
1772 2911 1815 2938 A:

509 2947 540 2969 ut
559 2958 592 2963 —
613 2943 816 2971 subtilissimo
837 2944 931 2971 deest.
