1986 3380
186 290 322 321 SERMO
344 282 438 340 Lm]
653 296 871 331 SECUNDA
897 297 1022 328 pist.

186 401 224 437 in
269 402 455 438 occidens
500 412 557 448 (ut
607 403 752 440 dicitur
797 405 974 440 secundo
1012 406 1064 439 De
1099 403 1243 440 Anima
1277 406 1415 452 tercio)
1459 407 1494 442 in

188 460 262 496 hoc
280 473 637 509 quorsumcunque
659 463 878 498 secundum
903 462 1025 498 lineas
1052 461 1230 498 radiosas
1255 464 1497 500 rectissimas

185 519 383 555 subducto
428 520 637 570 obstaculo
684 520 837 568 sperice
882 533 921 556 se
965 519 1150 555 diffundit
1202 529 1258 555 (ut
1304 523 1497 567 probatur

185 578 361 612 secundo
394 577 594 613 Vitulonis
630 576 671 626 Ι).
720 582 874 623 Quarto
915 578 951 613 in
997 578 1071 614 hoc
1111 580 1218 625 quod
1252 578 1496 627 impediente

150 638 313 681 §opaco
348 635 675 682 penetracionem
711 635 872 671 luminis
908 637 1125 672 secundum
1152 637 1341 683 angulum
1386 639 1497 674 retic-

183 691 310 728 xionis
345 693 528 741 equalem
563 694 710 740 angulo
734 693 958 730 incidencie
983 694 1220 741 regulariter
1254 708 1294 731 se
1326 696 1496 732 reflectit

183 748 240 799 (ut
274 751 573 787 demonstratur
595 752 628 786 V
652 751 848 787 Vitulonis
878 754 972 787 XX).
1009 752 1159 797 Quinto
1202 765 1245 789 ex
1279 754 1353 789 hoc
1387 756 1495 801 quod

183 816 290 844 retro
339 821 511 856 opacum
557 811 777 845 secundum
824 819 901 845 tres
955 810 1207 847 differencias
1261 812 1496 859 regulariter

183 874 320 902 causat
359 868 522 903 umbras
561 870 618 912 (ut
659 875 768 915 patet
807 869 983 903 secundo
1023 867 1250 907 Vitulonis».
1295 872 1412 906 Sexto
1452 883 1495 906 ex

182 924 256 960 hoc
289 926 397 973 quod
421 938 442 961 a
466 925 644 973 quolibet
667 935 817 973 puncto
846 921 851 979 Ι
880 925 1042 961 luminis
1066 926 1322 979 illuminabili
1346 927 1495 965 directe

180 982 368 1030 opposito
420 983 657 1019 diffunditur
707 985 756 1020 ad
810 983 1031 1020 illuminale
1085 984 1219 1021 radius
1272 986 1494 1022 luminosus

179 1039 297 1077 unica
329 1049 485 1077 tantum
519 1041 625 1077 linea
658 1040 1047 1090 perpendiculariter
1069 1042 1270 1079 incidente
1303 1050 1428 1092 (patet
1452 1057 1495 1081 ex

179 1100 354 1135 secundo
378 1098 575 1136 Vitulonis
610 1101 818 1148 secundo).
853 1099 1033 1148 Septimo
1068 1113 1110 1137 ex
1136 1101 1210 1137 hoc
1235 1103 1342 1150 quod
1374 1115 1494 1139 omne

178 1157 416 1193 umbrosum
450 1158 538 1205 plus
571 1157 822 1195 illuminatur
855 1158 962 1195 circa
995 1159 1152 1195 radium
1183 1159 1256 1195 sibi
1280 1160 1494 1208 perpendi-

126 1217 162 1250 15
180 1214 369 1251 culariter
401 1215 644 1252 incidentem
693 1225 729 1253 et
763 1229 784 1253 a
817 1225 967 1264 puncto
1013 1217 1296 1266 propinquiori
1321 1218 1491 1266 sorcius,

180 1272 271 1309 licet
304 1273 396 1310 situi
442 1273 677 1311 distanciori
718 1274 900 1311 incidunt
946 1276 1080 1323 plures
1120 1275 1221 1312 radii
1256 1289 1278 1312 a
1310 1277 1492 1324 pluribus

179 1331 339 1379 punctis
373 1332 554 1380 corporis
588 1332 777 1370 luminosi
810 1335 937 1381 (patet
965 1333 1063 1369 illud
1093 1335 1270 1370 secundo
1293 1335 1492 1372 Vitulonis

178 1390 262 1426 XXI
315 1398 351 1426 et
402 1392 557 1427 duobus
612 1391 899 1440 sequentibus).
957 1392 1110 1429 Octavo
1162 1405 1205 1428 ex
1255 1393 1331 1429 hoc
1382 1395 1491 1441 quod

179 1460 298 1484 omne
332 1449 594 1495 luminosum,
631 1462 721 1486 cum
757 1449 945 1486 continue
985 1462 1084 1498 eque
1128 1451 1298 1487 multum
1324 1451 1491 1488 effundit

121 1518 162 1540 20
179 1507 226 1542 de
259 1506 410 1543 lumine
433 1506 473 1543 in
506 1507 653 1544 minori
676 1507 813 1556 spacio
838 1508 1148 1545 circumclusum
1172 1508 1318 1557 ipsum,
1342 1509 1490 1546 forcius

177 1563 377 1601 illuminat
423 1578 543 1614 quam
596 1566 777 1614 spacium
830 1566 958 1603 maius
1011 1566 1079 1604 illo
1131 1566 1256 1618 (patet
1314 1570 1490 1604 secundo

176 1622 376 1659 Vitulonis
420 1625 569 1669 XXIV).
627 1627 744 1661 Nono
791 1636 833 1660 ex
879 1626 954 1661 hoc
1000 1626 1108 1673 quod
1154 1625 1254 1662 radii
1308 1627 1356 1662 ab
1410 1639 1489 1662 uno

176 1689 327 1728 puncto
361 1681 524 1718 luminis
559 1683 819 1731 precedentes
864 1684 1083 1719 secundum
1130 1683 1327 1720 linearum
1361 1684 1489 1732 longi-

177 1739 357 1776 tudinem
404 1741 453 1776 ad
506 1752 606 1789 eque
651 1740 890 1778 distanciam
944 1742 1032 1789 plus
1087 1743 1312 1778 accendunt
1366 1746 1489 1791 (patet

119 1799 158 1832 25
175 1798 352 1834 secundo
384 1797 584 1835 Vitulonis
616 1800 783 1845 XXXV).
829 1801 877 1835 Et
917 1799 1009 1836 hinc
1043 1799 1200 1836 decimo
1238 1809 1348 1849 patet
1381 1802 1489 1849 quod

175 1868 295 1892 omne
320 1856 455 1892 lumen
478 1869 548 1905 per
570 1857 771 1894 foramina
795 1858 1005 1905 angularia
1030 1858 1209 1895 incidens
1234 1860 1487 1905 rotundatur,

175 1922 211 1950 et
245 1927 289 1951 ex
321 1923 429 1951 sexto
463 1914 643 1964 sequitur
674 1915 890 1952 undecimo
924 1917 1031 1965 quod
1065 1916 1200 1953 radius
1223 1916 1386 1954 luminis
1418 1930 1490 1966 per

172 1971 356 2009 foramen
388 1985 508 2021 super
539 1973 764 2010 subiectum
806 1974 981 2010 solidum
1020 1974 1233 2012 incidentis
1272 1975 1346 2011 erit
1385 1975 1489 2024 peri-

174 2039 302 2067 metro
337 2030 377 2067 in
409 2031 540 2068 solido
572 2045 692 2080 super
716 2031 979 2081 perimetrum
1002 2032 1212 2070 foraminis
1248 2033 1487 2082 ampliatum

115 2089 156 2122 30
172 2091 298 2136 (patet
346 2089 478 2137 prima
522 2089 689 2127 istarum
734 2090 866 2139 legum
914 2093 968 2127 IIO
999 2090 1202 2128 Vitulonis
1247 2093 1405 2128 XXXIX
1451 2101 1488 2128 et

170 2147 370 2195 posterior
402 2156 512 2196 patet
546 2150 687 2185 eodem
722 2148 824 2185 libro
859 2147 1011 2199 XXVI).
1051 2149 1303 2186 Duodecimo
1338 2149 1379 2186 in
1412 2151 1488 2187 hoc

171 2207 279 2254 quod
324 2205 439 2243 radio
484 2206 809 2255 perpendiculari
856 2219 975 2244 omne
1029 2220 1175 2256 corpus
1228 2208 1486 2256 dyaphanum

169 2273 404 2311 penetrante
448 2265 583 2302 radius
629 2265 790 2314 oblique
836 2264 1016 2303 incidens
1062 2265 1101 2302 in
1146 2265 1280 2303 medio
1325 2266 1489 2303 secundi

92 903 165 952 Fol.

88 952 166 981 220e

238 2420 264 2450 3.
285 2423 330 2450 A:
354 2423 476 2462 sperica
492 2423 593 2457 deest;
614 2423 695 2461 itm-E
709 2423 739 2451 in
755 2431 870 2458 marg:
893 2422 937 2462 3..
991 2432 1020 2458 4.
1042 2423 1066 2450 E
1087 2424 1116 2464 in
1138 2432 1253 2460 marg:
1274 2433 1303 2458 4.
1377 2432 1403 2459 7.
1418 2422 1443 2451 E
1458 2424 1488 2452 in

170 2457 336 2531 ξὲῗΓὲᾉάΞιῖ
347 2458 671 2532 25301'131123522552135
676 2458 863 2526 ’νηὲῗὸὲῗὲξ
878 2459 1200 2533 ΚῐέἳῗξὲἹἜῙ-’ςῗῗρ
1222 2468 1258 2487 ex
1272 2459 1353 2530 '³⁷12
1364 2467 1487 2533 23:534&

169 2526 326 2554 V1tu10n1s
346 2527 433 2562 λΧΙς
453 2527 493 2555 E:
514 2526 673 2555 Vituloms
694 2536 719 2567 2·⁴
777 2528 817 2555 18.
838 2528 894 2556 ΑΕ
914 2537 945 2556 in
967 2537 1081 2564 marg:
1104 2528 1131 2557 8.
1171 2536 1217 2556 20.
1238 2529 1283 2557 A:
1305 2537 1341 2556 ex
1360 2529 1487 2568 lumlne.

169 2569 213 2589 22.
234 2561 290 2589 ΑΕ
308 2562 339 2590 in
361 2571 476 2598 marg:
497 2570 532 2598 93
561 2563 602 2590 ib.
623 2564 667 2590 A:
688 2562 845 2590 XXVHIo.
976 2562 1019 2591 23.
1041 2564 1085 2591 A:
1106 2563 1234 2592 lumina,
1287 2599 1292 2603 ι
1320 2564 1362 2592 25.
1382 2564 1438 2592 ΑΕ
1457 2572 1487 2591 m

169 2604 284 2631 marg:
306 2605 348 2625 10.
439 2602 486 2625 20.
507 2599 546 2625 E:
569 2606 623 2633 per
643 2598 787 2625 foratum.
877 2605 922 2633 27,
944 2598 990 2626 28.
1011 2599 1056 2626 A:
1078 2603 1163 2626 sexto
1185 2615 1213 2618 ——
1236 2599 1370 2626 solidum
1393 2599 1487 2626 deest.

169 2631 214 2659 28.
235 2629 274 2659 E:
297 2633 440 2660 umbram
462 2632 570 2667 solidi3
600 2633 640 2660 ib.
662 2632 705 2660 D:
727 2632 878 2660 incidens.
1015 2640 1029 2660 2
1056 2654 1061 2660 .
1082 2635 1128 2661 A:
1150 2633 1264 2668 solide;
1293 2634 1335 2661 ib.
1356 2635 1400 2661 A:
1423 2642 1487 2661 am-

125 2680 128 2681 r
169 2666 291 2701 pliatur.
391 2666 437 2695 30.
459 2667 482 2694 E
502 2667 533 2695 in
555 2675 670 2703 marg:
693 2676 727 2695 11.
837 2666 876 2695 31.
892 2667 961 2696 DE:
982 2668 1050 2696 XX„
1069 2667 1145 2703 VI⁰;
1166 2669 1206 2696 ib.
1227 2670 1272 2696 A:
1294 2668 1487 2696 Duodecimo

168 2700 270 2736 deest3
292 2701 333 2729 ib.
355 2701 379 2729 E
398 2702 429 2729 in
450 2710 564 2738 marg:
586 2710 624 2730 12.
697 2701 741 2730 32.
762 2703 807 2730 A:
830 2702 1036 2738 diaphonum.

238 2795 270 2824 4.
307 2785 358 2816 De
385 2785 548 2817 Vitelone
574 2785 816 2827 Thuringensi
848 2785 890 2819 cf.
925 2787 971 2819 M.
999 2787 1128 2819 Curtze
1160 2787 1194 2818 in
1225 2787 1422 2827 „Bulletino
1452 2787 1484 2820 di

169 2829 392 2874 ssibliografia
433 2841 452 2863 e
490 2831 524 2863 di
560 2833 676 2865 Storia
715 2833 808 2865 delle
846 2832 984 2865 scienze
1022 2833 1266 2866 matematiche
1306 2843 1325 2865 e
1361 2832 1485 2866 fisiche

171 2878 284 2909 Roma
305 2876 404 2921 1870,
420 2879 478 2919 IV,
493 2888 642 2923 49—77.
661 2880 779 2912 Vitelo
794 2879 958 2923 (witelo)
973 2886 1074 2912 autor
1091 2880 1222 2913 saeculi
1239 2881 1328 2912 XIII.
1347 2880 1486 2924 scripsit

169 2923 417 2968 Perspectivae
443 2924 551 2957 libros
579 2925 713 2958 decern.

1306 2984 1346 3017 25

1707 295 1780 330 385

1549 417 1702 444 ΙιικῐΛιιςςε
1724 419 1757 444 01·

1522 451 1580 477 1111>
1603 452 1776 488 regularity.
