1986 3380
201 280 336 309 SERMO
364 269 449 327 ΧΠ]
678 281 892 315 SECUNDA
918 281 1043 314 PARS.

1755 268 1799 305 81

199 390 378 438 sequitur
410 389 541 437 ipsum
574 389 614 426 in
653 388 707 425 eis
740 400 916 434 manere,
958 401 1047 425 cum
1089 400 1131 424 ex
1171 396 1284 435 parte
1323 385 1382 423 sui
1424 398 1516 422 con-
1539 391 1643 418 Christ
1664 391 1723 418 will
1746 395 1798 417 not

200 447 378 484 tinuacio
410 461 492 484 non
524 455 655 496 potest
689 447 872 483 deficere.

259 508 442 551 Quatuor
475 514 608 541 autem
642 513 860 553 tanguntur
892 503 1074 541 raciones
1108 504 1157 539 ad
1190 501 1517 539 convinccionem

201 563 430 599 huiusmodi
454 563 681 608 excitantes,
715 562 847 611 prima
876 561 982 610 quia,
1012 562 1110 598 sicut
1127 561 1279 610 palmes
1302 573 1375 596 non
1393 567 1521 608 potest

167 622 308 670 §ferre
329 622 511 670 fructum
545 634 567 657 a
599 621 803 670 semetipso
836 620 910 656 nisi
940 619 1127 656 manserit
1160 619 1196 655 in
1231 619 1318 665 vite,
1359 618 1413 654 sic
1452 630 1519 654 nec

200 679 357 727 aliquod
401 679 614 715 membrum
664 679 812 715 Christi
854 678 927 714 nisi
969 678 1004 713 in
1051 677 1132 727 ipso
1176 676 1382 721 manser-st,-
1430 675 1520 711 ideo

199 737 285 772 Joh.
321 739 355 772 Γ)
381 736 526 773 dicitur
558 737 666 785 quod
699 735 872 784 apostoli
900 736 1087 772 viderunt
1119 734 1323 772 Christum
1356 734 1519 781 plenum

199 793 332 841 gracie
384 803 422 830 et
473 793 651 831 veritatis
705 796 752 830 de
806 793 917 830 cuius
970 792 1221 842 plenitudine
1273 804 1412 829 omnes
1466 791 1519 827 hii

202 860 454 899 acceperant.
515 851 626 889 Sicut
684 851 789 888 enim
849 852 1003 900 palmes
1063 851 1126 888 vel
1189 849 1372 898 superior
1429 862 1521 897 pars

149 922 186 943 10
201 909 356 946 arboris
379 922 461 947 non
484 909 642 947 virescit
666 909 876 946 deficiente
901 910 1070 946 humore
1093 908 1252 954 radicis,
1286 907 1342 945 sic
1367 907 1521 944 mistice

202 976 258 1004 est
293 969 340 1003 de
374 967 537 1016 singulis
570 968 762 1004 membris
797 967 959 1014 Christi,
1006 980 1096 1004 cum
1142 967 1225 1003 sine
1270 965 1358 1015 ipso
1396 964 1520 1001 nichil

202 1034 368 1073 possunt
400 1026 544 1072 facere,
578 1027 647 1063 sed
679 1026 736 1062 illi
770 1026 837 1075 qui
871 1025 1073 1075 copiosius
1113 1033 1150 1061 et
1189 1023 1384 1061 direccius
1423 1022 1521 1060 reci-

201 1083 317 1131 piunt
350 1085 561 1121 humorem
594 1084 726 1132 gracie
759 1084 876 1121 huius
908 1083 1055 1121 radicis
1094 1082 1356 1132 spiritualiter
1395 1081 1521 1129 magis

201 1141 458 1179 fructificant.

150 1202 185 1234 15
260 1201 445 1237 Secunda
477 1200 601 1247 racio,
637 1200 731 1248 quia
763 1199 795 1237 si
827 1200 915 1249 quis
948 1200 989 1236 in
1012 1199 1172 1236 Christo
1206 1199 1262 1235 sic
1293 1211 1375 1235 non
1409 1211 1521 1235 man-

202 1257 310 1303 serit,
356 1258 614 1295 abscindetur
659 1259 706 1294 de
750 1271 921 1295 numero
974 1258 1173 1295 iustorum
1222 1257 1262 1293 in
1308 1265 1436 1293 morte
1485 1265 1522 1293 et

202 1317 342 1363 perdet
374 1325 470 1352 tunc
501 1316 675 1353 virorem
710 1316 951 1364 apparencie
983 1316 1159 1352 nominis
1193 1314 1399 1352 christiani
1438 1314 1522 1351 sine

204 1373 473 1410 fructificandi
505 1374 694 1422 potencia
725 1375 787 1411 vel
818 1374 986 1419 visendi,
1021 1387 1111 1410 cum
1142 1374 1247 1410 ultra
1270 1386 1351 1409 non
1375 1372 1522 1409 sufficit

204 1431 359 1476 fodere3
405 1440 442 1468 et
488 1432 649 1479 dyaboli
687 1432 727 1467 in
767 1432 876 1469 finali
916 1432 1066 1469 iudicio
1105 1440 1195 1480 post
1235 1431 1521 1468 colleccionem

146 1502 188 1524 20
204 1489 387 1537 parcium
433 1489 599 1526 ecclesie
643 1502 714 1538 per
758 1491 921 1538 angelos
968 1491 1096 1526 bonos
1142 1489 1302 1525 mittent
1347 1502 1436 1526 eum
1482 1489 1523 1525 in

204 1547 336 1595 ignem
389 1556 571 1584 eternum
623 1556 667 1583 ut
717 1548 926 1596 palmitem
979 1548 1150 1593 aridum,
1202 1549 1308 1583 unde
1357 1556 1523 1596 propter

205 1605 517 1653 perpetuitatem
551 1618 652 1654 pene
686 1605 832 1642 dicitur
865 1606 905 1642 in
937 1605 1112 1653 presenti
1145 1613 1180 1642 et
1211 1606 1335 1641 ardet.

261 1663 404 1700 Tereia
438 1664 548 1701 racio
581 1663 753 1700 sumitur
787 1676 830 1700 ex
853 1664 1095 1712 implecione
1119 1663 1393 1712 cuiuscunque
1424 1663 1523 1700 voli—

205 1721 330 1758 cionis
363 1721 548 1759 ordinate
572 1735 692 1771 quam
723 1723 927 1759 habebunt
951 1722 1137 1770 palmites
1159 1721 1228 1758 viti
1251 1734 1322 1770 per
1344 1721 1522 1770 graciam

148 1783 187 1816 25
204 1780 453 1817 adherentes.
490 1780 543 1828 Si,
578 1779 720 1829 inquit,
756 1780 975 1817 manseritis
1004 1781 1038 1816 in
1070 1793 1128 1816 me
1158 1787 1193 1816 et
1222 1781 1338 1816 verba
1371 1793 1454 1817 mea
1487 1780 1522 1815 in

115 1830 310 1893 Folgvobis
354 1838 587 1883 manserint;
631 1839 880 1888 quodcunque
925 1839 1124 1875 volueritis
1164 1833 1340 1891 {petetis
1383 1846 1418 1874 et
1450 1838 1524 1889 fiet

114 1886 152 1919 ¹9
205 1896 321 1932 vobis.
373 1898 476 1933 Nam
528 1895 725 1945 quidquid
775 1896 1070 1945 predestinatus
1121 1896 1306 1932 ordinate
1356 1895 1524 1945 pecierit

204 1953 474 1991 necessarium
508 1956 559 1991 ad
591 1955 761 1991 salutem
795 1967 869 2004 pro
902 1955 993 1992 loco
1027 1963 1065 1992 et
1097 1963 1281 2002 tempore
1305 1954 1521 1991 obtinebit:

204 2014 306 2048 Nam
339 2013 426 2048 Joh.
460 2014 582 2059 XV10,
625 2023 677 2059 24
722 2012 924 2061 promittit
955 2012 1131 2050 Veritas:
1178 2013 1300 2050 Petite
1343 2021 1379 2050 et
1422 2013 1522 2049 acci-

148 2070 314 2119 30pietis
346 2078 386 2106 ut
416 2071 605 2121 gaudizmz
640 2078 810 2107 vestrum
842 2072 892 2108 sit
917 2071 1088 2122 plenum.

267 2129 421 2173 Quarta
466 2128 590 2175 racio,
635 2129 728 2165 licet
773 2138 882 2166 extra
921 2129 1192 2178 evangelium3
1238 2138 1316 2166 stat
1360 2129 1401 2165 in
1446 2130 1523 2166 hoc

156 2203 161 2206 ·
206 2187 315 2234 quod
348 2186 477 2223 finalis
509 2186 756 2235 glorificacio
790 2200 912 2236 quam
960 2187 1127 2237 quilibet
1172 2189 1289 2224 debet
1333 2196 1523 2236 appetere

205 2257 285 2280 non
318 2253 451 2292 potest
488 2244 617 2281 inesse
649 2245 734 2282 istis
778 2245 1012 2294 palmitibus
1054 2246 1132 2283 nisi
1175 2247 1224 2283 ab
1269 2245 1344 2282 ista
1388 2245 1523 2282 radice

204 2301 334 2350 ipsam
368 2302 600 2350 habuerint3
639 2303 741 2340 sicut
774 2304 881 2341 enim
914 2304 1095 2342 Christus
1134 2303 1368 2341 humanitus
1407 2303 1523 2340 clari-

150 2363 188 2396 35
206 2359 443 2397 ficacionem
482 2361 634 2409 recepit
677 2374 700 2398 a
731 2370 858 2410 patre,
905 2362 999 2412 quia
1042 2364 1235 2400 mandata
1280 2361 1362 2398 eius
1407 2362 1523 2410 plene

205 2427 443 2465 servaverat,
489 2418 545 2456 sic
584 2428 744 2468 oportet
788 2432 951 2457 omnem
996 2419 1206 2469 palmitem
1253 2420 1370 2457 huius
1413 2419 1523 2466 vitis;

207 2485 245 2512 et
290 2477 341 2513 ad
385 2477 462 2513 hoc
507 2485 565 2514 est
607 2477 835 2515 necessaria
879 2478 1205 2527 proporcionalis
1250 2487 1287 2515 et
1324 2477 1524 2526 glutinosa

174 2534 176 2536 ’
206 2533 387 2581 dileccio,
420 2543 465 2571 ut
496 2535 599 2572 sicut
627 2535 810 2573 Christus
844 2545 901 2573 est
933 2550 1059 2573 unum
1095 2550 1185 2573 cum
1215 2545 1329 2585 patre
1358 2545 1525 2585 propter

273 2655 300 2685 3.
316 2658 345 2685 A
358 2657 388 2684 in
405 2666 520 2694 marg:
541 2657 624 2686 Nota
639 2663 789 2694 quatuor;
812 2668 839 2691 ις
861 2659 885 2686 E
900 2660 929 2687 in
947 2668 1041 2695 marg-
1057 2670 1062 2687 :
1084 2659 1117 2687 In
1133 2659 1196 2687 vita
1216 2659 1339 2687 mansio
1360 2659 1523 2695 palmitum

207 2696 334 2731 propter
354 2697 503 2728 quatu01·;
526 2701 554 2726 ις
575 2693 616 2721 ib.
632 2695 688 2733 A³.
701 2694 738 2721 ad
760 2694 855 2722 deest.
913 2704 943 2728 4.
965 2696 1010 2722 A:
1029 2694 1155 2757 lprimo:
1176 2695 1248 2730 quia
1268 2695 1363 2722 deest.
1420 2703 1462 2722 10.
1478 2695 1522 2721 A:

207 2727 338 2754 aliorum
358 2735 432 2766 pon.
532 2736 570 2755 12.
592 2729 636 2756 A:
658 2729 839 2756 discrecius.
938 2729 976 2757 15.
998 2731 1026 2757 A
1045 2730 1052 2736 “
1075 2729 1104 2756 in
1127 2738 1244 2764 marg:
1265 2737 1292 2756 2.
1390 2729 1431 2757 16.
1453 2729 1522 2756 DE:

207 2769 336 2788 numero
348 2766 500 2800 „lstorum.
599 2771 639 2790 21.
660 2764 706 2791 A:
728 2764 864 2798 aridam:
892 2764 932 2792 E:
955 2764 1071 2792 aridus.
1163 2772 1206 2792 22.
1227 2764 1297 2792 DE:
1320 2764 1357 2792 de
1377 2764 1523 2800 presenti.

206 2794 331 2857 {leRbAE⁴
346 2805 377 2858 ip
399 2805 513 2833 marg:
535 2796 561 2825 3.
617 2796 657 2825 31.
671 2798 727 2826 ΑΕ
748 2798 778 2826 in
801 2807 916 2834 marg:
937 2808 967 2834 4.
1023 2798 1067 2827 32.
1083 2800 1128 2827 A:
1150 2799 1210 2827 isto
1231 2799 1341 2827 finalis.
1391 2799 1438 2834 34.
1454 2799 1522 2826 DE:

228 2838 245 2857 a
269 2839 355 2858 uerin
372 2852 378 2858 .

275 2912 308 2944 4.
335 2903 457 2946 Vulg.:
482 2904 534 2937 sic
558 2915 622 2938 nec
647 2916 708 2938 vos
734 2906 802 2938 nisi
826 2907 859 2938 in
888 2916 942 2939 me
969 2906 1182 2939 nzanseritz's.

1545 426 1593 453 sai}
1616 426 1703 452 those
1726 426 1794 452 who

1561 460 1619 488 will
1641 460 1729 487 abido
1751 461 1780 487 iu

1630 495 1712 522 Him.

1605 792 1687 821 Necd
1710 794 1743 820 01·

1588 828 1713 861 abiding
1734 829 1762 855 in

1614 862 1729 889 Christ
