1986 3380
181 306 316 335 SERMO
339 298 403 355 tr]
649 314 860 347 securim
893 316 1017 347 PARS.

240 417 412 463 Quidam
465 427 597 454 autem
650 419 830 455 dividunt
881 429 1007 455 totum
1060 430 1218 469 tempus
1270 436 1394 470 usquc
1445 428 1492 460 ud

179 474 283 511 diem
318 475 454 511 iudicii
487 476 525 511 in
559 485 731 524 quatuor
755 479 927 526 quadras
961 491 1058 526 quas
1098 480 1344 527 evangelium
1380 492 1494 518 vocat

179 534 310 573 horas,
344 542 380 569 et
410 534 572 581 quidam
599 534 778 571 dividunt
802 535 1072 585 cuiuscunque
1096 537 1258 574 viatoris
1282 538 1491 586 periodum

177 590 217 626 in
246 599 419 639 quatuor
448 593 621 640 quadras
652 606 749 640 quas
781 594 1030 641 evangelium
1061 595 1186 632 eciam
1219 606 1335 633 vocat
1360 598 1492 636 horas.

143 650 264 693 5Que
309 648 442 697 itaque
484 658 540 685 est
579 650 768 697 periodus
806 652 990 696 viatoris3
1033 666 1108 701 que
1145 667 1238 690 vero
1278 656 1398 691 habet
1438 656 1493 691 in-

176 705 363 751 fanciam,
394 707 628 754 puericiam,
660 708 905 746 iuventutem
931 719 968 746 et
990 720 1235 748 senectutem
1259 712 1299 749 in
1323 726 1491 762 quarum

174 763 351 811 qualibet
367 773 423 800 est
437 765 553 801 nobis
569 766 799 814 ambiguum
826 780 875 804 an
899 781 971 816 pro
995 779 1275 807 consummato
1301 780 1493 820 computo

177 821 309 858 veniat
346 823 457 858 Jesus
501 832 650 860 noster.
704 826 904 861 Debemus
950 839 1043 875 ergo
1084 828 1272 865 continue
1310 829 1350 865 in
1390 839 1492 866 etate

174 879 353 927 qualibet
383 880 547 928 vigilare
579 894 628 918 ne
662 882 842 919 Christus
875 892 980 928 (cum
1016 895 1178 934 repente
1216 887 1382 931 venerit)
1420 901 1493 924 nos

120 936 348 974 minveniat
380 937 420 974 in
454 938 621 976 crimine
655 940 912 977 dormientes.
948 944 1325 994 Quomodocunque
1358 954 1492 982 autem

173 995 229 1031 illi
268 996 499 1044 sompnient
538 998 586 1033 de
631 998 861 1046 quindecim
901 999 1023 1048 signis
1063 1011 1154 1039 ante
1195 1003 1299 1040 diem
1340 1003 1491 1050 iudicii,

173 1054 421 1102 evangelium
469 1064 605 1092 tamen
651 1056 746 1093 dicit
778 1057 945 1094 Matthei
978 1060 1134 1106 XX1V0,
1172 1061 1235 1109 37,
1273 1062 1341 1109 39:
1388 1063 1495 1098 Sicut

171 1119 297 1148 autem
310 1113 395 1161 fuit
423 1113 459 1148 in
489 1113 620 1150 diebus
642 1115 738 1161 Noe,
771 1115 822 1151 ita
852 1116 925 1152 erit
953 1124 988 1152 et
1010 1118 1290 1169 adventusfilii
1310 1120 1494 1165 lzomim'S,·

171 1170 268 1206 sicut
306 1171 403 1206 enim
445 1179 556 1207 erant
593 1172 629 1208 in
670 1173 801 1209 diebus
838 1181 925 1210 ante
964 1175 1149 1212 diluvium
1188 1179 1427 1215 comedentes
1459 1186 1494 1214 et

118 1227 154 1260 15
172 1228 350 1276 bibentes,
384 1230 564 1266 nubentes
596 1238 630 1266 et
662 1231 797 1280 nuptui
827 1233 1025 1270 tradentes
1058 1247 1174 1284 iisque
1205 1236 1241 1271 in
1274 1249 1357 1272 enm
1393 1237 1490 1273 diem

171 1286 207 1321 in
241 1298 312 1334 quo
344 1287 504 1323 intravit
535 1288 570 1323 in
604 1289 765 1325 archam
792 1290 873 1326 Noe
905 1298 939 1326 et
971 1304 1042 1328 non
1075 1302 1341 1343 cognoverunt
1374 1296 1492 1331 donec

172 1344 272 1380 venit
294 1345 479 1381 diluvium
503 1353 538 1381 et
561 1347 648 1382 tulit
675 1360 818 1395 omnes,
846 1348 897 1384 ita
921 1350 994 1385 erit
1015 1351 1203 1388 adventus
1213 1352 1296 1402 filii
1315 1353 1489 1389 hominis.

173 1403 290 1448 Quod
330 1403 481 1439 dictum
516 1404 664 1440 Christi
702 1405 859 1442 videtur
902 1419 983 1443 non
1023 1421 1107 1445 esse
1145 1411 1196 1446 ad
1234 1411 1489 1459 propositum

171 1460 245 1496 nisi
291 1460 409 1497 finale
455 1461 647 1498 iudicium
695 1463 902 1512 inopinate
945 1466 1097 1502 venerit
1137 1476 1173 1503 et
1212 1477 1388 1517 repente.
1429 1470 1491 1505 De

115 1529 156 1551 20
172 1519 232 1554 die
253 1526 379 1555 autem
403 1520 470 1555 illa
494 1527 529 1556 et
549 1521 646 1556 hora
670 1521 781 1566 (dicit
803 1524 1052 1571 evangelium
1069 1526 1407 1573 MattheiXX1V0‚
1425 1527 1489 1571 36)

170 1589 278 1612 nemo
327 1577 398 1613 scit
451 1590 568 1626 neque
616 1581 750 1630 angeli
798 1581 967 1617 celorum
1018 1584 1086 1618 sed
1135 1584 1240 1620 solus
1283 1586 1403 1621 Pater
1453 1595 1489 1621 et

170 1633 296 1670 Marci
335 1636 456 1681 X1110‚
494 1636 542 1672 32
584 1636 680 1673 dicit
713 1638 914 1676 Christus:
962 1641 1022 1676 De
1061 1641 1121 1676 die
1159 1650 1284 1678 autem
1325 1643 1391 1678 illa
1432 1644 1491 1680 vel

169 1692 266 1728 hora
295 1705 403 1729 nemo
426 1694 496 1730 scit
518 1706 636 1743 neque
657 1697 791 1746 angeli
811 1697 846 1732 in
870 1698 950 1734 celo
974 1711 1091 1747 neque
1113 1700 1238 1736 Filius
1260 1701 1333 1736 nisi
1356 1702 1484 1737 Pater.

169 1750 310 1787 Melius
355 1760 488 1788 autem
535 1761 592 1789 est
631 1752 739 1790 dicto
785 1755 990 1804 evangelio
1031 1758 1192 1794 credere
1232 1771 1353 1807 quam
1393 1772 1489 1807 apo-

112 1808 152 1841 25
170 1808 318 1857 criphis
375 1809 596 1857 codicibus,
652 1812 891 1861 sompniatis
943 1814 1217 1852 deliramentis
1267 1817 1488 1853 fantasticis

169 1868 436 1904 Hebreorum.

226 1925 388 1962 Dictum
436 1935 494 1963 est
532 1935 666 1964 autem
709 1928 892 1977 superius
940 1942 1126 1968 sermone
1281 1935 1487 1981 quomodo

170 1991 298 2020 textus
343 1983 407 2020 isti
447 1985 664 2033 evangelici
703 1987 849 2024 debent
887 1987 1069 2037 intelligi.
1124 1991 1201 2026 Sed
1241 1990 1335 2040 quia
1381 1991 1487 2028 istud

171 2043 409 2078 mandatum
454 2043 502 2079 de
553 2043 767 2092 vigilancia
818 2046 971 2095 obligat
1023 2047 1263 2095 generaliter
1308 2049 1486 2098 singulos

112 2101 153 2133 30
168 2098 355 2147 viatores,
389 2099 480 2137 ideo
508 2101 690 2139 Christus
723 2102 872 2140 limitat
905 2105 955 2141 ad
988 2118 1088 2153 quos
1122 2105 1319 2155 dirigitur.
1360 2108 1486 2155 Quod,

168 2157 310 2206 inquit,
346 2159 450 2195 vobis
483 2159 581 2207 dico,
614 2161 788 2198 omnibus
820 2162 926 2198 dico:
965 2163 1141 2214 Vigilate.
1176 2166 1232 2201 Ex
1265 2178 1344 2214 quo
1378 2174 1486 2202 textu

168 2224 279 2264 patet
311 2218 431 2265 quod,
466 2216 558 2254 licet
582 2218 764 2256 Christus
788 2219 954 2268 privatis
978 2221 1184 2270 discipulis
1212 2223 1485 2260 moralitatem

167 2274 430 2321 mandaverit,
478 2275 664 2325 intelligit
708 2286 844 2314 tamen
883 2279 992 2327 quod
1030 2279 1183 2317 viantes
1224 2294 1486 2331 quoscunque

166 2331 253 2381 ipsa
304 2332 414 2381 ligat.
469 2334 595 2371 Aliter
647 2335 752 2372 enim
806 2345 941 2385 posset
993 2337 1244 2375 adversarius
1289 2339 1486 2388 scripture

109 2392 149 2426 35
167 2390 316 2439 fingere
340 2393 448 2440 quod
472 2405 591 2429 omne
616 2395 852 2431 mandatum
868 2395 929 2432 vel
951 2405 1186 2445 preceptum
1212 2398 1484 2446 evangelicum

166 2449 295 2486 solum
343 2449 491 2487 Christi
530 2450 748 2500 discipulos
788 2453 980 2501 obligavit
1019 2463 1056 2491 et
1102 2455 1252 2503 periret
1294 2456 1355 2492 lex
1399 2465 1484 2493 tota

166 2506 327 2544 Christi.

235 2649 255 2669 1.
277 2642 321 2669 A:
341 2646 464 2677 tempus
485 2642 584 2678 deest;
606 2643 646 2671 ib.
663 2645 707 2672 A:
728 2644 765 2672 ad
786 2644 880 2673 deest.
936 2646 960 2674 5.
982 2646 1051 2675 DE:
1096 2656 1132 2675 ue
1153 2655 1214 2675 non
1236 2648 1336 2676 habet.
1394 2657 1419 2684 7.
1435 2650 1480 2677 A:

164 2681 403 2712 consumpmato
423 2678 614 2713 composito;
636 2678 704 2706 DE:
726 2684 884 2714 compoto,
1016 2681 1044 2710 8.
1109 2682 1140 2710 in
1161 2691 1275 2718 marg:
1297 2683 1379 2710 Nota
1399 2684 1482 2711 tuod

164 2710 313 2739 debemus
333 2711 477 2739 continue
496 2713 632 2748 vigilare.
734 2722 762 2750 9.
783 2716 828 2742 A:
850 2723 904 2742 nec
925 2715 1078 2744 Christus.
1184 2725 1223 2752 12,
1246 2716 1283 2745 13.
1305 2718 1374 2746 DE:
1420 2719 1483 2746 icut

164 2745 256 2773 enim.
348 2744 386 2773 13.
406 2747 451 2774 A:
472 2751 501 2774 et
520 2749 614 2776 deest.
701 2749 743 2776 16.
764 2750 810 2777 A:
831 2749 979 2778 introivit.
1064 2759 1108 2780 22.
1130 2752 1199 2780 DE:
1222 2752 1366 2780 Christus
1386 2753 1480 2780 deest.

163 2787 207 2811 22,
227 2779 271 2808 23.
292 2780 361 2809 DE:
384 2786 411 2808 et
431 2782 516 2809 hora.
589 2791 636 2819 24,
651 2784 693 2811 25.
714 2784 759 2812 A:
780 2785 934 2820 ypocrisis
954 2785 1124 2814 codicibus.
1198 2787 1239 2815 25.
1254 2788 1299 2815 A:
1322 2787 1358 2815 de
1379 2787 1482 2815 dilira-

164 2815 285 2842 mentis.
394 2824 439 2852 27.
461 2817 626 2852 Sermone;
651 2819 790 2853 sequitur
809 2819 917 2847 lacuna
936 2820 968 2848 in
988 2821 1078 2849 codd.
1099 2822 1129 2850 A
1150 2826 1177 2849 et
1197 2822 1232 2849 D.
1341 2822 1388 2850 28.
1410 2822 1480 2850 DE:

163 2853 262 2877 textus
282 2850 340 2878 iste
359 2852 508 2887 evangelii
528 2852 627 2880 debet.
700 2852 743 2881 33.
764 2853 833 2882 DE:
854 2855 1019 2890 quoslibet.
1093 2855 1140 2891 34.
1161 2858 1206 2884 A:
1228 2856 1310 2884 enim
1332 2857 1426 2884 deest.

235 2943 288 2977 27.
315 2933 368 2967 Cf.
396 2945 502 2979 supra
532 2937 644 2969 Serm.
672 2938 709 2970 L.

1278 2999 1348 3041 24⁸³*

1703 313 1772 361 371

1538 434 1687 469 waugh
1710 437 1745 462 all

1571 470 1653 496 llic-se
1674 479 1719 497 we

1528 504 1637 531 >houm
1660 506 1767 532 xxatclt.
