1986 3380
215 313 292 354 408

300 954 394 979 some

222 986 420 1020 Englishmen
443 995 481 1014 on

262 1022 438 1061 promotiou

302 1060 400 1084 relust-

214 1091 429 1126 procui-atinus
451 1096 481 1118 to

272 1126 425 1153 cardiuals

289 1162 358 1188 hold
367 1162 415 1194 ing

214 1196 479 1223 arclideacnuries.

219 1882 338 1917 Appen!
362 1881 472 1909 should

214 1917 248 1944 be
271 1917 358 1944 made
380 1921 410 1943 to
431 1917 479 1944 tlie

302 1951 389 1986 lx'ing.

797 319 1018 351 JOHANle
1040 318 1222 349 WYCLIF
1243 317 1498 350 SERMOMJM
1577 305 1727 362 [SERMO
1749 316 1812 343 LV-

504 424 612 472 regni
650 424 776 462 nostri
822 424 989 461 clericus
1029 423 1261 471 oppositum
1310 424 1585 471 procuraverit
1630 425 1710 462 sive
1749 428 1814 463 de-

504 483 671 520 fenderit
718 484 833 519 debet
879 481 1010 518 notari
1058 490 1265 529 tamquam
1313 481 1510 518 hereticus
1555 492 1591 519 et
1630 483 1814 532 proditor

504 541 612 590 regni
645 541 784 578 nostri.
839 543 919 576 Nec
953 548 1042 575 sunt
1082 551 1279 588 pauperes
1311 540 1372 576 vel
1405 540 1522 588 pauci
1557 541 1689 578 clerici
1723 555 1812 579 cum

504 599 706 636 adiutorio
752 598 892 647 populi
938 607 1093 634 tantum
1140 597 1179 634 in
1230 597 1303 634 ista
1350 598 1518 635 materia
1572 598 1814 648 impotentes

503 657 599 706 quin
633 670 722 694 eum
759 656 921 693 instanti
956 656 1132 692 clamore
1166 664 1202 691 et
1236 655 1436 703 peticione
1469 656 1591 693 divini
1624 657 1847 695 adiutorii5

503 725 663 764 possent
697 714 924 763 aliqualiter
948 722 1087 750 eontra
1118 714 1333 761 dyabolum
1358 715 1574 762 prevalere.
1608 717 1655 752 Et
1679 725 1814 753 tenen-

503 783 566 810 tur
599 775 647 810 ad
683 775 757 809 hoe
798 785 843 808 eo
877 771 1060 808 striccius
1100 773 1207 820 quod
1242 784 1306 808 rex
1344 785 1433 808 cum
1470 773 1723 821 magnatibus
1756 788 1814 811 se-

503 833 677 868 cundum
714 832 787 866 hoc
822 830 860 866 in
896 830 972 866 fide
1006 829 1204 878 decipitur
1240 838 1275 866 et
1309 842 1474 878 regnum
1515 831 1554 867 in
1587 833 1814 870 substancia

503 899 539 926 et
573 890 723 938 populo
756 888 975 936 peioratur.

561 950 607 983 Et
641 947 744 983 istud
779 955 911 983 movet
945 947 1140 995 quosdam
1165 955 1375 994 promotos
1409 947 1574 984 ecclesie
1596 948 1814 996 Anglicane
1835 961 1873 982 10

502 1018 647 1053 negare
702 1004 972 1041 cardinalibus
1026 1003 1359 1052 procuracionem
1420 1005 1812 1054 archidyaconalem,

501 1064 593 1100 licet
625 1062 802 1099 officium
827 1062 925 1098 illud
959 1062 1238 1098 nominetenus
1268 1062 1478 1099 vendicent
1508 1076 1587 1101 non
1622 1064 1661 1100 in
1684 1065 1813 1102 fructu

503 1121 635 1170 operis
680 1122 748 1157 sed
801 1121 985 1169 profectu
1037 1119 1309 1169 spoliacionis.
1363 1120 1510 1157 Dicunt
1555 1122 1659 1159 enim
1706 1125 1813 1171 quod

500 1180 638 1215 volunt
676 1179 846 1215 libenter
884 1191 1026 1227 parere
1064 1190 1167 1227 pape
1206 1187 1243 1215 et
1282 1179 1552 1216 cardinalibus
1592 1180 1814 1218 exhibendo

502 1239 607 1286 quod
643 1237 814 1285 exigunt,
856 1237 887 1273 si
920 1249 991 1273 sua
1029 1236 1177 1285 peticio
1211 1249 1387 1273 consona
1421 1237 1471 1273 sit
1503 1238 1712 1287 scripture.
1767 1240 1871 1276 ΕΗΒ

502 1309 590 1332 cum
631 1295 679 1331 sit
718 1294 916 1343 scriptura
955 1307 1025 1344 per
1063 1307 1103 1331 se
1142 1294 1343 1331 sufficiens
1388 1308 1433 1332 ac
1478 1295 1717 1343 inerrabilis,
1751 1297 1813 1334 isti

501 1362 634 1390 autem
668 1362 835 1402 possunt
875 1365 1007 1390 errare
1047 1352 1216 1389 faciliter
1256 1362 1292 1389 et
1331 1366 1485 1390 errores
1526 1356 1573 1390 de
1618 1355 1723 1392 facto
1757 1368 1815 1392 se-

501 1411 666 1457 minant,
706 1412 838 1447 nullus
877 1411 1004 1448 fidelis
1043 1411 1231 1459 Anglicus
1276 1412 1391 1448 debet
1423 1412 1613 1460 predictis
1652 1414 1815 1461 prelatis

500 1469 672 1518 amplius
717 1482 837 1518 quarn
884 1482 924 1505 se
969 1469 1007 1505 in
1047 1468 1245 1517 scriptura
1285 1469 1536 1506 fundaverint
1575 1472 1813 1509 consentire.

558 1529 635 1564 Sed
669 1536 826 1564 constat
860 1539 903 1563 ex
925 1527 1002 1564 fide
1035 1527 1233 1576 scripture
1257 1536 1293 1564 et
1326 1527 1498 1565 racionis
1531 1529 1814 1567 conformitate
1832 1542 1872 1564 20

499 1587 607 1635 quod
651 1599 733 1622 non
771 1594 938 1634 possunt
983 1598 1026 1622 ex
1070 1585 1268 1634 scriptura
1310 1586 1476 1623 fundare
1521 1587 1682 1635 rapinas
1715 1589 1814 1625 tales

499 1657 724 1692 pauperum
757 1643 1031 1692 Anglicorum.
1086 1645 1178 1680 Ideo
1210 1657 1255 1680 ve
1295 1644 1351 1680 illi
1391 1644 1456 1693 qui
1497 1646 1696 1682 consentit
1729 1646 1812 1683 istis

499 1702 729 1751 raptoribus
762 1702 802 1738 in
835 1703 910 1739 hac
942 1710 1076 1750 parte3
1116 1701 1206 1738 ideo
1239 1702 1416 1750 promoti
1448 1703 1575 1739 nostri
1608 1703 1811 1741 intrinseci

499 1762 548 1797 ab
580 1760 666 1797 istis
698 1759 866 1805 iniuriis,
907 1759 1397 1797 excommunicacionibus
1436 1770 1472 1797 et
1513 1762 1688 1798 censuris
1728 1762 1812 1799 istis

500 1818 651 1856 frivolis
685 1819 890 1867 appellant
923 1819 972 1855 ad
1005 1827 1187 1854 nostrum
1223 1831 1413 1855 cesarem.
1449 1818 1513 1856 Sic
1537 1819 1643 1857 enim
1677 1822 1813 1869 appel-
1831 1823 1869 1856 25

500 1876 594 1914 lavit
634 1877 779 1914 Paulus
823 1878 909 1913 Act.
957 1877 1081 1912 XXV0
1121 1878 1171 1913 ad
1211 1876 1498 1925 imperatorem
1538 1879 1812 1915 Romanorum

500 1934 648 1971 relictis
680 1943 763 1971 tam
797 1934 1031 1971 doctoribus
1072 1934 1168 1982 legis
1207 1935 1351 1975 veteris
1395 1948 1515 1983 quarn
1550 1938 1668 1973 Petro
1708 1950 1813 1986 papa

501 1992 647 2029 Christi
694 1992 858 2029 ecclesie
912 1992 1178 2041 propinquius
1231 1993 1453 2030 assistente.
1513 1996 1594 2031 Nec
1647 1995 1811 2032 dubium

501 2050 607 2087 fideli
642 2063 684 2087 ex
719 2051 795 2086 side
818 2050 1014 2099 scripture
1038 2052 1145 2099 quod
1168 2063 1376 2099 nunquam
1401 2051 1473 2088 fuit
1496 2060 1576 2088 tam
1611 2052 1813 2090 autentica

501 2108 726 2157 appellacio
760 2108 865 2145 facta
899 2111 1081 2145 Romano
1122 2108 1312 2158 episcopo
1352 2110 1412 2146 vel
1454 2110 1611 2158 prolato
1645 2111 1811 2148 cesario.
1830 2113 1872 2145 30

502 2168 601 2203 Cum
629 2179 721 2214 ergo
745 2166 911 2214 gentiles
936 2166 1082 2203 milites
1099 2166 1225 2204 eciam
1250 2167 1430 2204 infideles
1455 2180 1498 2205 ex
1521 2169 1812 2217 procuracione

498 2224 682 2273 Apostoli
707 2224 1025 2273 appellaeionem
1054 2225 1169 2262 istam
1205 2225 1361 2262 fuerant
1394 2238 1465 2263 suo
1490 2226 1689 2264 iuvamine
1721 2240 1812 2276 pro-

499 2282 636 2329 secuti,
672 2291 823 2331 quanto
857 2282 982 2331 magis
1018 2283 1152 2320 fideles
1187 2282 1333 2320 milites
1365 2283 1475 2332 regni
1507 2285 1634 2321 nostri
1668 2286 1812 2323 debent

498 2354 571 2389 pro
606 2341 836 2378 defensione
874 2340 969 2389 legis
1009 2340 1141 2378 divine
1180 2349 1217 2378 et
1256 2341 1341 2378 iure
1379 2355 1425 2379 ac
1465 2342 1668 2380 adiutorio
1701 2344 1810 2392 regni

498 2398 625 2435 nostri
658 2399 958 2448 appellaeiones
991 2399 1091 2436 tales
1115 2399 1327 2436 defendere
1362 2409 1398 2437 et
1431 2399 1592 2438 iuvare?
1624 2402 1866 2450 Appella-35

499 2456 654 2494 cionem
689 2466 822 2494 autem
856 2457 976 2494 talem
1011 2457 1158 2494 scimus
1190 2457 1344 2494 nullum
1379 2458 1578 2507 prelatum
1612 2459 1807 2496 cesarium

499 2515 557 2551 vel
592 2515 675 2552 eius
707 2523 1013 2564 procuratorem
1048 2515 1231 2552 sufficere
1264 2515 1508 2564 improbare.

569 2692 588 2711 1.
611 2684 679 2711 DE:
700 2683 797 2719 regis3
827 2684 867 2711 ib.
888 2684 932 2711 A:
956 2684 1085 2712 clericus
1106 2684 1200 2712 deest.
1280 2685 1305 2713 5.
1328 2684 1396 2712 DE:
1418 2685 1490 2720 quin
1512 2685 1606 2713 deest.
1689 2686 1716 2714 Γ).
1739 2686 1807 2714 DE:

499 2719 636 2754 possint3
657 2719 698 2746 ib.
719 2720 763 2746 A:
785 2719 880 2746 aliter.
950 2726 988 2746 12.
1010 2720 1054 2747 A:
1076 2719 1238 2747 instructu.
1307 2718 1344 2748 13.
1365 2721 1409 2747 A:
1433 2720 1613 2755 perfectum.
1677 2728 1724 2748 20.
1741 2721 1809 2748 DE:

499 2753 649 2789 scripture
671 2753 805 2781 racionis
826 2757 853 2780 et
873 2754 1098 2781 conformitate.
1198 2761 1241 2782 22.
1262 2755 1306 2782 A:
1328 2754 1395 2782 istis
1416 2755 1510 2782 deest.
1608 2763 1655 2789 24.
1677 2756 1721 2783 A:
1743 2755 1810 2783 istis

498 2789 592 2815 deest.
678 2788 725 2816 26.
747 2788 790 2816 A:
813 2787 990 2823 imperium.
1075 2797 1119 2824 27.
1142 2789 1210 2816 DE:
1232 2789 1443 2816 sacerdotibus
1465 2789 1548 2823 legis.
1640 2798 1686 2822 20.
1708 2791 1752 2818 A:
1774 2798 1810 2817 cx

498 2823 554 2862 lide
574 2823 675 2855 deest;
704 2823 744 2850 ib.
766 2823 810 2850 A:
833 2827 893 2850 tam
915 2823 1009 2850 deest.
1108 2823 1154 2851 30.
1178 2823 1245 2851 DE:
1267 2823 1405 2851 Romano
1428 2824 1574 2859 pontifici.
1671 2824 1717 2859 34.
1740 2824 1808 2852 DE:

498 2866 584 2885 llll'lS.

575 2950 626 2971 lo.
653 2939 705 2972 Cf.
726 2939 987 2982 Walsingham,
1016 2940 1104 2972 Hist.
1132 2941 1265 2982 Anglic.
1293 2941 1332 2979 Π,
1361 2941 1412 2973 51.
