1986 3380
186 619 201 650 5

166 916 207 939 10

169 1196 205 1229 15

166 1497 207 1519 20

132 1687 207 1718 Fol.

134 1736 208 1786 199?

168 2070 210 2103 30

169 2364 208 2397 35

217 276 353 304 SERMO
369 263 495 321 xvnr]
686 275 897 307 SECUNDA
929 274 1053 305 [21st,

219 399 308 423 cum
343 385 429 433 ipsa
462 385 510 421 ab
556 381 723 419 introitu
757 380 903 418 Christi
949 380 988 416 in
1033 380 1198 416 domum
1234 376 1409 414 Simonis
1455 378 1528 414 sibi

219 443 463 491 complecius
507 440 711 483 satisfecit,
751 439 907 475 videtur
946 439 1053 487 quod
1098 437 1184 485 ipsa
1230 448 1350 484 quam
1393 435 1532 472 Simon

219 502 434 539 accusabat
467 501 573 537 fatue
607 498 656 535 sit
688 499 903 539 laudanda,
939 506 975 533 et
1008 496 1091 544 ipse
1116 494 1256 530 Simon
1290 506 1333 530 ex
1365 503 1532 542 peccato

221 559 432 607 multiplici
478 558 527 594 sit
572 557 806 605 culpandus.
855 558 929 590 Pro
976 555 1237 590 fundamento
1282 564 1376 588 vero
1421 551 1534 588 istius

221 617 446 665 argumenti
490 614 652 652 Domini
697 626 882 662 suppono
931 625 974 649 ex
1019 610 1222 659 evangelio
1256 608 1378 661 (Luce
1410 609 1534 659 X1X0)

221 677 329 725 quod
376 675 460 723 ipse
506 675 552 710 de
597 683 838 721 quocunque
883 672 988 707 dono
1034 671 1141 718 quod
1196 667 1349 704 dederit
1393 667 1535 704 viatori

222 746 384 770 usuram
417 732 533 781 exigit
563 731 826 779 spiritualem,
862 738 898 765 et
923 737 1032 777 patet
1056 728 1163 776 quod
1188 725 1316 763 Maria
1340 725 1536 774 recipiens

222 806 243 829 a
277 791 438 828 Christo
472 792 575 827 dona
609 788 809 825 naturalia
850 796 886 823 et
931 799 1060 835 pauca
1104 786 1164 821 vel
1208 784 1318 820 nulla
1362 783 1536 831 gratuita

222 859 314 887 ante
348 849 429 886 eius
463 847 670 884 introitum
706 859 794 883 cum
828 859 901 882 usu
925 843 1117 882 laudabili
1141 843 1307 879 istorum
1336 843 1534 878 bonorum

222 907 466 945 naturalium
501 914 590 954 post
624 905 706 941 eius
739 904 948 940 introitum
979 901 1189 950 acquisivit
1212 899 1387 937 Domino
1412 900 1536 936 multa

223 969 327 1002 bona
351 964 495 1013 gracie,
516 964 677 1012 quando
703 964 854 1011 Symon
877 961 1064 998 continue
1089 960 1267 996 debitum
1292 958 1534 994 incurrebat.

221 1023 400 1060 Assumit
433 1031 565 1059 autem
600 1021 781 1058 Christus
814 1029 1020 1068 tamquam
1056 1017 1299 1066 principium
1333 1017 1441 1065 quod
1474 1015 1535 1052 cui

1747 263 1818 299 135

223 1082 354 1118 minus
399 1079 614 1117 dimittitur
659 1079 790 1116 minus
836 1077 976 1126 diligit.
1030 1077 1147 1122 Quod
1192 1074 1349 1111 videtur
1393 1086 1535 1122 capere
1551 1079 1720 1106 Instaucca
1745 1079 1825 1106 ainst

1580 1113 1630 1140 the
1652 1115 1715 1141 rule
1746 1113 1794 1140 aid

223 1141 368 1176 multas
412 1138 640 1183 instancias,
692 1137 824 1186 primo
869 1149 959 1172 cum
1006 1143 1134 1170 mater
1179 1132 1325 1170 Christi
1371 1142 1408 1169 et
1454 1132 1536 1168 eius
1552 1148 1643 1175 down
1660 1148 1824 1181 vahrist.

222 1197 450 1235 humanitas
483 1209 638 1233 summe
672 1196 890 1232 dilexerant
924 1203 960 1230 et
989 1202 1124 1230 tamen
1156 1190 1279 1227 nichil
1313 1190 1367 1227 eis
1401 1189 1536 1226 dimit-

222 1258 393 1297 tebatur,
433 1268 523 1292 cum
557 1267 638 1291 non
671 1261 946 1303 peccaverant.
1000 1254 1111 1296 Item,
1151 1249 1256 1286 iuxta
1297 1250 1399 1286 hanc
1431 1248 1534 1285 viam

221 1316 282 1352 vel
312 1327 450 1350 omnes
479 1321 711 1361 peccatores
745 1324 915 1360 quorum
951 1309 1208 1346 remittuntur
1240 1316 1405 1355 peccata
1438 1318 1537 1355 eque

223 1381 435 1422 peccarent
467 1373 527 1408 vel
560 1372 692 1407 nullus
725 1378 860 1418 posset
894 1368 1015 1405 alium
1041 1366 1081 1403 in
1105 1365 1324 1402 dileccione
1348 1377 1538 1413 superare

223 1441 259 1468 et
305 1444 373 1479 per
419 1442 666 1477 consequens
705 1441 778 1477 pro
818 1426 1064 1464 beatitudine
1104 1425 1192 1473 plus
1232 1423 1389 1469 mereri,
1430 1424 1538 1471 quod

224 1499 279 1526 est
314 1497 453 1525 contra
488 1487 689 1524 Christum
725 1485 932 1531 (Johannis
955 1485 1077 1529 X1V0‚
1103 1486 1159 1527 2):
1194 1483 1235 1518 In
1269 1483 1381 1518 domo
1409 1481 1539 1531 patris

223 1548 298 1584 mei
328 1546 545 1582 mansiones
577 1546 694 1581 multe
725 1552 823 1581 Sunt.
871 1546 982 1585 Item,
1016 1541 1173 1577 videtur
1213 1553 1256 1576 ex
1288 1548 1416 1576 textus
1449 1551 1537 1587 per—

223 1605 397 1643 tinencia
421 1605 529 1653 quod
554 1603 618 1639 isti
653 1602 807 1639 Simoni
842 1601 1007 1637 dimissa
1039 1608 1130 1635 sunt
1162 1608 1341 1647 peccata,
1377 1606 1413 1634 et
1447 1610 1535 1633 cum

224 1678 267 1701 ex
306 1665 445 1700 eodem
485 1671 592 1699 textu
629 1661 785 1698 videtur
824 1658 1085 1703 contrarium,
1118 1656 1275 1693 videtur
1315 1657 1422 1705 quod
1463 1656 1538 1691 hoc

224 1721 471 1770 evangelium
506 1733 548 1757 re
577 1716 581 1771 Ι
610 1728 761 1768 pugnat
794 1717 1008 1754 infideliter
1044 1715 1119 1752 sibi
1152 1714 1240 1763 ipsi.

282 1783 357 1817 Pro
401 1780 476 1815 isto
510 1778 656 1815 dicitur
686 1779 793 1827 quod
818 1776 965 1813 Christi
996 1773 1190 1811 diffinicio
1224 1781 1281 1809 est
1313 1772 1538 1808 necessaria

223 1841 291 1876 sed
326 1851 399 1887 pro
433 1837 515 1874 eius
554 1837 759 1873 intellectu
797 1835 924 1871 sancti
968 1832 1137 1878 variant,
1183 1840 1226 1868 ut
1271 1830 1435 1880 quidam
1481 1829 1538 1865 in-

223 1897 407 1945 telligunt
446 1895 543 1931 illud
583 1894 893 1943 particulariter,
934 1901 971 1930 et
1010 1901 1104 1928 tunc
1143 1889 1324 1926 obiectus
1362 1901 1443 1924 non
1476 1901 1539 1924 ca-

223 1956 338 2005 piunt
384 1963 523 1991 contra
568 1953 666 1989 illud
711 1952 969 1997 instanciam3
1022 1949 1088 1987 alii
1134 1957 1266 1985 autem
1313 1946 1540 1994 intelligunt

225 2016 300 2051 hoc
333 2011 610 2050 universaliter
643 2013 778 2060 quoad
818 2009 1037 2054 hominem,
1078 2020 1168 2044 cum
1209 2006 1325 2043 aliter
1357 2004 1539 2042 Christus

224 2072 467 2120 incomplete
509 2079 546 2107 et
590 2069 896 2118 impertinentes
940 2068 1038 2104 illud
1084 2064 1322 2114 exprimeret
1368 2071 1405 2100 et
1448 2075 1540 2111 sup-

224 2131 451 2180 peraddunt
484 2129 592 2177 quod
632 2136 688 2164 est
727 2128 872 2175 duplex
912 2124 1104 2171 dimissio,
1145 2122 1296 2160 scilicet
1335 2120 1540 2158 commissi

225 2187 377 2225 delecio
417 2195 454 2223 et
487 2200 508 2223 a
542 2185 834 2223 committendo
875 2186 922 2221 de
961 2181 1143 2233 possibili
1181 2179 1446 2230 preservacio.
1491 2181 1540 2215 Et

225 2247 280 2283 sic
333 2259 355 2283 a
400 2245 486 2282 solo
538 2244 697 2281 Christo
750 2246 834 2280 Deo
889 2251 926 2279 et
978 2240 1141 2278 homine
1193 2238 1416 2276 excluditur
1467 2236 1539 2273 Dei

226 2303 419 2341 dimissio.

282 2365 330 2399 Et
364 2371 458 2398 tunc
497 2362 546 2397 ad
584 2359 761 2409 primum
800 2360 847 2395 de
887 2360 1004 2395 beata
1045 2356 1196 2405 virgine
1239 2354 1386 2392 dicitur
1433 2354 1541 2402 quod

225 2420 297 2457 sibi
344 2419 620 2456 dimittebatur
666 2417 883 2454 maximum
929 2417 1106 2453 secundo
1150 2415 1285 2460 modo,
1332 2425 1422 2449 curn
1468 2410 1540 2448 fuit

225 2479 314 2528 plus
347 2491 468 2527 quam
502 2476 630 2514 Maria
662 2476 897 2524 Magdalene
928 2475 990 2511 vel
1028 2473 1106 2510 alia
1151 2472 1286 2521 aliqua
1318 2484 1340 2508 a
1372 2469 1540 2507 crimine

294 2635 319 2664 3.
340 2637 385 2664 A:
407 2639 539 2663 accusat.
669 2643 698 2667 4.
720 2633 759 2661 E:
782 2634 820 2661 sit
840 2633 934 2661 deest.
1066 2641 1092 2667 7.
1114 2631 1137 2658 E
1156 2631 1186 2658 in
1209 2639 1323 2666 marg:
1344 2629 1427 2656 Deus
1448 2628 1492 2655 exi
1518 2627 1540 2655 it

225 2679 363 2699 usuram.
453 2678 494 2698 10.
517 2674 612 2697 recte:
634 2678 650 2696 a
670 2669 817 2697 Domino.
908 2676 942 2696 11.
962 2668 1006 2695 A:
1030 2667 1109 2694 bona
1130 2665 1229 2701 gracie
1250 2665 1343 2692 deest.
1435 2662 1473 2691 13.
1532 2671 1538 2689 :

225 2706 329 2733 minus
348 2705 514 2733 dimittitur
533 2705 634 2739 deest3
661 2704 703 2732 D:
725 2704 829 2731 minus
849 2702 962 2730 minus.
1077 2711 1119 2735 14.
1140 2701 1164 2728 E
1184 2701 1214 2728 in
1235 2708 1349 2735 marg.:
1370 2696 1539 2730 Instancie;

225 2741 266 2768 ib.
286 2740 371 2768 ADE
390 2740 421 2768 in
442 2747 556 2775 marg.:
580 2748 599 2767 1.
743 2739 784 2767 16.
805 2738 874 2765 DE:
897 2741 1116 2773 peccaverunt;
1144 2736 1184 2763 ib.
1205 2735 1290 2762 ΑΒΕ
1315 2735 1345 2761 in
1373 2741 1486 2768 marg:
1513 2739 1539 2758 2.

228 2784 270 2811 19.
290 2775 333 2802 D:
355 2783 425 2811 per3
453 2775 494 2802 ib.
515 2775 560 2802 A:
582 2782 709 2802 merere.
782 2781 821 2800 21.
842 2772 926 2800 ΑΒΕ
945 2772 975 2799 in
997 2780 1111 2807 marg.:
1132 2769 1156 2798 3.
1235 2770 1276 2798 25.
1298 2768 1353 2797 ΑΕ
1373 2768 1402 2795 in
1425 2774 1538 2802 marg:

225 2810 408 2845 Responsio.
487 2808 533 2837 28.
553 2809 598 2837 A:
619 2809 694 2836 illud
716 2808 816 2842 deest;
838 2807 878 2835 ib.
896 2807 919 2834 E
938 2807 968 2834 in
990 2814 1104 2841 marg:
1127 2814 1147 2833 1.
1226 2812 1273 2837 20.
1289 2804 1334 2831 A:
1355 2810 1424 2830 cum
1446 2801 1539 2828 deest.

226 2843 272 2872 30.
294 2845 336 2871 D:
358 2844 400 2872 id.
543 2842 580 2871 31.
601 2843 625 2871 E
644 2843 675 2870 in
696 2851 810 2878 marg:
831 2842 981 2869 Dimissio
1001 2841 1130 2876 duplex3
1156 2840 1185 2867 A
1204 2839 1234 2867 in
1256 2846 1369 2873 marga
1392 2835 1540 2875 Dimissio

227 2879 486 2949 Rffgcggilessfflex'
559 2877 601 2906 35.
621 2879 651 2906 A
670 2878 702 2905 in
722 2885 837 2912 marg:
860 2885 886 2910 ις
908 2877 932 2904 D
954 2876 985 2904 in
1006 2883 1120 2911 marg.:
1142 2874 1191 2902 Ad
1214 2874 1360 2909 primum.
1433 2870 1476 2906 37.
1499 2870 1538 2897 h:

1570 1775 1701 1802 Defence
1721 1775 1756 1802 of
1772 1775 1808 1802 it:

1560 1809 1693 1837 Christ's
1713 1809 1819 1837 words

1572 1853 1641 1880 may
1663 1845 1698 1871 be
1719 1845 1807 1872 taken

1566 1879 1762 1915 particularly
1782 1887 1818 1906 or

1612 1915 1773 1951 generally.

1578 2355 1658 2382 How
1679 2354 1726 2382 sin
1746 2361 1812 2380 was

1561 2389 1701 2417 remitted
1721 2393 1752 2416 to
1773 2388 1824 2416 the

1631 2423 1752 2459 Virgin.
