1986 3380
146 290 189 322 τᾶ
726 296 948 328 JOHANle
966 296 1148 329 wvcmr
1167 297 1422 330 sERMorvuM
1522 284 1673 342 [SERMO
1694 295 1744 323 111.

424 414 545 450 opere
568 411 604 438 et
628 402 706 438 alia
729 402 769 438 in
792 402 937 451 quiete,
963 405 1070 452 quod
1095 405 1232 440 Petrus
1258 403 1370 440 miles
1387 403 1536 441 Christi
1561 404 1740 452 egregius

424 461 488 496 det
519 460 599 496 suis
630 460 868 509 sequacibus
891 461 1102 498 audaciam
1127 462 1301 510 ponendi
1326 462 1503 499 animam
1527 474 1639 499 suam
1667 475 1740 510 pro

424 518 563 554 ovibus
585 518 713 566 gregis
730 518 890 555 Christi.
906 520 994 555 Joh.
1011 521 1112 555 XVO.
1139 522 1240 556 Nam
1255 521 1475 557 secundum
1493 520 1741 569 evangelium

425 576 609 612 maim-em
635 577 836 612 caritatem
869 589 978 613 nemo
1010 578 1122 613 habet
1145 578 1218 614 nisi
1239 586 1278 614 ut
1300 579 1467 614 animam
1493 591 1601 614 suam
1621 586 1742 628 ponat

423 634 505 682 quis
539 646 615 682 pro
654 634 787 670 amicis
824 635 913 671 suis.
961 637 1008 671 Et
1048 644 1132 672 tota
1173 635 1247 672 ista
1287 635 1490 672 sentencia
1535 648 1581 673 ac
1625 637 1775 684 longe}

424 691 578 739 plurior
602 691 838 740 intelligitur
862 691 901 728 in
924 692 1001 729 isto
1026 695 1146 729 verbo
1171 693 1278 730 dicto
1303 695 1441 730 Petro:
1474 695 1641 743 Sequere
1670 706 1739 730 me.

197 765 222 784 2.
245 756 346 784 Clu-ist
483 750 668 786 Secundo
701 749 978 798 principaliter
1011 751 1171 787 instruit
1196 752 1271 788 hoc
1304 751 1555 799 evangelium
1580 753 1741 788 Petrum

138 792 358 853 ¹⁹'³¹²}'¹}‡'.J„¹JCJ‚“}{T
379 796 408 817 ¹⁰
425 816 461 842 et
495 820 633 844 omnes
667 820 857 857 sequaces
890 821 982 845 suos
1006 811 1212 857 quomodo
1245 809 1451 846 excucient
1475 822 1497 845 a
1530 822 1569 845 se
1603 822 1741 846 curam

147 862 672 912 ¹¹c<d¹e⁵⁵0³¹¹1·⁵-superfluam
718 875 838 914 atque
884 865 1079 903 illicitam.
1139 868 1372 914 Conversus,
1418 866 1560 915 inquit,
1603 868 1743 903 Petrus

426 923 519 958 vidit
550 923 846 974 Evangelistam
881 925 1016 972 (quem
1049 917 1143 973 quia
1174 927 1286 961 Jesus
1319 924 1500 973 graciose
1535 924 1741 971 dilexerat,
1763 938 1801 960 10

424 993 505 1017 non
528 993 571 1017 ex
593 981 674 1018 suis
699 981 862 1028 meritis,
886 991 1002 1019 vocat
1026 995 1065 1019 se
1087 982 1219 1031 ipsum
1245 992 1286 1019 ut
1310 984 1456 1019 assolet
1481 982 1739 1031 discipulum)

425 1051 532 1087 quem
564 1040 750 1090 diligebat
769 1040 879 1076 Jesus
909 1040 975 1088 qui
1004 1042 1245 1089 sequebatur
1281 1053 1371 1077 eum
1405 1041 1560 1077 incessu
1594 1042 1742 1089 pedum

425 1106 467 1133 ut
501 1099 658 1143 Petrus;
699 1097 765 1146 qui
806 1099 982 1134 secundo
1021 1098 1204 1135 recubuit
1243 1098 1282 1134 in
1322 1112 1419 1135 cena
1452 1112 1570 1147 super
1603 1108 1741 1147 pectus

426 1155 586 1191 Domini
621 1164 657 1192 et
692 1165 823 1192 motus
856 1169 878 1192 a
902 1158 1019 1192 Petro
1053 1165 1094 1192 ut
1118 1165 1303 1205 quereret
1336 1158 1418 1205 quis
1450 1170 1533 1193 eum
1567 1158 1742 1193 traderet

425 1222 461 1249 et
506 1213 561 1250 sic
606 1222 736 1249 totum
782 1215 856 1250 hoc
902 1223 959 1250 est
1003 1215 1224 1262 pendulum
1275 1224 1311 1251 et
1352 1214 1452 1251 mira
1491 1214 1797 1263 pertinencia15

424 1270 632 1307 insertum.
680 1272 795 1307 Hunc
832 1284 930 1321 ergo
968 1284 1052 1307 cum
1095 1273 1250 1308 vidisset
1289 1273 1429 1308 Petrus
1475 1272 1741 1320 corporaliter

425 1339 656 1377 sequentem
680 1330 793 1376 dixit,
813 1330 902 1365 Jesu
925 1330 1104 1375 Domine,
1134 1331 1225 1378 quid
1248 1330 1391 1366 eveniet
1415 1331 1461 1366 de
1483 1330 1586 1366 isto?
1617 1332 1740 1366 Num—

425 1387 519 1435 quid
554 1387 627 1423 erit
662 1387 758 1423 mihi
792 1387 924 1423 socius
963 1386 1003 1423 in
1042 1387 1240 1435 passione,
1281 1387 1383 1424 sicut
1424 1387 1497 1423 fuit
1536 1387 1667 1425 socius
1699 1388 1740 1425 in

427 1445 650 1482 eleccione?
696 1457 942 1493 cognoscens
987 1445 1093 1481 enim
1139 1445 1345 1494 propriam
1390 1445 1650 1494 fragilitatem
1696 1458 1738 1483 ex

424 1503 643 1551 negacione
694 1503 819 1552 priori
864 1502 990 1539 voluit
1041 1504 1187 1540 habere
1231 1503 1385 1540 socium
1431 1513 1468 1540 et
1513 1504 1738 1541 adiutorem
1755 1518 1798 1541 20

425 1562 681 1598 revelantem.
721 1561 798 1598 Sed
833 1562 923 1597 dicit
955 1562 990 1597 ei
1017 1562 1149 1598 Jesus:
1189 1562 1280 1598 Volo
1319 1563 1417 1597 hunc
1456 1562 1739 1610 evangelistam

426 1619 760 1668 contemplativos
798 1628 879 1656 tam
920 1619 960 1655 in
996 1619 1059 1656 via
1097 1632 1218 1668 quam
1257 1619 1298 1655 in
1330 1619 1460 1668 patria
1500 1620 1737 1667 figurantem

424 1678 478 1713 sic
500 1690 656 1714 manere
678 1677 718 1714 in
742 1677 874 1726 quiete
897 1677 1084 1723 viantem,
1103 1679 1220 1714 donec
1244 1678 1390 1714 veniam
1416 1690 1542 1726 prope
1567 1687 1736 1714 mortem
1760 1706 1819 1737 FO!

425 1748 537 1771 suam
567 1748 656 1772 cum
688 1735 785 1772 meis
813 1731 818 1789 Ι
847 1735 1053 1784 discipulis
1081 1735 1291 1784 predicens
1321 1735 1395 1772 sibi
1427 1737 1535 1785 quod
1558 1735 1740 1784 proxima
1762 1730 1839 1784 1853»

425 1792 487 1829 die
539 1792 740 1830 dominica
798 1794 997 1830 resolutus
1041 1793 1082 1830 in
1127 1803 1295 1830 mortem
1341 1793 1568 1842 inperialem
1612 1793 1742 1831 veniet
1759 1798 1798 1830 25

424 1852 473 1887 ad
495 1851 655 1900 plenam
679 1850 968 1888 beatitudinem
992 1852 1126 1888 fruens
1151 1864 1241 1888 cum
1265 1851 1454 1888 fratribus
1478 1851 1558 1888 suis
1582 1851 1741 1888 obiecto

425 1908 610 1946 beatifico
634 1911 741 1958 quod
765 1909 912 1946 dilexit.
947 1911 994 1946 Et
1026 1918 1136 1958 patet
1167 1909 1313 1946 veritas
1347 1909 1462 1946 huius
1495 1909 1536 1946 in
1567 1909 1740 1946 termino

424 1967 501 2003 vite
525 1980 605 2004 sue.
637 1968 750 2004 Unde
775 1967 956 2004 Christus
985 1977 1130 2004 notans
1161 1977 1372 2016 peccatum
1397 1967 1503 2004 Petri
1527 1967 1740 2016 exquesti-

424 2038 500 2061 one
532 2024 663 2062 inutili
697 2025 812 2062 huius
844 2025 1005 2071 noticie,
1035 2025 1127 2062 licet
1151 2027 1290 2062 Petrus
1323 2025 1506 2062 habuerit
1537 2027 1740 2075 quandam

426 2082 684 2120 affeccionem
730 2095 866 2120 cecam
912 2092 948 2120 et
992 2083 1246 2132 inprovidam
1291 2085 1338 2120 de
1376 2084 1575 2120 Johanne:
1624 2084 1799 2129 Qu1'd‚30

426 2140 568 2189 inquit,
590 2142 642 2176 ad
663 2142 728 2177 te?
753 2142 807 2176 Tu
831 2154 890 2177 me
912 2154 1083 2191 sequere,
1107 2141 1222 2191 quasi
1247 2141 1416 2178 diceret:
1440 2140 1599 2178 Noticia
1624 2141 1740 2177 huius

427 2208 483 2235 est
512 2198 583 2235 tibi
613 2198 874 2247 impertinens
907 2211 997 2235 cum
1029 2212 1111 2236 non
1142 2201 1261 2236 debes
1293 2199 1500 2236 addiscere
1531 2198 1607 2235 nisi
1641 2198 1739 2235 illud

427 2258 534 2305 quod
568 2266 777 2305 promovet
815 2259 864 2293 ad
905 2258 1109 2306 sequelam
1150 2270 1292 2294 meam.
1327 2259 1375 2294 Et
1408 2257 1471 2293 hic
1503 2266 1599 2293 nota
1633 2258 1741 2305 quod

427 2314 679 2362 Evangelista
702 2324 818 2352 vocat
841 2328 931 2351 eum
956 2315 1107 2364 duplici
1130 2315 1293 2352 nomine
1322 2315 1582 2364 pertinenter,
1608 2314 1740 2363 primo

496 2490 521 2510 2.
543 2483 586 2511 A:
609 2482 673 2511 suis
693 2482 786 2510 deest.
895 2481 920 2510 3.
942 2482 1010 2510 DE:
1030 2482 1097 2510 Joli.
1119 2482 1191 2510 XV⁰
1213 2482 1306 2510 deest.
1416 2482 1440 2510 5.
1465 2482 1532 2510 1³13:
1554 2481 1624 2517 quis
1645 2481 1739 2520 deest.

429 2518 456 2545 s».
478 2519 521 2546 A:
544 2518 605 2545 illo.
691 2526 717 2552 7.
740 2520 768 2545 A
788 2517 817 2545 in
839 2525 952 2552 marg.:
978 2517 1010 2545 B.
1095 2518 1122 2545 ὃ.
1145 2517 1169 2544 D
1192 2518 1220 2544 in
1243 2525 1356 2551 marg:
1380 2517 1522 2545 Secunda
1543 2524 1624 2552 pars.
1645 2516 1739 2551 Sequi

429 2552 586 2580 Christum
609 2557 654 2580 est
675 2553 833 2588 multiplex
854 2557 880 2579 et
902 2552 1127 2583 necessarium:
1150 2552 1190 2579 ib.
1208 2553 1250 2579 A:
1273 2560 1381 2579 omues
1403 2556 1574 2587 sequentes,
1632 2559 1672 2578 10.
1694 2551 1738 2578 A:

428 2588 498 2623 quia
513 2588 614 2622 ἀοι-εἰς
636 2588 675 2615 ib.
692 2589 735 2615 A:
757 2596 914 2622 generose.
937 2587 994 2614 Hic
1014 2587 1099 2614 locus
1122 2587 1200 2614 haud
1223 2586 1315 2614 dubie
1336 2591 1501 2621 corruptus
1516 2590 1570 2613 est.
1645 2585 1679 2624 ¹5:
1695 2586 1740 2613 A:

428 2627 456 2649 et
486 2623 529 2650 sic
558 2623 652 2650 deest.
771 2631 808 2656 17.
842 2622 908 2649 DE:
939 2622 1071 2649 Domine
1102 2621 1202 2654 deest:
1237 2622 1275 2648 ib.
1306 2622 1349 2648 A:
1381 2621 1417 2648 de
1447 2621 1506 2648 isto
1535 2620 1739 2660 Evan'elisla.

430 2658 468 2687 18.
491 2665 532 2689 ιο.
554 2659 597 2684 A:
619 2657 676 2684 suit
696 2657 724 2684 in
747 2656 908 2684 eleccione.
1023 2664 1066 2684 22.
1088 2657 1132 2683 A:
1155 2661 1275 2683 contem
1289 2655 1424 2683 stacioni.
1533 2655 1576 2682 25.
1599 2654 1666 2681 112:
1691 2662 1740 2689 pe-

429 2689 537 2719 nalem.
623 2699 667 2727 27,
689 2693 734 2719 28,
756 2692 800 2719 Α;
823 2691 852 2719 in
873 2691 1019 2718 chronica
1040 2691 1109 2719 vire.
1202 2698 1249 2726 29.
1309 2699 1315 2717 ε
1338 2690 1453 2717 habuit.
1538 2688 1581 2717 32.
1603 2689 1647 2716 A:
1669 2697 1738 2716 cum

429 2726 520 2754 nichil
543 2726 645 2754 debes.

504 2879 553 2911 ¹7·
581 2869 748 2910 vulgate:
776 2868 939 2907 Domine,
965 2867 1021 2900 hic
1045 2871 1163 2900 autem
1191 2865 1304 2909 quid?
1377 2864 1429 2898 23.
1457 2864 1509 2898 Cf.
1538 2865 1739 2906 Legendam

430 2917 580 2947 Auream
607 2915 723 2947 Jacobi
753 2916 795 2945 de.
825 2913 1001 2957 voragine
1027 2921 1124 2956 quot.
1148 2913 1190 2955 by
1219 2912 1351 2944 Arnold
1381 2912 1400 2943 l.
1428 2922 1467 2951 c„
1497 2922 1573 2954 pag.
1602 2910 1676 2943 3213.
