1986 3380
204 303 279 339 3Οό
785 306 1010 338 ,ΙΟΗᾹΝΜΞ
1028 304 1210 335 WYCMF
1230 302 1485 334 stimiONUM
1539 288 1690 344 [SERMO
1712 298 1803 325 XLII-

200 427 266 454 The
287 423 473 462 examplcoi
549 414 692 458 Quoad
733 414 951 449 secundum
989 413 1036 446 de
1071 408 1309 458 patriarchis
1342 417 1450 456 patet
1484 408 1591 455 quod
1625 406 1715 442 licet
1750 406 1805 442 illi

220 458 457 525 ἶῐῖξζήἰ’-[ᾗῇζᾙζζὲῗ
493 471 710 518 figurarunt
758 472 911 506 futuros
965 470 1141 517 prelatos
1193 466 1371 505 ecclesie,
1419 465 1543 502 eciam
1597 464 1803 501 dominum

489 531 620 565 jesum
643 530 860 567 Christum,
886 538 1018 564 tamen
1044 539 1123 561 non
1148 526 1262 562 debet
1282 524 1384 561 trahi
1410 523 1447 559 in
1472 522 1803 571 consequenciam

491 589 596 635 quod
645 587 785 635 prelati
832 586 957 622 nostri
1004 584 1081 620 sint
1128 585 1278 620 mundo
1325 582 1380 618 sic
1426 581 1578 617 divites.
1626 580 1806 617 Christus

492 646 593 681 enim
643 646 756 681 istam
799 642 1133 692 conseque-nciam
1174 654 1253 678 non
1293 640 1491 688 cognovit,
1531 648 1568 675 et
1601 648 1716 687 turpe
1751 643 1840 675 esti>

492 704 692 740 Christum
730 703 767 738 in
802 702 876 738 isto
901 701 1126 749 relinquere
1160 709 1196 736 et
1234 699 1330 735 istos
1363 698 1613 746 patriarchas
1647 698 1694 732 de
1725 697 1807 743 lege

491 761 611 798 veteri
653 761 890 808 coniugatos
924 769 959 796 et
993 767 1171 795 remotos
1203 758 1252 794 ab
1286 756 1453 793 introitu
1487 757 1536 792 ad
1570 767 1734 803 regnum
1769 754 1808 790 in

492 819 560 855 illo
620 820 726 867 quod
785 818 888 866 sapit
943 818 1136 853 mundum
1189 825 1270 852 tarn
1325 814 1554 851 differenter
1607 821 1808 861 appetere.

491 876 730 925 Temptacio
781 875 944 912 indubie
995 884 1051 912 est
1104 873 1264 922 dyaboli
1310 873 1365 909 sic
1410 871 1673 920 sophisticare
1718 883 1806 906 curn

492 936 570 971 illis
615 936 748 983 quoad
794 934 1014 970 mundialia
1067 942 1102 969 et
1146 932 1185 969 in
1231 931 1308 967 illis
1352 930 1392 967 in
1436 930 1579 979 quibus
1623 937 1868 965 amarunt1o

494 993 696 1030 Christum
729 1001 764 1028 et
789 993 1058 1040 sequebantur
1088 1004 1191 1031 eum,
1218 1003 1307 1026 cum
1338 988 1414 1025 sint
1439 990 1542 1025 bona
1571 986 1809 1036 spiritualia,

494 1052 601 1100 ipsos
642 1053 836 1087 deserere.
885 1050 1040 1086 Dicitur
1080 1049 1240 1097 quidem
1288 1046 1557 1084 communiter
1595 1046 1702 1094 quod
1742 1057 1809 1093 pa‘

493 1110 667 1146 triarche
724 1108 819 1156 legis
869 1108 1013 1144 veteris
1064 1117 1271 1155 tamquam
1323 1114 1457 1154 patres
1508 1103 1618 1140 rudis
1671 1102 1811 1152 populi

494 1175 735 1215 acceperunt
774 1166 1015 1214 temporalia
1059 1166 1280 1202 secundum
1327 1163 1531 1200 racionem
1578 1174 1655 1210 qua
1701 1169 1812 1197 erant

494 1225 679 1263 arraliter
698 1226 747 1261 ad
767 1226 871 1261 bona
890 1224 1018 1272 patrie
1041 1223 1257 1259 inductiva.
1282 1222 1463 1259 Christus
1479 1221 1584 1257 enim
1603 1229 1811 1268 tamquam
1833 1223 1868 1256 15

494 1293 607 1333 pater
638 1283 889 1331 prestancior
917 1281 1094 1331 plurium
1128 1280 1311 1329 gencium
1347 1278 1583 1328 exemplavit
1617 1277 1811 1326 populum

494 1355 610 1379 suum
635 1341 674 1377 in
698 1341 812 1377 bonis
836 1340 1027 1377 virtutum
1053 1349 1089 1376 et
1104 1339 1249 1387 gracie,
1267 1348 1303 1375 et
1319 1337 1452 1375 clerici
1475 1336 1600 1374 nostri
1624 1335 1814 1384 precipue

495 1402 640 1436 debent
673 1399 940 1447 propinquius
973 1399 1104 1446 ipsum
1138 1397 1264 1446 sequi.

225 1478 467 1506 Theb-tibiis&
555 1459 698 1504 Quoad
746 1457 914 1494 tercium
962 1466 1072 1505 patet
1112 1469 1154 1492 ex
1194 1455 1376 1504 predicto
1415 1454 1505 1490 loco
1545 1451 1735 1500 evangelii
1776 1460 1813 1488 et

224 1515 394 1576 taliwslfisssffi
415 1522 464 1575 (ζξξ
496 1526 582 1553 toto
614 1528 732 1552 cursu
761 1528 833 1552 suo
863 1517 968 1564 quod
993 1523 1121 1551 totum
1152 1514 1246 1550 cleri
1277 1511 1541 1549 ministerium
1573 1519 1630 1547 est
1650 1510 1812 1558 plenum
1831 1524 1872 1546 20

288 1584 401 1612 Clu-ist.
497 1573 742 1622 calumpnia,
777 1587 867 1610 cum
900 1586 981 1610 non
1013 1572 1194 1621 sequitur
1224 1571 1427 1609 Christum
1462 1569 1501 1606 in
1536 1569 1714 1605 moribus
1746 1568 1814 1604 sed

497 1633 636 1681 pocius
681 1632 987 1668 Antichristum.
1041 1630 1223 1667 Christus
1275 1629 1379 1666 enim
1424 1627 1577 1676 aufugit
1620 1626 1812 1663 iudicium

497 1691 733 1739 temporale,
773 1699 815 1726 ut
854 1698 964 1738 patet
999 1691 1103 1726 Luce
1136 1690 1238 1734 XIV),
1278 1687 1345 1724 ubi
1382 1695 1570 1723 narratur
1609 1685 1815 1734 quomodo

498 1749 662 1798 quidam
686 1748 811 1785 voluit
835 1748 1039 1785 Christum
1070 1746 1246 1783 dividere
1270 1745 1532 1782 hereditatem
1558 1743 1661 1780 inter
1683 1743 1814 1792 ipsum

499 1817 535 1844 et
574 1808 738 1844 fratrem
777 1819 908 1851 suum,
948 1807 1016 1842 sed
1057 1805 1237 1842 Christus
1277 1803 1407 1840 renuit
1446 1804 1518 1839 sub
1560 1803 1634 1838 hae
1666 1802 1872 1838 foi-maz25

505 1866 612 1912 Quis,
653 1865 794 1913 inquit,
835 1864 1030 1901 constituit
1069 1876 1128 1899 me
1167 1863 1328 1898 iudicem
1369 1869 1434 1897 aut
1473 1861 1679 1897 divisorem
1717 1859 1818 1895 inter

502 1937 588 1968 2¹(›s;
625 1923 769 1971 prelati
808 1931 941 1959 autem
983 1921 1109 1957 nostri
1144 1933 1165 1957 a
1199 1932 1358 1957 summo
1391 1931 1515 1967 usque
1547 1918 1597 1955 ad
1631 1917 1814 1954 infimum

501 1981 708 2017 dimittunt
753 1980 1019 2016 ministerium
1054 1978 1213 2015 Christi
1259 1978 1365 2015 circa
1410 1978 1529 2014 talem
1579 1975 1815 2013 divisionem

500 2049 537 2076 et
554 2038 679 2087 magis
696 2040 908 2087 reprobam
934 2037 1220 2074 instantissime
1244 2036 1486 2073 laborantes.
1520 2037 1621 2072 Nam
1645 2032 1817 2083 particio

500 2097 691 2134 secularis
716 2096 884 2133 dominii
914 2105 970 2132 est
995 2095 1175 2144 personis
1200 2094 1343 2143 quibus
1368 2093 1551 2142 congruit
1574 2092 1670 2130 satis
1692 2091 1815 2137 licita,
1834 2096 1875 2128 30

501 2165 542 2192 ut
583 2163 691 2203 patet
730 2164 812 2191 tam
853 2167 896 2190 ex
934 2155 1018 2202 lege
1057 2166 1158 2190 nova
1198 2166 1319 2202 quam
1358 2151 1496 2197 veteri,
1539 2153 1607 2188 sed
1646 2149 1817 2200 particio

500 2213 632 2250 vocati
673 2212 909 2261 patrimonii
949 2211 1125 2248 crucifixi
1165 2211 1202 2247 in
1243 2210 1471 2259 pernicioso
1511 2208 1723 2246 mendacio
1761 2216 1818 2244 est

501 2272 680 2317 fundata,
711 2271 863 2307 scilicet
892 2272 1000 2319 quod
1024 2269 1205 2306 Christus
1234 2268 1273 2305 in
1303 2281 1474 2317 persona
1498 2267 1662 2316 propria
1686 2266 1816 2315 ipsum

502 2328 791 2378 patrimonium
822 2328 878 2365 sic
911 2327 1101 2376 possedit,
1127 2336 1164 2364 et
1189 2326 1348 2363 mentiri
1372 2339 1490 2375 super
1512 2335 1623 2363 tanta
1647 2336 1818 2374 persona

502 2386 814 2424 scandalizando
873 2395 909 2423 et
960 2386 1278 2434 blasphemando
1325 2384 1481 2421 videtur
1532 2396 1614 2421 esse
1665 2382 1818 2419 facinus
1836 2386 1875 2419 35

501 2445 620 2482 nimis
652 2458 783 2493 grave,
818 2457 914 2481 cura
936 2453 1072 2481 tamen
1103 2443 1242 2480 salutis
1275 2443 1407 2480 anime
1439 2443 1658 2479 secundum
1690 2441 1817 2489 legem

503 2502 694 2551 evangelii
745 2512 911 2551 propter
960 2502 1065 2538 istud
1110 2511 1191 2539 tam
1245 2501 1502 2537 maledictum
1556 2499 1710 2536 facinus
1762 2506 1819 2535 est

503 2561 680 2598 dimissa.
714 2563 762 2597 Et
785 2569 895 2609 patet
917 2561 1025 2609 quod
1058 2559 1133 2597 ista
1165 2572 1247 2596 non
1278 2558 1424 2596 sufficit
1448 2559 1554 2595 clero
1579 2559 1629 2595 ad
1652 2556 1820 2594 beatitu-

574 2715 592 2735 ι.
616 2707 639 2734 Ε
659 2706 687 2734 in
711 2715 824 2741 marg:
853 2715 877 2733 ρ.
900 2706 942 2734 l)e
964 2706 1148 2742 patriarchis
1169 2710 1261 2741 patet.
1352 2713 1377 2732 2.
1400 2705 1467 2732 lui:
1490 2705 1636 2739 figurant:
1667 2703 1706 2731 ib.
1729 2703 1772 2730 A:
1794 2706 1821 2730 et

504 2742 676 2770 dominum.
770 2750 809 2769 io.
832 2741 900 2768 Ill-j:
923 2741 951 2768 in
974 2741 1067 2768 deest.
1160 2742 1199 2768 18.
1223 2740 1289 2767 nli:
1313 2740 1397 2779 sequi
1420 2739 1591 2767 Christum.
1685 2747 1725 2769 it).
1748 2737 1770 2765 Ε
1791 2737 1820 2764 in

506 2785 618 2811 marg:
640 2776 665 2804 3.
748 2784 793 2803 20.
817 2777 859 2803 A:
883 2784 938 2803 suo
960 2776 1052 2803 deest.
1127 2784 1174 2810 24.
1196 2775 1264 2802 hle:
1287 2775 1447 2802 Chr1stum
1469 2774 1564 2801 deest.
1638 2769 1771 2801 35.]›1‹;:
1794 2776 1820 2799 ct

504 2812 604 2842 deest:
636 2811 674 2838 12:
705 2811 943 2838 scandalizando
966 2811 1154 2850 blaspheme.
1281 2809 1328 2837 315.
1353 2809 1374 2836 1⁴:
1395 2809 1423 2836 iu
1447 2808 1578 2843 Μαι-μα’
1594 2807 1818 2836 Patrimonium

504 2846 638 2874 crucifixi
660 2845 806 2873 fundatur
826 2846 854 2872 in
877 2845 1048 2873 mendacio.

577 2928 628 2963 26.
657 2930 768 2961 Lucae
796 2929 868 2968 XII,
903 2940 951 2969 ¹4-
