<?xml version="1.0" encoding="UTF-8"?>
<!DOCTYPE html PUBLIC "-//W3C//DTD XHTML 1.0 Transitional//EN"
    "http://www.w3.org/TR/xhtml1/DTD/xhtml1-transitional.dtd">
<html xmlns="http://www.w3.org/1999/xhtml" xml:lang="en" lang="en">
 <head>
  <title>
</title>
<meta http-equiv="Content-Type" content="text/html;charset=utf-8" />
  <meta name='ocr-system' content='tesseract 3.04.00' />
  <meta name='ocr-capabilities' content='ocr_page ocr_carea ocr_par ocr_line ocrx_word'/>
</head>
<body>
  <div class='ocr_page' id='page_1' title='image "./iohanniswyclifse0702wycl_0368.png"; bbox 0 0 1986 3380; ppageno 0'>
   <div class='ocr_carea' id='block_1_1' title="bbox 227 1193 494 1299">
    <p class='ocr_par' dir='ltr' id='par_1_1' title="bbox 227 1193 494 1299">
     <span class='ocr_line' id='line_1_1' title="bbox 227 1193 494 1222; baseline -0.007 -1"><span class='ocrx_word' id='word_1_1' title='bbox 227 1194 317 1222; x_wconf 85' lang='lat' dir='ltr'>Alms</span> <span class='ocrx_word' id='word_1_2' title='bbox 339 1197 390 1220; x_wconf 90' lang='lat' dir='ltr'>not</span> <span class='ocrx_word' id='word_1_3' title='bbox 411 1198 441 1220; x_wconf 90' lang='lat' dir='ltr'>to</span> <span class='ocrx_word' id='word_1_4' title='bbox 461 1193 494 1219; x_wconf 76' lang='lat' dir='ltr'>be</span> 
     </span>
     <span class='ocr_line' id='line_1_2' title="bbox 236 1228 489 1263; baseline 0 -8"><span class='ocrx_word' id='word_1_5' title='bbox 236 1228 325 1263; x_wconf 66' lang='lat' dir='ltr'>given</span> <span class='ocrx_word' id='word_1_6' title='bbox 347 1228 489 1255; x_wconf 77' lang='lat' dir='ltr'>indiscri-</span> 
     </span>
     <span class='ocr_line' id='line_1_3' title="bbox 287 1263 442 1299; baseline -0.013 -8"><span class='ocrx_word' id='word_1_7' title='bbox 287 1263 442 1299; x_wconf 76' lang='lat' dir='ltr'>minately.</span> 
     </span>
    </p>
   </div>
   <div class='ocr_carea' id='block_1_2' title="bbox 243 2237 487 2345">
    <p class='ocr_par' dir='ltr' id='par_1_2' title="bbox 243 2237 487 2345">
     <span class='ocr_line' id='line_1_4' title="bbox 243 2237 487 2274; baseline -0.004 -8"><span class='ocrx_word' id='word_1_8' title='bbox 243 2238 326 2267; x_wconf 80' lang='lat' dir='ltr'>Even</span> <span class='ocrx_word' id='word_1_9' title='bbox 348 2237 487 2274; x_wconf 77' lang='lat' dir='ltr'>spiritua]</span> 
     </span>
     <span class='ocr_line' id='line_1_5' title="bbox 249 2274 487 2302; baseline -0.008 0"><span class='ocrx_word' id='word_1_10' title='bbox 249 2275 328 2302; x_wconf 80' lang='lat' dir='ltr'>alms</span> <span class='ocrx_word' id='word_1_11' title='bbox 348 2278 431 2301; x_wconf 90' lang='lat' dir='ltr'>must</span> <span class='ocrx_word' id='word_1_12' title='bbox 451 2274 487 2301; x_wconf 83' lang='lat' dir='ltr'>be</span> 
     </span>
     <span class='ocr_line' id='line_1_6' title="bbox 255 2308 481 2345; baseline 0 -9"><span class='ocrx_word' id='word_1_13' title='bbox 255 2309 345 2344; x_wconf 83' lang='lat' dir='ltr'>given</span> <span class='ocrx_word' id='word_1_14' title='bbox 365 2308 481 2345; x_wconf 85' lang='lat' dir='ltr'>wisely.</span> 
     </span>
    </p>
   </div>
   <div class='ocr_carea' id='block_1_3' title="bbox 808 311 1824 367">
    <p class='ocr_par' dir='ltr' id='par_1_3' title="bbox 808 311 1824 367">
     <span class='ocr_line' id='line_1_7' title="bbox 808 311 1824 367; baseline -0.001 -12"><span class='ocrx_word' id='word_1_15' title='bbox 808 324 1030 356; x_wconf 64' lang='lat' dir='ltr'>JonANNJs</span> <span class='ocrx_word' id='word_1_16' title='bbox 1053 324 1234 355; x_wconf 64' lang='lat' dir='ltr'>wrcmr</span> <span class='ocrx_word' id='word_1_17' title='bbox 1255 323 1508 355; x_wconf 57' lang='lat' dir='ltr'>sannionum</span> <span class='ocrx_word' id='word_1_18' title='bbox 1549 311 1700 367; x_wconf 57' lang='lat' dir='ltr'>[SERMO</span> <span class='ocrx_word' id='word_1_19' title='bbox 1719 320 1824 348; x_wconf 67' lang='lat' dir='ltr'>XLvl-</span> 
     </span>
    </p>
   </div>
   <div class='ocr_carea' id='block_1_4' title="bbox 511 429 1893 2685">
    <p class='ocr_par' dir='ltr' id='par_1_4' title="bbox 511 429 1888 1176">
     <span class='ocr_line' id='line_1_8' title="bbox 513 429 1826 477; baseline 0 -12"><span class='ocrx_word' id='word_1_20' title='bbox 513 444 584 466; x_wconf 76' lang='lat' dir='ltr'>non</span> <span class='ocrx_word' id='word_1_21' title='bbox 630 432 823 466; x_wconf 70' lang='lat' dir='ltr'>haherent.</span> <span class='ocrx_word' id='word_1_22' title='bbox 872 432 956 466; x_wconf 86' lang='lat' dir='ltr'>lloc</span> <span class='ocrx_word' id='word_1_23' title='bbox 1003 439 1136 466; x_wconf 79' lang='lat' dir='ltr'>tamen</span> <span class='ocrx_word' id='word_1_24' title='bbox 1183 431 1424 466; x_wconf 81' lang='lat' dir='ltr'>credendum</span> <span class='ocrx_word' id='word_1_25' title='bbox 1469 439 1524 465; x_wconf 86' lang='lat' dir='ltr'>est</span> <span class='ocrx_word' id='word_1_26' title='bbox 1565 431 1685 477; x_wconf 82' lang='lat' dir='ltr'>quod.</span> <span class='ocrx_word' id='word_1_27' title='bbox 1727 429 1826 466; x_wconf 81' lang='lat' dir='ltr'>sicut</span> 
     </span>
     <span class='ocr_line' id='line_1_9' title="bbox 513 487 1826 535; baseline 0.001 -10"><span class='ocrx_word' id='word_1_28' title='bbox 513 488 693 526; x_wconf 86' lang='lat' dir='ltr'>Christus</span> <span class='ocrx_word' id='word_1_29' title='bbox 732 501 811 524; x_wconf 88' lang='lat' dir='ltr'>non</span> <span class='ocrx_word' id='word_1_30' title='bbox 852 488 959 523; x_wconf 82' lang='lat' dir='ltr'>dedit</span> <span class='ocrx_word' id='word_1_31' title='bbox 999 488 1253 524; x_wconf 70' lang='lat' dir='ltr'>occasionem</span> <span class='ocrx_word' id='word_1_32' title='bbox 1295 487 1447 523; x_wconf 87' lang='lat' dir='ltr'>homini</span> <span class='ocrx_word' id='word_1_33' title='bbox 1481 489 1529 524; x_wconf 87' lang='lat' dir='ltr'>ad</span> <span class='ocrx_word' id='word_1_34' title='bbox 1564 489 1826 535; x_wconf 79' lang='lat' dir='ltr'>peccandum.</span> 
     </span>
     <span class='ocr_line' id='line_1_10' title="bbox 511 545 1824 594; baseline -0.002 -11"><span class='ocrx_word' id='word_1_35' title='bbox 511 546 567 583; x_wconf 86' lang='lat' dir='ltr'>sic</span> <span class='ocrx_word' id='word_1_36' title='bbox 605 560 685 583; x_wconf 86' lang='lat' dir='ltr'>non</span> <span class='ocrx_word' id='word_1_37' title='bbox 726 546 815 582; x_wconf 84' lang='lat' dir='ltr'>fecit</span> <span class='ocrx_word' id='word_1_38' title='bbox 854 546 913 581; x_wconf 71' lang='lat' dir='ltr'>vel</span> <span class='ocrx_word' id='word_1_39' title='bbox 952 546 1046 581; x_wconf 78' lang='lat' dir='ltr'>dixit</span> <span class='ocrx_word' id='word_1_40' title='bbox 1086 545 1236 594; x_wconf 80' lang='lat' dir='ltr'>aliquid</span> <span class='ocrx_word' id='word_1_41' title='bbox 1277 546 1488 582; x_wconf 80' lang='lat' dir='ltr'>occasione</span> <span class='ocrx_word' id='word_1_42' title='bbox 1527 546 1637 582; x_wconf 79' lang='lat' dir='ltr'>cuius</span> <span class='ocrx_word' id='word_1_43' title='bbox 1677 547 1824 582; x_wconf 85' lang='lat' dir='ltr'>malum</span> 
     </span>
     <span class='ocr_line' id='line_1_11' title="bbox 512 603 1827 652; baseline -0.002 -11"><span class='ocrx_word' id='word_1_44' title='bbox 512 614 710 647; x_wconf 74' lang='lat' dir='ltr'>evenerat,</span> <span class='ocrx_word' id='word_1_45' title='bbox 750 604 845 652; x_wconf 87' lang='lat' dir='ltr'>quin</span> <span class='ocrx_word' id='word_1_46' title='bbox 891 603 1040 639; x_wconf 86' lang='lat' dir='ltr'>directe</span> <span class='ocrx_word' id='word_1_47' title='bbox 1085 603 1296 640; x_wconf 79' lang='lat' dir='ltr'>occasione</span> <span class='ocrx_word' id='word_1_48' title='bbox 1343 605 1434 640; x_wconf 83' lang='lat' dir='ltr'>data</span> <span class='ocrx_word' id='word_1_49' title='bbox 1483 603 1622 640; x_wconf 79' lang='lat' dir='ltr'>exinde</span> <span class='ocrx_word' id='word_1_50' title='bbox 1666 613 1827 640; x_wconf 76' lang='lat' dir='ltr'>venerat</span> 
     </span>
     <span class='ocr_line' id='line_1_12' title="bbox 514 661 1861 711; baseline -0.001 -12"><span class='ocrx_word' id='word_1_51' title='bbox 514 663 640 711; x_wconf 78' lang='lat' dir='ltr'>magis</span> <span class='ocrx_word' id='word_1_52' title='bbox 665 664 828 698; x_wconf 90' lang='lat' dir='ltr'>bonum.</span> <span class='ocrx_word' id='word_1_53' title='bbox 854 663 953 698; x_wconf 87' lang='lat' dir='ltr'>Cum</span> <span class='ocrx_word' id='word_1_54' title='bbox 980 674 1072 708; x_wconf 77' lang='lat' dir='ltr'>ergo</span> <span class='ocrx_word' id='word_1_55' title='bbox 1097 663 1288 698; x_wconf 79' lang='lat' dir='ltr'>debemus</span> <span class='ocrx_word' id='word_1_56' title='bbox 1311 675 1384 697; x_wconf 83' lang='lat' dir='ltr'>nos</span> <span class='ocrx_word' id='word_1_57' title='bbox 1408 671 1542 698; x_wconf 84' lang='lat' dir='ltr'>tenere</span> <span class='ocrx_word' id='word_1_58' title='bbox 1566 661 1603 697; x_wconf 92' lang='lat' dir='ltr'>in</span> <span class='ocrx_word' id='word_1_59' title='bbox 1635 662 1828 697; x_wconf 88' lang='lat' dir='ltr'>limitibus</span> <span class='ocrx_word' id='word_1_60' title='bbox 1846 667 1861 698; x_wconf 75' lang='lat'><strong>5</strong></span> 
     </span>
     <span class='ocr_line' id='line_1_13' title="bbox 511 719 1828 769; baseline -0.002 -12"><span class='ocrx_word' id='word_1_61' title='bbox 511 721 609 769; x_wconf 75' lang='lat' dir='ltr'>legis</span> <span class='ocrx_word' id='word_1_62' title='bbox 644 730 680 756; x_wconf 87' lang='lat' dir='ltr'>et</span> <span class='ocrx_word' id='word_1_63' title='bbox 713 719 985 756; x_wconf 74' lang='lat' dir='ltr'>ordinacionis</span> <span class='ocrx_word' id='word_1_64' title='bbox 1017 719 1177 765; x_wconf 78' lang='lat' dir='ltr'>Christi,</span> <span class='ocrx_word' id='word_1_65' title='bbox 1212 732 1288 768; x_wconf 89' lang='lat' dir='ltr'>que</span> <span class='ocrx_word' id='word_1_66' title='bbox 1321 733 1414 767; x_wconf 79' lang='lat' dir='ltr'>ergo</span> <span class='ocrx_word' id='word_1_67' title='bbox 1447 719 1702 768; x_wconf 83' lang='lat' dir='ltr'>presumpcio</span> <span class='ocrx_word' id='word_1_68' title='bbox 1736 721 1828 767; x_wconf 75' lang='lat' dir='ltr'>dya-</span> 
     </span>
     <span class='ocr_line' id='line_1_14' title="bbox 512 777 1829 826; baseline -0.002 -11"><span class='ocrx_word' id='word_1_69' title='bbox 512 778 642 815; x_wconf 90' lang='lat' dir='ltr'>bolica</span> <span class='ocrx_word' id='word_1_70' title='bbox 680 787 735 814; x_wconf 76' lang='lat' dir='ltr'>est</span> <span class='ocrx_word' id='word_1_71' title='bbox 775 787 928 814; x_wconf 85' lang='lat' dir='ltr'>tantum</span> <span class='ocrx_word' id='word_1_72' title='bbox 977 778 1221 825; x_wconf 76' lang='lat' dir='ltr'>supergredi.</span> <span class='ocrx_word' id='word_1_73' title='bbox 1268 777 1472 826; x_wconf 84' lang='lat' dir='ltr'>Numquid</span> <span class='ocrx_word' id='word_1_74' title='bbox 1519 790 1655 814; x_wconf 83' lang='lat' dir='ltr'>sumus</span> <span class='ocrx_word' id='word_1_75' title='bbox 1701 777 1829 813; x_wconf 89' lang='lat' dir='ltr'>omni-</span> 
     </span>
     <span class='ocr_line' id='line_1_15' title="bbox 512 835 1826 884; baseline -0.002 -11"><span class='ocrx_word' id='word_1_76' title='bbox 512 837 679 873; x_wconf 89' lang='lat' dir='ltr'>scientes</span> <span class='ocrx_word' id='word_1_77' title='bbox 714 844 754 871; x_wconf 92' lang='lat' dir='ltr'>ut</span> <span class='ocrx_word' id='word_1_78' title='bbox 788 835 981 876; x_wconf 79' lang='lat' dir='ltr'>Christus,</span> <span class='ocrx_word' id='word_1_79' title='bbox 1016 837 1122 884; x_wconf 89' lang='lat' dir='ltr'>quod</span> <span class='ocrx_word' id='word_1_80' title='bbox 1168 835 1315 872; x_wconf 90' lang='lat' dir='ltr'>scimus</span> <span class='ocrx_word' id='word_1_81' title='bbox 1355 836 1480 883; x_wconf 77' lang='lat' dir='ltr'>magis</span> <span class='ocrx_word' id='word_1_82' title='bbox 1520 838 1668 872; x_wconf 89' lang='lat' dir='ltr'>bonum</span> <span class='ocrx_word' id='word_1_83' title='bbox 1708 848 1826 884; x_wconf 87' lang='lat' dir='ltr'>quam</span> 
     </span>
     <span class='ocr_line' id='line_1_16' title="bbox 514 893 1829 942; baseline -0.001 -12"><span class='ocrx_word' id='word_1_84' title='bbox 514 895 663 931; x_wconf 85' lang='lat' dir='ltr'>malum</span> <span class='ocrx_word' id='word_1_85' title='bbox 717 893 978 942; x_wconf 86' lang='lat' dir='ltr'>appropriate</span> <span class='ocrx_word' id='word_1_86' title='bbox 1030 895 1077 930; x_wconf 91' lang='lat' dir='ltr'>de</span> <span class='ocrx_word' id='word_1_87' title='bbox 1128 893 1275 930; x_wconf 88' lang='lat' dir='ltr'>nostris</span> <span class='ocrx_word' id='word_1_88' title='bbox 1328 894 1550 930; x_wconf 78' lang='lat' dir='ltr'>excessibus</span> <span class='ocrx_word' id='word_1_89' title='bbox 1595 893 1829 941; x_wconf 64' lang='lat' dir='ltr'>provenire?</span> 
     </span>
     <span class='ocr_line' id='line_1_17' title="bbox 513 950 1888 1000; baseline -0.002 -11"><span class='ocrx_word' id='word_1_90' title='bbox 513 955 663 989; x_wconf 81' lang='lat' dir='ltr'>Revera</span> <span class='ocrx_word' id='word_1_91' title='bbox 708 964 789 988; x_wconf 92' lang='lat' dir='ltr'>non</span> <span class='ocrx_word' id='word_1_92' title='bbox 828 952 915 1000; x_wconf 90' lang='lat' dir='ltr'>plus</span> <span class='ocrx_word' id='word_1_93' title='bbox 955 952 1103 988; x_wconf 90' lang='lat' dir='ltr'>scimus</span> <span class='ocrx_word' id='word_1_94' title='bbox 1141 952 1245 988; x_wconf 88' lang='lat' dir='ltr'>istud</span> <span class='ocrx_word' id='word_1_95' title='bbox 1288 965 1408 1000; x_wconf 88' lang='lat' dir='ltr'>quarn</span> <span class='ocrx_word' id='word_1_96' title='bbox 1449 953 1630 989; x_wconf 86' lang='lat' dir='ltr'>membra</span> <span class='ocrx_word' id='word_1_97' title='bbox 1669 950 1828 999; x_wconf 80' lang='lat' dir='ltr'>dyaboli</span> <span class='ocrx_word' id='word_1_98' title='bbox 1852 965 1888 987; x_wconf 87' lang='lat' dir='ltr'>to</span> 
     </span>
     <span class='ocr_line' id='line_1_18' title="bbox 514 1009 1830 1058; baseline -0.002 -11"><span class='ocrx_word' id='word_1_99' title='bbox 514 1010 643 1047; x_wconf 92' lang='lat' dir='ltr'>sciunt</span> <span class='ocrx_word' id='word_1_100' title='bbox 669 1022 712 1047; x_wconf 84' lang='lat' dir='ltr'>ex</span> <span class='ocrx_word' id='word_1_101' title='bbox 736 1009 915 1058; x_wconf 88' lang='lat' dir='ltr'>quolibet</span> <span class='ocrx_word' id='word_1_102' title='bbox 939 1019 1105 1058; x_wconf 89' lang='lat' dir='ltr'>peccato</span> <span class='ocrx_word' id='word_1_103' title='bbox 1129 1011 1236 1058; x_wconf 89' lang='lat' dir='ltr'>quod</span> <span class='ocrx_word' id='word_1_104' title='bbox 1268 1010 1418 1047; x_wconf 88' lang='lat' dir='ltr'>faciunt</span> <span class='ocrx_word' id='word_1_105' title='bbox 1448 1010 1678 1057; x_wconf 83' lang='lat' dir='ltr'>contingere</span> <span class='ocrx_word' id='word_1_106' title='bbox 1702 1009 1830 1045; x_wconf 89' lang='lat' dir='ltr'>maius</span> 
     </span>
     <span class='ocr_line' id='line_1_19' title="bbox 513 1067 1828 1116; baseline -0.001 -12"><span class='ocrx_word' id='word_1_107' title='bbox 513 1071 678 1113; x_wconf 71' lang='lat' dir='ltr'>bonum,</span> <span class='ocrx_word' id='word_1_108' title='bbox 702 1069 770 1104; x_wconf 89' lang='lat' dir='ltr'>sed</span> <span class='ocrx_word' id='word_1_109' title='bbox 786 1068 1055 1104; x_wconf 85' lang='lat' dir='ltr'>Antichristus</span> <span class='ocrx_word' id='word_1_110' title='bbox 1078 1067 1356 1116; x_wconf 83' lang='lat' dir='ltr'>superaddidit</span> <span class='ocrx_word' id='word_1_111' title='bbox 1380 1068 1583 1104; x_wconf 87' lang='lat' dir='ltr'>Christum</span> <span class='ocrx_word' id='word_1_112' title='bbox 1608 1068 1647 1103; x_wconf 90' lang='lat' dir='ltr'>in</span> <span class='ocrx_word' id='word_1_113' title='bbox 1669 1067 1828 1109; x_wconf 77' lang='lat' dir='ltr'>talibus,</span> 
     </span>
     <span class='ocr_line' id='line_1_20' title="bbox 516 1126 1592 1176; baseline -0.001 -13"><span class='ocrx_word' id='word_1_114' title='bbox 516 1139 606 1163; x_wconf 91' lang='lat' dir='ltr'>cum</span> <span class='ocrx_word' id='word_1_115' title='bbox 640 1126 845 1162; x_wconf 74' lang='lat' dir='ltr'>extollitur</span> <span class='ocrx_word' id='word_1_116' title='bbox 875 1139 992 1175; x_wconf 77' lang='lat' dir='ltr'>super</span> <span class='ocrx_word' id='word_1_117' title='bbox 1025 1139 1134 1162; x_wconf 83' lang='lat' dir='ltr'>omne</span> <span class='ocrx_word' id='word_1_118' title='bbox 1166 1127 1267 1176; x_wconf 78' lang='lat' dir='ltr'>quod</span> <span class='ocrx_word' id='word_1_119' title='bbox 1300 1127 1441 1162; x_wconf 79' lang='lat' dir='ltr'>dicitur</span> <span class='ocrx_word' id='word_1_120' title='bbox 1474 1127 1592 1162; x_wconf 81' lang='lat' dir='ltr'>Deus.</span> 
     </span>
    </p>

    <p class='ocr_par' dir='ltr' id='par_1_5' title="bbox 516 1182 1886 1407">
     <span class='ocr_line' id='line_1_21' title="bbox 573 1182 1831 1232; baseline -0.002 -12"><span class='ocrx_word' id='word_1_121' title='bbox 573 1186 621 1220; x_wconf 87' lang='lat' dir='ltr'>Et</span> <span class='ocrx_word' id='word_1_122' title='bbox 645 1192 839 1232; x_wconf 84' lang='lat' dir='ltr'>quantum</span> <span class='ocrx_word' id='word_1_123' title='bbox 870 1186 918 1220; x_wconf 86' lang='lat' dir='ltr'>ad</span> <span class='ocrx_word' id='word_1_124' title='bbox 950 1184 1259 1221; x_wconf 84' lang='lat' dir='ltr'>elemosinantes</span> <span class='ocrx_word' id='word_1_125' title='bbox 1288 1184 1556 1221; x_wconf 84' lang='lat' dir='ltr'>introducitur</span> <span class='ocrx_word' id='word_1_126' title='bbox 1580 1196 1691 1220; x_wconf 91' lang='lat' dir='ltr'>error</span> <span class='ocrx_word' id='word_1_127' title='bbox 1713 1182 1831 1219; x_wconf 91' lang='lat' dir='ltr'>nimis</span> 
     </span>
     <span class='ocr_line' id='line_1_22' title="bbox 517 1241 1886 1291; baseline -0.002 -12"><span class='ocrx_word' id='word_1_128' title='bbox 517 1242 786 1279; x_wconf 89' lang='lat' dir='ltr'>communiter</span> <span class='ocrx_word' id='word_1_129' title='bbox 837 1243 944 1290; x_wconf 90' lang='lat' dir='ltr'>quod</span> <span class='ocrx_word' id='word_1_130' title='bbox 1001 1242 1306 1291; x_wconf 84' lang='lat' dir='ltr'>quibuscunque</span> <span class='ocrx_word' id='word_1_131' title='bbox 1356 1242 1537 1279; x_wconf 85' lang='lat' dir='ltr'>dederint</span> <span class='ocrx_word' id='word_1_132' title='bbox 1593 1241 1831 1278; x_wconf 82' lang='lat' dir='ltr'>elemosinas</span> <span class='ocrx_word' id='word_1_133' title='bbox 1852 1245 1886 1276; x_wconf 76' lang='lat'>15</span> 
     </span>
     <span class='ocr_line' id='line_1_23' title="bbox 517 1300 1829 1349; baseline -0.002 -12"><span class='ocrx_word' id='word_1_134' title='bbox 517 1301 760 1349; x_wconf 72' lang='lat' dir='ltr'>corporales,</span> <span class='ocrx_word' id='word_1_135' title='bbox 800 1300 855 1336; x_wconf 92' lang='lat' dir='ltr'>sic</span> <span class='ocrx_word' id='word_1_136' title='bbox 894 1309 1029 1337; x_wconf 89' lang='lat' dir='ltr'>tamen</span> <span class='ocrx_word' id='word_1_137' title='bbox 1068 1302 1176 1349; x_wconf 91' lang='lat' dir='ltr'>quod</span> <span class='ocrx_word' id='word_1_138' title='bbox 1215 1313 1289 1349; x_wconf 88' lang='lat' dir='ltr'>pro</span> <span class='ocrx_word' id='word_1_139' title='bbox 1330 1300 1501 1343; x_wconf 80' lang='lat' dir='ltr'>Christo,</span> <span class='ocrx_word' id='word_1_140' title='bbox 1541 1300 1700 1346; x_wconf 80' lang='lat' dir='ltr'>sufficit,</span> <span class='ocrx_word' id='word_1_141' title='bbox 1741 1312 1829 1336; x_wconf 91' lang='lat' dir='ltr'>cum</span> 
     </span>
     <span class='ocr_line' id='line_1_24' title="bbox 516 1358 1589 1407; baseline 0.001 -13"><span class='ocrx_word' id='word_1_142' title='bbox 516 1358 808 1395; x_wconf 82' lang='lat' dir='ltr'>necessitantur</span> <span class='ocrx_word' id='word_1_143' title='bbox 840 1358 1025 1406; x_wconf 78' lang='lat' dir='ltr'>ignorare</span> <span class='ocrx_word' id='word_1_144' title='bbox 1057 1359 1324 1407; x_wconf 81' lang='lat' dir='ltr'>indigenciam</span> <span class='ocrx_word' id='word_1_145' title='bbox 1359 1371 1589 1406; x_wconf 76' lang='lat' dir='ltr'>egenorum.</span> 
     </span>
    </p>

    <p class='ocr_par' dir='ltr' id='par_1_6' title="bbox 518 1415 1893 2221">
     <span class='ocr_line' id='line_1_25' title="bbox 576 1415 1831 1465; baseline -0.002 -12"><span class='ocrx_word' id='word_1_146' title='bbox 576 1418 726 1453; x_wconf 86' lang='lat' dir='ltr'>Contra</span> <span class='ocrx_word' id='word_1_147' title='bbox 750 1417 852 1453; x_wconf 90' lang='lat' dir='ltr'>hanc</span> <span class='ocrx_word' id='word_1_148' title='bbox 876 1416 1047 1453; x_wconf 88' lang='lat' dir='ltr'>heresim</span> <span class='ocrx_word' id='word_1_149' title='bbox 1073 1419 1321 1453; x_wconf 90' lang='lat' dir='ltr'>contendunt</span> <span class='ocrx_word' id='word_1_150' title='bbox 1341 1416 1511 1453; x_wconf 86' lang='lat' dir='ltr'>mendici</span> <span class='ocrx_word' id='word_1_151' title='bbox 1532 1416 1605 1453; x_wconf 87' lang='lat' dir='ltr'>sibi</span> <span class='ocrx_word' id='word_1_152' title='bbox 1625 1415 1719 1465; x_wconf 87' lang='lat' dir='ltr'>ipsis</span> <span class='ocrx_word' id='word_1_153' title='bbox 1739 1428 1831 1452; x_wconf 92' lang='lat' dir='ltr'>con-</span> 
     </span>
     <span class='ocr_line' id='line_1_26' title="bbox 518 1473 1831 1524; baseline -0.002 -13"><span class='ocrx_word' id='word_1_154' title='bbox 518 1475 629 1511; x_wconf 84' lang='lat' dir='ltr'>trarii</span> <span class='ocrx_word' id='word_1_155' title='bbox 655 1488 735 1511; x_wconf 90' lang='lat' dir='ltr'>uno</span> <span class='ocrx_word' id='word_1_156' title='bbox 760 1475 916 1511; x_wconf 89' lang='lat' dir='ltr'>dicente</span> <span class='ocrx_word' id='word_1_157' title='bbox 935 1476 1042 1524; x_wconf 89' lang='lat' dir='ltr'>quod</span> <span class='ocrx_word' id='word_1_158' title='bbox 1067 1476 1297 1523; x_wconf 78' lang='lat' dir='ltr'>elemosyna</span> <span class='ocrx_word' id='word_1_159' title='bbox 1321 1477 1413 1511; x_wconf 87' lang='lat' dir='ltr'>data</span> <span class='ocrx_word' id='word_1_160' title='bbox 1436 1488 1517 1511; x_wconf 89' lang='lat' dir='ltr'>non</span> <span class='ocrx_word' id='word_1_161' title='bbox 1540 1474 1653 1511; x_wconf 86' lang='lat' dir='ltr'>alteri</span> <span class='ocrx_word' id='word_1_162' title='bbox 1672 1475 1740 1511; x_wconf 91' lang='lat' dir='ltr'>sed</span> <span class='ocrx_word' id='word_1_163' title='bbox 1759 1473 1831 1510; x_wconf 88' lang='lat' dir='ltr'>sibi</span> 
     </span>
     <span class='ocr_line' id='line_1_27' title="bbox 519 1531 1891 1582; baseline -0.003 -12"><span class='ocrx_word' id='word_1_164' title='bbox 519 1542 609 1570; x_wconf 87' lang='lat' dir='ltr'>ante</span> <span class='ocrx_word' id='word_1_165' title='bbox 632 1533 770 1570; x_wconf 81' lang='lat' dir='ltr'>onmia</span> <span class='ocrx_word' id='word_1_166' title='bbox 793 1534 910 1569; x_wconf 85' lang='lat' dir='ltr'>debet</span> <span class='ocrx_word' id='word_1_167' title='bbox 933 1533 1032 1580; x_wconf 76' lang='lat' dir='ltr'>dari,</span> <span class='ocrx_word' id='word_1_168' title='bbox 1064 1535 1190 1570; x_wconf 87' lang='lat' dir='ltr'>altero</span> <span class='ocrx_word' id='word_1_169' title='bbox 1219 1542 1353 1570; x_wconf 87' lang='lat' dir='ltr'>autem</span> <span class='ocrx_word' id='word_1_170' title='bbox 1385 1542 1592 1582; x_wconf 80' lang='lat' dir='ltr'>tamquam</span> <span class='ocrx_word' id='word_1_171' title='bbox 1624 1531 1833 1569; x_wconf 84' lang='lat' dir='ltr'>meretrice</span> <span class='ocrx_word' id='word_1_172' title='bbox 1849 1545 1891 1566; x_wconf 87' lang='lat'>20</span> 
     </span>
     <span class='ocr_line' id='line_1_28' title="bbox 519 1591 1833 1640; baseline -0.002 -13"><span class='ocrx_word' id='word_1_173' title='bbox 519 1604 655 1628; x_wconf 84' lang='lat' dir='ltr'>coram</span> <span class='ocrx_word' id='word_1_174' title='bbox 688 1592 905 1628; x_wconf 88' lang='lat' dir='ltr'>Salomone</span> <span class='ocrx_word' id='word_1_175' title='bbox 935 1593 1020 1638; x_wconf 86' lang='lat'>1110,</span> <span class='ocrx_word' id='word_1_176' title='bbox 1049 1593 1141 1640; x_wconf 82' lang='lat' dir='ltr'>Reg.</span> <span class='ocrx_word' id='word_1_177' title='bbox 1171 1593 1241 1628; x_wconf 90' lang='lat' dir='ltr'>IIIO</span> <span class='ocrx_word' id='word_1_178' title='bbox 1275 1604 1349 1640; x_wconf 88' lang='lat' dir='ltr'>pro</span> <span class='ocrx_word' id='word_1_179' title='bbox 1385 1591 1586 1639; x_wconf 88' lang='lat' dir='ltr'>personali</span> <span class='ocrx_word' id='word_1_180' title='bbox 1617 1591 1833 1627; x_wconf 88' lang='lat' dir='ltr'>commodo</span> 
     </span>
     <span class='ocr_line' id='line_1_29' title="bbox 519 1648 1831 1695; baseline -0.002 -9"><span class='ocrx_word' id='word_1_181' title='bbox 519 1651 798 1695; x_wconf 84' lang='lat' dir='ltr'>contendente,</span> <span class='ocrx_word' id='word_1_182' title='bbox 815 1651 884 1686; x_wconf 89' lang='lat' dir='ltr'>sed</span> <span class='ocrx_word' id='word_1_183' title='bbox 902 1649 1051 1686; x_wconf 86' lang='lat' dir='ltr'>relictis</span> <span class='ocrx_word' id='word_1_184' title='bbox 1070 1649 1391 1686; x_wconf 86' lang='lat' dir='ltr'>mendicantibus</span> <span class='ocrx_word' id='word_1_185' title='bbox 1407 1649 1550 1686; x_wconf 82' lang='lat' dir='ltr'>validis</span> <span class='ocrx_word' id='word_1_186' title='bbox 1567 1662 1648 1685; x_wconf 91' lang='lat' dir='ltr'>non</span> <span class='ocrx_word' id='word_1_187' title='bbox 1667 1648 1831 1684; x_wconf 89' lang='lat' dir='ltr'>dubium</span> 
     </span>
     <span class='ocr_line' id='line_1_30' title="bbox 519 1705 1833 1756; baseline -0.002 -12"><span class='ocrx_word' id='word_1_188' title='bbox 519 1707 616 1756; x_wconf 91' lang='lat' dir='ltr'>quin</span> <span class='ocrx_word' id='word_1_189' title='bbox 646 1707 829 1745; x_wconf 84' lang='lat' dir='ltr'>visitacio</span> <span class='ocrx_word' id='word_1_190' title='bbox 854 1707 1000 1744; x_wconf 89' lang='lat' dir='ltr'>Christi</span> <span class='ocrx_word' id='word_1_191' title='bbox 1034 1709 1084 1744; x_wconf 89' lang='lat' dir='ltr'>ad</span> <span class='ocrx_word' id='word_1_192' title='bbox 1118 1707 1371 1744; x_wconf 87' lang='lat' dir='ltr'>infirmitates</span> <span class='ocrx_word' id='word_1_193' title='bbox 1401 1707 1600 1744; x_wconf 89' lang='lat' dir='ltr'>viancium</span> <span class='ocrx_word' id='word_1_194' title='bbox 1627 1708 1743 1743; x_wconf 86' lang='lat' dir='ltr'>docet</span> <span class='ocrx_word' id='word_1_195' title='bbox 1767 1705 1833 1753; x_wconf 92' lang='lat' dir='ltr'>qui</span> 
     </span>
     <span class='ocr_line' id='line_1_31' title="bbox 519 1764 1834 1814; baseline -0.002 -12"><span class='ocrx_word' id='word_1_196' title='bbox 519 1765 702 1803; x_wconf 90' lang='lat' dir='ltr'>homines</span> <span class='ocrx_word' id='word_1_197' title='bbox 722 1774 813 1803; x_wconf 90' lang='lat' dir='ltr'>sunt</span> <span class='ocrx_word' id='word_1_198' title='bbox 831 1778 902 1814; x_wconf 90' lang='lat' dir='ltr'>per</span> <span class='ocrx_word' id='word_1_199' title='bbox 920 1766 1160 1802; x_wconf 86' lang='lat' dir='ltr'>elemosinas</span> <span class='ocrx_word' id='word_1_200' title='bbox 1179 1765 1409 1802; x_wconf 90' lang='lat' dir='ltr'>huiusmodi</span> <span class='ocrx_word' id='word_1_201' title='bbox 1429 1764 1631 1802; x_wconf 79' lang='lat' dir='ltr'>relevandi</span> <span class='ocrx_word' id='word_1_202' title='bbox 1650 1769 1707 1811; x_wconf 87' lang='lat' dir='ltr'>(ut</span> <span class='ocrx_word' id='word_1_203' title='bbox 1725 1772 1834 1812; x_wconf 87' lang='lat' dir='ltr'>patet</span> 
     </span>
     <span class='ocr_line' id='line_1_32' title="bbox 519 1823 1891 1872; baseline -0.001 -12"><span class='ocrx_word' id='word_1_204' title='bbox 519 1836 564 1860; x_wconf 84' lang='lat' dir='ltr'>ex</span> <span class='ocrx_word' id='word_1_205' title='bbox 587 1824 664 1860; x_wconf 85' lang='lat' dir='ltr'>fide</span> <span class='ocrx_word' id='word_1_206' title='bbox 688 1826 793 1861; x_wconf 92' lang='lat' dir='ltr'>Luce</span> <span class='ocrx_word' id='word_1_207' title='bbox 815 1825 950 1869; x_wconf 85' lang='lat' dir='ltr'>X1V0).</span> <span class='ocrx_word' id='word_1_208' title='bbox 986 1825 1063 1860; x_wconf 89' lang='lat' dir='ltr'>Sed</span> <span class='ocrx_word' id='word_1_209' title='bbox 1087 1823 1181 1872; x_wconf 89' lang='lat' dir='ltr'>quia</span> <span class='ocrx_word' id='word_1_210' title='bbox 1204 1823 1244 1860; x_wconf 86' lang='lat' dir='ltr'>in</span> <span class='ocrx_word' id='word_1_211' title='bbox 1273 1823 1418 1860; x_wconf 88' lang='lat' dir='ltr'>talibus</span> <span class='ocrx_word' id='word_1_212' title='bbox 1448 1823 1644 1871; x_wconf 84' lang='lat' dir='ltr'>contingit</span> <span class='ocrx_word' id='word_1_213' title='bbox 1667 1834 1750 1859; x_wconf 87' lang='lat' dir='ltr'>esse</span> <span class='ocrx_word' id='word_1_214' title='bbox 1774 1834 1835 1858; x_wconf 83' lang='lat' dir='ltr'>so·</span> <span class='ocrx_word' id='word_1_215' title='bbox 1850 1825 1891 1858; x_wconf 80' lang='lat'>25</span> 
     </span>
     <span class='ocr_line' id='line_1_33' title="bbox 519 1881 1833 1930; baseline -0.001 -12"><span class='ocrx_word' id='word_1_216' title='bbox 519 1881 784 1930; x_wconf 81' lang='lat' dir='ltr'>phistasultra</span> <span class='ocrx_word' id='word_1_217' title='bbox 801 1894 1030 1918; x_wconf 88' lang='lat' dir='ltr'>mensuram</span> <span class='ocrx_word' id='word_1_218' title='bbox 1042 1883 1089 1918; x_wconf 89' lang='lat' dir='ltr'>de</span> <span class='ocrx_word' id='word_1_219' title='bbox 1105 1881 1332 1918; x_wconf 88' lang='lat' dir='ltr'>elemosinis</span> <span class='ocrx_word' id='word_1_220' title='bbox 1348 1881 1514 1918; x_wconf 86' lang='lat' dir='ltr'>ecclesie</span> <span class='ocrx_word' id='word_1_221' title='bbox 1532 1889 1833 1929; x_wconf 77' lang='lat' dir='ltr'>cong1·egante8‚</span> 
     </span>
     <span class='ocr_line' id='line_1_34' title="bbox 519 1938 1836 1988; baseline -0.002 -12"><span class='ocrx_word' id='word_1_222' title='bbox 519 1940 610 1977; x_wconf 90' lang='lat' dir='ltr'>ideo</span> <span class='ocrx_word' id='word_1_223' title='bbox 625 1951 787 1977; x_wconf 90' lang='lat' dir='ltr'>necesse</span> <span class='ocrx_word' id='word_1_224' title='bbox 804 1948 860 1976; x_wconf 89' lang='lat' dir='ltr'>est</span> <span class='ocrx_word' id='word_1_225' title='bbox 876 1940 1022 1976; x_wconf 89' lang='lat' dir='ltr'>habere</span> <span class='ocrx_word' id='word_1_226' title='bbox 1037 1939 1326 1977; x_wconf 88' lang='lat' dir='ltr'>discrecionem</span> <span class='ocrx_word' id='word_1_227' title='bbox 1337 1941 1445 1988; x_wconf 88' lang='lat' dir='ltr'>quod</span> <span class='ocrx_word' id='word_1_228' title='bbox 1463 1941 1584 1977; x_wconf 89' lang='lat' dir='ltr'>modo</span> <span class='ocrx_word' id='word_1_229' title='bbox 1599 1938 1730 1988; x_wconf 83' lang='lat' dir='ltr'>pluvie</span> <span class='ocrx_word' id='word_1_230' title='bbox 1745 1946 1836 1975; x_wconf 91' lang='lat' dir='ltr'>sunt</span> 
     </span>
     <span class='ocr_line' id='line_1_35' title="bbox 521 1995 1835 2046; baseline -0.002 -12"><span class='ocrx_word' id='word_1_231' title='bbox 521 1998 739 2035; x_wconf 88' lang='lat' dir='ltr'>elemosine</span> <span class='ocrx_word' id='word_1_232' title='bbox 756 1998 847 2035; x_wconf 93' lang='lat' dir='ltr'>loco</span> <span class='ocrx_word' id='word_1_233' title='bbox 867 2006 904 2034; x_wconf 92' lang='lat' dir='ltr'>et</span> <span class='ocrx_word' id='word_1_234' title='bbox 922 1997 1096 2046; x_wconf 89' lang='lat' dir='ltr'>tempori</span> <span class='ocrx_word' id='word_1_235' title='bbox 1115 1999 1302 2046; x_wconf 87' lang='lat' dir='ltr'>aptande.</span> <span class='ocrx_word' id='word_1_236' title='bbox 1321 2000 1370 2034; x_wconf 89' lang='lat' dir='ltr'>Et</span> <span class='ocrx_word' id='word_1_237' title='bbox 1384 1998 1569 2035; x_wconf 86' lang='lat' dir='ltr'>validitas</span> <span class='ocrx_word' id='word_1_238' title='bbox 1588 1996 1776 2034; x_wconf 87' lang='lat' dir='ltr'>clamoris</span> <span class='ocrx_word' id='word_1_239' title='bbox 1795 1995 1835 2032; x_wconf 87' lang='lat' dir='ltr'>in</span> 
     </span>
     <span class='ocr_line' id='line_1_36' title="bbox 521 2053 1834 2105; baseline -0.002 -12"><span class='ocrx_word' id='word_1_240' title='bbox 521 2055 878 2093; x_wconf 87' lang='lat' dir='ltr'>communitatibus</span> <span class='ocrx_word' id='word_1_241' title='bbox 894 2068 986 2104; x_wconf 90' lang='lat' dir='ltr'>sepe</span> <span class='ocrx_word' id='word_1_242' title='bbox 1003 2055 1196 2093; x_wconf 91' lang='lat' dir='ltr'>diiudicat</span> <span class='ocrx_word' id='word_1_243' title='bbox 1206 2057 1314 2105; x_wconf 89' lang='lat' dir='ltr'>quod</span> <span class='ocrx_word' id='word_1_244' title='bbox 1326 2055 1535 2104; x_wconf 78' lang='lat' dir='ltr'>dyabolica</span> <span class='ocrx_word' id='word_1_245' title='bbox 1550 2053 1834 2104; x_wconf 89' lang='lat' dir='ltr'>sophisticacio</span> 
     </span>
     <span class='ocr_line' id='line_1_37' title="bbox 520 2112 1893 2162; baseline -0.002 -11"><span class='ocrx_word' id='word_1_246' title='bbox 520 2114 799 2151; x_wconf 88' lang='lat' dir='ltr'>substernitur.</span> <span class='ocrx_word' id='word_1_247' title='bbox 834 2113 1017 2151; x_wconf 88' lang='lat' dir='ltr'>Dimissis</span> <span class='ocrx_word' id='word_1_248' title='bbox 1050 2126 1144 2162; x_wconf 81' lang='lat' dir='ltr'>ergo</span> <span class='ocrx_word' id='word_1_249' title='bbox 1177 2114 1261 2151; x_wconf 87' lang='lat' dir='ltr'>istis</span> <span class='ocrx_word' id='word_1_250' title='bbox 1294 2113 1521 2151; x_wconf 89' lang='lat' dir='ltr'>elemosinis</span> <span class='ocrx_word' id='word_1_251' title='bbox 1550 2112 1747 2161; x_wconf 84' lang='lat' dir='ltr'>ambiguis</span> <span class='ocrx_word' id='word_1_252' title='bbox 1776 2112 1836 2149; x_wconf 91' lang='lat' dir='ltr'>vel</span> <span class='ocrx_word' id='word_1_253' title='bbox 1852 2115 1893 2148; x_wconf 83' lang='lat'>30</span> 
     </span>
     <span class='ocr_line' id='line_1_38' title="bbox 525 2171 1833 2221; baseline -0.002 -12"><span class='ocrx_word' id='word_1_254' title='bbox 525 2172 719 2221; x_wconf 87' lang='lat' dir='ltr'>suspectis</span> <span class='ocrx_word' id='word_1_255' title='bbox 751 2171 847 2209; x_wconf 89' lang='lat' dir='ltr'>satis</span> <span class='ocrx_word' id='word_1_256' title='bbox 880 2180 936 2209; x_wconf 91' lang='lat' dir='ltr'>est</span> <span class='ocrx_word' id='word_1_257' title='bbox 969 2172 1188 2209; x_wconf 88' lang='lat' dir='ltr'>christiano</span> <span class='ocrx_word' id='word_1_258' title='bbox 1222 2172 1441 2209; x_wconf 89' lang='lat' dir='ltr'>elemosine</span> <span class='ocrx_word' id='word_1_259' title='bbox 1474 2181 1580 2209; x_wconf 88' lang='lat' dir='ltr'>certe</span> <span class='ocrx_word' id='word_1_260' title='bbox 1612 2171 1833 2208; x_wconf 87' lang='lat' dir='ltr'>intendere.</span> 
     </span>
    </p>

    <p class='ocr_par' dir='ltr' id='par_1_7' title="bbox 521 2227 1890 2685">
     <span class='ocr_line' id='line_1_39' title="bbox 579 2227 1832 2279; baseline -0.002 -12"><span class='ocrx_word' id='word_1_261' title='bbox 579 2233 627 2267; x_wconf 88' lang='lat' dir='ltr'>Et</span> <span class='ocrx_word' id='word_1_262' title='bbox 666 2230 697 2266; x_wconf 94' lang='lat' dir='ltr'>si</span> <span class='ocrx_word' id='word_1_263' title='bbox 737 2230 912 2267; x_wconf 90' lang='lat' dir='ltr'>obicitur</span> <span class='ocrx_word' id='word_1_264' title='bbox 949 2231 1057 2279; x_wconf 92' lang='lat' dir='ltr'>quod</span> <span class='ocrx_word' id='word_1_265' title='bbox 1100 2230 1295 2279; x_wconf 83' lang='lat' dir='ltr'>contingit</span> <span class='ocrx_word' id='word_1_266' title='bbox 1327 2229 1438 2267; x_wconf 88' lang='lat' dir='ltr'>abuti</span> <span class='ocrx_word' id='word_1_267' title='bbox 1471 2229 1689 2267; x_wconf 89' lang='lat' dir='ltr'>elemosina</span> <span class='ocrx_word' id='word_1_268' title='bbox 1721 2227 1832 2277; x_wconf 91' lang='lat' dir='ltr'>spiri-</span> 
     </span>
     <span class='ocr_line' id='line_1_40' title="bbox 521 2288 1834 2335; baseline -0.003 -10"><span class='ocrx_word' id='word_1_269' title='bbox 521 2288 632 2335; x_wconf 82' lang='lat' dir='ltr'>tuali,</span> <span class='ocrx_word' id='word_1_270' title='bbox 667 2301 757 2325; x_wconf 91' lang='lat' dir='ltr'>cum</span> <span class='ocrx_word' id='word_1_271' title='bbox 782 2288 949 2326; x_wconf 87' lang='lat' dir='ltr'>Matthei</span> <span class='ocrx_word' id='word_1_272' title='bbox 973 2290 1052 2334; x_wconf 89' lang='lat' dir='ltr'>Vll,</span> <span class='ocrx_word' id='word_1_273' title='bbox 1079 2291 1101 2326; x_wconf 89' lang='lat'>6</span> <span class='ocrx_word' id='word_1_274' title='bbox 1137 2289 1243 2326; x_wconf 91' lang='lat' dir='ltr'>dicat</span> <span class='ocrx_word' id='word_1_275' title='bbox 1267 2288 1467 2325; x_wconf 86' lang='lat' dir='ltr'>Christus:</span> <span class='ocrx_word' id='word_1_276' title='bbox 1501 2288 1632 2325; x_wconf 86' lang='lat' dir='ltr'>Nolite</span> <span class='ocrx_word' id='word_1_277' title='bbox 1662 2294 1834 2324; x_wconf 83' lang='lat' dir='ltr'>sanctum</span> 
     </span>
     <span class='ocr_line' id='line_1_41' title="bbox 521 2343 1836 2398; baseline -0.002 -15"><span class='ocrx_word' id='word_1_278' title='bbox 521 2347 618 2384; x_wconf 83' lang='lat' dir='ltr'>dare</span> <span class='ocrx_word' id='word_1_279' title='bbox 650 2347 806 2384; x_wconf 77' lang='lat' dir='ltr'>canibus</span> <span class='ocrx_word' id='word_1_280' title='bbox 838 2359 904 2383; x_wconf 85' lang='lat' dir='ltr'>nec</span> <span class='ocrx_word' id='word_1_281' title='bbox 921 2359 1069 2396; x_wconf 77' lang='lat' dir='ltr'>ponere</span> <span class='ocrx_word' id='word_1_282' title='bbox 1101 2347 1345 2398; x_wconf 79' lang='lat' dir='ltr'>margaritas</span> <span class='ocrx_word' id='word_1_283' title='bbox 1376 2354 1464 2383; x_wconf 85' lang='lat' dir='ltr'>ante</span> <span class='ocrx_word' id='word_1_284' title='bbox 1479 2358 1637 2396; x_wconf 80' lang='lat' dir='ltr'>porcos,</span> <span class='ocrx_word' id='word_1_285' title='bbox 1670 2343 1836 2381; x_wconf 91' lang='lat' dir='ltr'>concedi</span> 
     </span>
     <span class='ocr_line' id='line_1_42' title="bbox 521 2402 1890 2451; baseline -0.003 -10"><span class='ocrx_word' id='word_1_286' title='bbox 521 2406 638 2441; x_wconf 90' lang='lat' dir='ltr'>debet</span> <span class='ocrx_word' id='word_1_287' title='bbox 671 2404 889 2451; x_wconf 88' lang='lat' dir='ltr'>conclusio,</span> <span class='ocrx_word' id='word_1_288' title='bbox 931 2417 1020 2441; x_wconf 91' lang='lat' dir='ltr'>cum</span> <span class='ocrx_word' id='word_1_289' title='bbox 1061 2404 1234 2442; x_wconf 87' lang='lat' dir='ltr'>sciencia</span> <span class='ocrx_word' id='word_1_290' title='bbox 1271 2418 1352 2442; x_wconf 87' lang='lat' dir='ltr'>non</span> <span class='ocrx_word' id='word_1_291' title='bbox 1382 2404 1528 2442; x_wconf 83' lang='lat' dir='ltr'>virtute</span> <span class='ocrx_word' id='word_1_292' title='bbox 1567 2402 1709 2440; x_wconf 87' lang='lat' dir='ltr'>morali</span> <span class='ocrx_word' id='word_1_293' title='bbox 1742 2403 1890 2439; x_wconf 84' lang='lat' dir='ltr'>con-35</span> 
     </span>
     <span class='ocr_line' id='line_1_43' title="bbox 521 2459 1835 2512; baseline -0.002 -13"><span class='ocrx_word' id='word_1_294' title='bbox 521 2462 637 2511; x_wconf 84' lang='lat' dir='ltr'>tingit</span> <span class='ocrx_word' id='word_1_295' title='bbox 661 2463 792 2509; x_wconf 89' lang='lat' dir='ltr'>abuti;</span> <span class='ocrx_word' id='word_1_296' title='bbox 822 2462 913 2499; x_wconf 89' lang='lat' dir='ltr'>ideo</span> <span class='ocrx_word' id='word_1_297' title='bbox 937 2472 1294 2512; x_wconf 89' lang='lat' dir='ltr'>quantumcunque</span> <span class='ocrx_word' id='word_1_298' title='bbox 1317 2471 1456 2500; x_wconf 90' lang='lat' dir='ltr'>sancta</span> <span class='ocrx_word' id='word_1_299' title='bbox 1480 2461 1597 2499; x_wconf 86' lang='lat' dir='ltr'>fuerit</span> <span class='ocrx_word' id='word_1_300' title='bbox 1619 2459 1835 2506; x_wconf 87' lang='lat' dir='ltr'>sentencia,</span> 
     </span>
     <span class='ocr_line' id='line_1_44' title="bbox 521 2519 1836 2568; baseline -0.002 -11"><span class='ocrx_word' id='word_1_301' title='bbox 521 2522 638 2558; x_wconf 88' lang='lat' dir='ltr'>debet</span> <span class='ocrx_word' id='word_1_302' title='bbox 687 2522 810 2558; x_wconf 91' lang='lat' dir='ltr'>homo</span> <span class='ocrx_word' id='word_1_303' title='bbox 863 2521 1068 2558; x_wconf 86' lang='lat' dir='ltr'>attendere</span> <span class='ocrx_word' id='word_1_304' title='bbox 1118 2522 1168 2558; x_wconf 89' lang='lat' dir='ltr'>ad</span> <span class='ocrx_word' id='word_1_305' title='bbox 1218 2521 1366 2567; x_wconf 88' lang='lat' dir='ltr'>locum,</span> <span class='ocrx_word' id='word_1_306' title='bbox 1412 2522 1462 2557; x_wconf 92' lang='lat' dir='ltr'>ad</span> <span class='ocrx_word' id='word_1_307' title='bbox 1505 2528 1662 2568; x_wconf 88' lang='lat' dir='ltr'>tempus</span> <span class='ocrx_word' id='word_1_308' title='bbox 1706 2527 1742 2555; x_wconf 92' lang='lat' dir='ltr'>et</span> <span class='ocrx_word' id='word_1_309' title='bbox 1787 2519 1836 2555; x_wconf 91' lang='lat' dir='ltr'>ad</span> 
     </span>
     <span class='ocr_line' id='line_1_45' title="bbox 521 2575 1836 2627; baseline -0.003 -11"><span class='ocrx_word' id='word_1_310' title='bbox 521 2591 712 2627; x_wconf 86' lang='lat' dir='ltr'>personas</span> <span class='ocrx_word' id='word_1_311' title='bbox 745 2578 888 2627; x_wconf 89' lang='lat' dir='ltr'>quibus</span> <span class='ocrx_word' id='word_1_312' title='bbox 921 2578 1091 2616; x_wconf 87' lang='lat' dir='ltr'>seminat</span> <span class='ocrx_word' id='word_1_313' title='bbox 1123 2580 1288 2616; x_wconf 88' lang='lat' dir='ltr'>verbum</span> <span class='ocrx_word' id='word_1_314' title='bbox 1314 2578 1398 2624; x_wconf 89' lang='lat' dir='ltr'>Dei,</span> <span class='ocrx_word' id='word_1_315' title='bbox 1424 2587 1461 2615; x_wconf 88' lang='lat' dir='ltr'>et</span> <span class='ocrx_word' id='word_1_316' title='bbox 1494 2577 1596 2615; x_wconf 91' lang='lat' dir='ltr'>sicut</span> <span class='ocrx_word' id='word_1_317' title='bbox 1627 2589 1709 2614; x_wconf 89' lang='lat' dir='ltr'>non</span> <span class='ocrx_word' id='word_1_318' title='bbox 1741 2575 1836 2613; x_wconf 88' lang='lat' dir='ltr'>facit</span> 
     </span>
     <span class='ocr_line' id='line_1_46' title="bbox 522 2634 1837 2685; baseline -0.002 -12"><span class='ocrx_word' id='word_1_319' title='bbox 522 2636 781 2674; x_wconf 87' lang='lat' dir='ltr'>elemosinam</span> <span class='ocrx_word' id='word_1_320' title='bbox 827 2636 867 2673; x_wconf 88' lang='lat' dir='ltr'>in</span> <span class='ocrx_word' id='word_1_321' title='bbox 910 2636 1073 2673; x_wconf 90' lang='lat' dir='ltr'>nomine</span> <span class='ocrx_word' id='word_1_322' title='bbox 1121 2637 1268 2673; x_wconf 90' lang='lat' dir='ltr'>Christi</span> <span class='ocrx_word' id='word_1_323' title='bbox 1312 2636 1386 2673; x_wconf 91' lang='lat' dir='ltr'>nisi</span> <span class='ocrx_word' id='word_1_324' title='bbox 1433 2636 1561 2685; x_wconf 87' lang='lat' dir='ltr'>ipsam</span> <span class='ocrx_word' id='word_1_325' title='bbox 1602 2634 1739 2672; x_wconf 89' lang='lat' dir='ltr'>fecerit</span> <span class='ocrx_word' id='word_1_326' title='bbox 1776 2646 1837 2671; x_wconf 89' lang='lat' dir='ltr'>sa-</span> 
     </span>
    </p>
   </div>
   <div class='ocr_carea' id='block_1_5' title="bbox 522 2744 1837 2923">
    <p class='ocr_par' dir='ltr' id='par_1_8' title="bbox 522 2744 1837 2923">
     <span class='ocr_line' id='line_1_47' title="bbox 594 2744 1836 2784; baseline -0.003 -8"><span class='ocrx_word' id='word_1_327' title='bbox 594 2756 613 2776; x_wconf 89' lang='lat'>1.</span> <span class='ocrx_word' id='word_1_328' title='bbox 627 2747 694 2775; x_wconf 84' lang='lat' dir='ltr'>DE:</span> <span class='ocrx_word' id='word_1_329' title='bbox 711 2747 954 2775; x_wconf 80' lang='lat' dir='ltr'>concedendum.</span> <span class='ocrx_word' id='word_1_330' title='bbox 1006 2748 1033 2775; x_wconf 71' lang='grc' dir='ltr'>(Ξ.</span> <span class='ocrx_word' id='word_1_331' title='bbox 1048 2749 1092 2776; x_wconf 85' lang='lat' dir='ltr'>A:</span> <span class='ocrx_word' id='word_1_332' title='bbox 1109 2756 1182 2783; x_wconf 77' lang='lat' dir='ltr'>ergo</span> <span class='ocrx_word' id='word_1_333' title='bbox 1197 2747 1290 2775; x_wconf 85' lang='lat' dir='ltr'>deest.</span> <span class='ocrx_word' id='word_1_334' title='bbox 1348 2755 1373 2783; x_wconf 85' lang='lat'>7.</span> <span class='ocrx_word' id='word_1_335' title='bbox 1387 2747 1456 2774; x_wconf 77' lang='lat' dir='ltr'>DE:</span> <span class='ocrx_word' id='word_1_336' title='bbox 1472 2754 1527 2774; x_wconf 88' lang='lat' dir='ltr'>nec</span> <span class='ocrx_word' id='word_1_337' title='bbox 1542 2754 1650 2774; x_wconf 86' lang='lat' dir='ltr'>sumus</span> <span class='ocrx_word' id='word_1_338' title='bbox 1665 2767 1671 2772; x_wconf 94' lang='lat'>.</span> <span class='ocrx_word' id='word_1_339' title='bbox 1685 2767 1691 2772; x_wconf 94' lang='lat'><em>.</em></span> <span class='ocrx_word' id='word_1_340' title='bbox 1705 2766 1711 2772; x_wconf 93' lang='lat'>.</span> <span class='ocrx_word' id='word_1_341' title='bbox 1725 2766 1732 2773; x_wconf 89' lang='lat'>.</span> <span class='ocrx_word' id='word_1_342' title='bbox 1749 2744 1836 2784; x_wconf 73' lang='lat' dir='ltr'>sient.</span> 
     </span>
     <span class='ocr_line' id='line_1_48' title="bbox 522 2780 1837 2819; baseline -0.003 -9"><span class='ocrx_word' id='word_1_343' title='bbox 522 2783 548 2809; x_wconf 80' lang='grc'>8.</span> <span class='ocrx_word' id='word_1_344' title='bbox 564 2783 608 2810; x_wconf 90' lang='lat' dir='ltr'>A:</span> <span class='ocrx_word' id='word_1_345' title='bbox 624 2791 682 2819; x_wconf 88' lang='lat' dir='ltr'>que</span> <span class='ocrx_word' id='word_1_346' title='bbox 697 2782 830 2816; x_wconf 82' lang='lat' dir='ltr'>scimus;</span> <span class='ocrx_word' id='word_1_347' title='bbox 850 2782 890 2809; x_wconf 86' lang='lat' dir='ltr'>ib.</span> <span class='ocrx_word' id='word_1_348' title='bbox 906 2783 950 2810; x_wconf 87' lang='lat' dir='ltr'>A:</span> <span class='ocrx_word' id='word_1_349' title='bbox 969 2782 1067 2810; x_wconf 81' lang='lat' dir='ltr'>maius</span> <span class='ocrx_word' id='word_1_350' title='bbox 1083 2783 1209 2810; x_wconf 89' lang='lat' dir='ltr'>bonum.</span> <span class='ocrx_word' id='word_1_351' title='bbox 1277 2789 1307 2816; x_wconf 89' lang='lat'>9.</span> <span class='ocrx_word' id='word_1_352' title='bbox 1322 2782 1366 2809; x_wconf 89' lang='lat' dir='ltr'>A:</span> <span class='ocrx_word' id='word_1_353' title='bbox 1384 2781 1552 2817; x_wconf 74' lang='lat' dir='ltr'>pervenire.</span> <span class='ocrx_word' id='word_1_354' title='bbox 1619 2788 1653 2808; x_wconf 87' lang='lat'>11.</span> <span class='ocrx_word' id='word_1_355' title='bbox 1669 2780 1712 2808; x_wconf 89' lang='lat' dir='ltr'>D:</span> <span class='ocrx_word' id='word_1_356' title='bbox 1728 2787 1777 2807; x_wconf 86' lang='lat' dir='ltr'>ma</span> <span class='ocrx_word' id='word_1_357' title='bbox 1802 2788 1837 2807; x_wconf 76' lang='lat' dir='ltr'>is.</span> 
     </span>
     <span class='ocr_line' id='line_1_49' title="bbox 523 2813 1837 2853; baseline -0.003 -8"><span class='ocrx_word' id='word_1_358' title='bbox 523 2825 562 2852; x_wconf 86' lang='lat'>17.</span> <span class='ocrx_word' id='word_1_359' title='bbox 578 2819 622 2845; x_wconf 82' lang='lat' dir='ltr'>A:</span> <span class='ocrx_word' id='word_1_360' title='bbox 645 2817 855 2845; x_wconf 76' lang='lat' dir='ltr'>necessitatur.</span> <span class='ocrx_word' id='word_1_361' title='bbox 919 2818 957 2845; x_wconf 74' lang='grc' dir='ltr'>ιδ.</span> <span class='ocrx_word' id='word_1_362' title='bbox 974 2817 998 2844; x_wconf 77' lang='grc' dir='ltr'>Ε</span> <span class='ocrx_word' id='word_1_363' title='bbox 1013 2817 1042 2844; x_wconf 88' lang='lat' dir='ltr'>in</span> <span class='ocrx_word' id='word_1_364' title='bbox 1064 2825 1178 2853; x_wconf 86' lang='lat' dir='ltr'>marg.:</span> <span class='ocrx_word' id='word_1_365' title='bbox 1200 2816 1370 2845; x_wconf 82' lang='lat' dir='ltr'>Contencio</span> <span class='ocrx_word' id='word_1_366' title='bbox 1391 2815 1648 2844; x_wconf 84' lang='lat' dir='ltr'>Mendicancium.</span> <span class='ocrx_word' id='word_1_367' title='bbox 1704 2813 1747 2842; x_wconf 86' lang='lat'>23.</span> <span class='ocrx_word' id='word_1_368' title='bbox 1768 2814 1779 2842; x_wconf 96' lang='lat' dir='ltr'>l</span> <span class='ocrx_word' id='word_1_369' title='bbox 1797 2813 1837 2842; x_wconf 88' lang='lat' dir='ltr'>E:</span> 
     </span>
     <span class='ocr_line' id='line_1_50' title="bbox 522 2848 1836 2888; baseline -0.002 -9"><span class='ocrx_word' id='word_1_370' title='bbox 522 2852 671 2880; x_wconf 79' lang='lat' dir='ltr'>infirmos.</span> <span class='ocrx_word' id='word_1_371' title='bbox 757 2859 801 2885; x_wconf 87' lang='lat'>27.</span> <span class='ocrx_word' id='word_1_372' title='bbox 822 2852 866 2879; x_wconf 88' lang='lat' dir='ltr'>A:</span> <span class='ocrx_word' id='word_1_373' title='bbox 887 2852 970 2888; x_wconf 90' lang='lat' dir='ltr'>quod</span> <span class='ocrx_word' id='word_1_374' title='bbox 993 2860 1064 2880; x_wconf 87' lang='lat' dir='ltr'>non.</span> <span class='ocrx_word' id='word_1_375' title='bbox 1149 2850 1187 2879; x_wconf 87' lang='lat'>31.</span> <span class='ocrx_word' id='word_1_376' title='bbox 1208 2852 1252 2879; x_wconf 89' lang='lat' dir='ltr'>A:</span> <span class='ocrx_word' id='word_1_377' title='bbox 1274 2851 1468 2879; x_wconf 82' lang='lat' dir='ltr'>contendere.</span> <span class='ocrx_word' id='word_1_378' title='bbox 1559 2848 1601 2878; x_wconf 87' lang='lat'>33.</span> <span class='ocrx_word' id='word_1_379' title='bbox 1623 2849 1692 2877; x_wconf 90' lang='lat' dir='ltr'>DE:</span> <span class='ocrx_word' id='word_1_380' title='bbox 1714 2849 1836 2877; x_wconf 87' lang='lat' dir='ltr'>dicitur.</span> 
     </span>
     <span class='ocr_line' id='line_1_51' title="bbox 523 2886 864 2923; baseline 0 -9"><span class='ocrx_word' id='word_1_381' title='bbox 523 2886 564 2923; x_wconf 76' lang='lat'>35,</span> <span class='ocrx_word' id='word_1_382' title='bbox 586 2886 632 2915; x_wconf 86' lang='lat'>36.</span> <span class='ocrx_word' id='word_1_383' title='bbox 652 2888 698 2915; x_wconf 88' lang='lat' dir='ltr'>A:</span> <span class='ocrx_word' id='word_1_384' title='bbox 719 2886 864 2914; x_wconf 90' lang='lat' dir='ltr'>continet.</span> 
     </span>
    </p>
   </div>
   <div class='ocr_carea' id='block_1_6' title="bbox 598 2946 970 2988">
    <p class='ocr_par' dir='ltr' id='par_1_9' title="bbox 598 2946 970 2988">
     <span class='ocr_line' id='line_1_52' title="bbox 598 2946 970 2988; baseline 0.003 -10"><span class='ocrx_word' id='word_1_385' title='bbox 598 2947 646 2978; x_wconf 81' lang='lat'>13.</span> <span class='ocrx_word' id='word_1_386' title='bbox 674 2947 698 2979; x_wconf 87' lang='lat'>1.</span> <span class='ocrx_word' id='word_1_387' title='bbox 717 2946 846 2978; x_wconf 87' lang='lat' dir='ltr'>Thess.</span> <span class='ocrx_word' id='word_1_388' title='bbox 873 2947 911 2983; x_wconf 74' lang='lat'>11.</span> <span class='ocrx_word' id='word_1_389' title='bbox 938 2957 970 2988; x_wconf 87' lang='lat'>4.</span> 
     </span>
    </p>
   </div>
  </div>
 </body>
</html>
