1986 3380
262 261 398 291 SERMO
420 252 518 307 rixa]
736 265 949 300 SECUNDA
977 266 1103 298 PARS.
1789 258 1863 307 395

263 374 365 409 latus
399 373 681 409 communitati
722 373 864 418 facere,
905 381 1015 421 patet
1056 385 1175 420 quam
1216 374 1485 410 necessarium
1521 385 1577 412 est

263 430 336 467 sibi
371 431 429 467 sal
461 430 675 479 sapiencie.
711 433 810 467 Cum
846 443 939 479 ergo
973 431 1191 467 secundum
1229 431 1347 467 fidem
1383 432 1578 480 scripture

171 517 232 548 Fol
263 488 429 525 Matthei
462 490 530 535 VO,
562 490 622 535 13,
654 502 713 535 14,
746 490 805 535 15,
848 490 1037 525 debemus
1077 501 1160 525 esse
1199 489 1256 524 sal
1296 489 1503 537 spirituale
1543 502 1578 528 et

168 541 325 606 227sslux
359 547 397 583 in
443 546 621 589 domino,
668 547 805 584 civitas
850 556 886 584 et
916 545 919 595 Ι
949 547 1124 591 lucerna,
1171 555 1280 594 patet
1327 556 1474 595 quante
1514 551 1579 586 de-

228 609 498 651 figeneramus
552 614 588 641 et
643 605 844 642 mandatis
899 605 1045 641 Christi
1099 605 1428 651 contradicimus,
1484 608 1575 643 dum

262 663 371 699 effusi
407 675 543 699 sumus
577 662 677 699 sicut
711 676 815 711 aqua
855 676 897 699 ex
932 663 1192 700 instabilitate
1226 676 1304 712 qua
1338 665 1438 700 adeo
1472 677 1578 701 rece-

261 720 391 756 dimus
444 720 659 757 innitentes
718 722 792 757 deo
845 721 990 767 alieno,
1044 721 1138 770 quia
1186 730 1371 771 ponentes
1422 735 1577 759 carnem

260 779 459 814 brachium
482 787 655 815 nostrum
680 788 819 816 contra
837 779 907 815 Dei
931 781 1166 816 mandatum
1183 779 1367 824 (Jeremie
1382 781 1520 824 XV110‚
1543 782 1578 827 5)

260 845 296 873 et
341 838 561 873 deserendo
602 836 723 873 vitam
764 837 1030 885 apostolicam
1072 838 1354 874 constituimus
1400 838 1578 876 civitates

204 910 243 932 10
260 895 419 942 dyaboli
454 904 665 943 regnantes
699 896 748 932 ad
782 904 940 944 tempus
974 905 1139 944 propter
1172 905 1337 943 peccata
1369 905 1507 934 nostra
1542 906 1578 934 ct

258 953 411 1001 populi.
447 955 580 999 Quare
604 966 698 1001 ergo
723 967 813 990 cum
838 953 962 990 simus
985 955 1043 990 sal
1066 955 1337 991 voluntarium
1363 967 1406 991 ex
1429 955 1576 1001 officio,

258 1012 400 1059 globus
416 1013 578 1048 tenebre
594 1024 665 1060 per
689 1020 901 1060 peccatum
926 1021 962 1049 et
987 1012 1127 1048 civitas
1152 1012 1314 1060 dyaboli
1337 1013 1577 1061 negligendo

258 1070 402 1106 celeste
435 1069 628 1116 officium,
665 1079 700 1106 et
733 1070 789 1107 sic
819 1070 1050 1107 iniuriando
1075 1072 1172 1117 Deo,
1208 1070 1323 1107 nobis
1357 1080 1393 1107 et
1427 1073 1577 1120 populo

257 1136 337 1164 non
389 1137 585 1176 pugnaret
638 1141 727 1164 cum
775 1131 859 1165 Deo
906 1137 1046 1166 contra
1099 1141 1172 1165 nos
1224 1128 1332 1166 orbis
1377 1138 1575 1166 terrarum

203 1191 239 1224 15
258 1185 448 1222 finaliter?
499 1195 536 1223 et
581 1199 670 1223 cum
716 1186 788 1223 viri
834 1186 1047 1235 apostolici
1093 1188 1238 1223 debent
1283 1200 1367 1224 esse
1420 1189 1577 1225 lucerna

256 1257 429 1289 accensa,
464 1253 572 1293 patet
606 1246 714 1294 quod
744 1257 816 1281 non
851 1246 986 1282 debent
1004 1245 1100 1295 poni
1119 1246 1187 1281 sub
1211 1246 1339 1282 modio
1371 1247 1440 1282 sed
1461 1259 1578 1296 super

257 1303 547 1349 candelabrum,
593 1312 635 1339 ut
680 1302 948 1352 ingredientes
994 1305 1159 1340 domum
1207 1304 1372 1341 ecclesie
1416 1304 1577 1342 videant

256 1373 328 1397 sua
373 1362 479 1398 bona
523 1374 647 1410 opera
692 1370 729 1398 et
768 1363 975 1410 quomodo
1020 1362 1208 1410 fugiendo
1247 1375 1269 1399 a
1314 1371 1575 1410 peccatorum

256 1419 430 1456 tenebris
464 1420 608 1457 debent
640 1421 690 1457 ad
723 1420 897 1468 patriam
932 1428 1194 1457 transmeare.
1235 1422 1343 1457 Idem
1379 1421 1484 1457 enim
1518 1431 1576 1458 est

199 1492 239 1514 20
256 1477 351 1525 poni
385 1479 457 1513 sub
492 1478 628 1514 modio
662 1487 698 1514 et
732 1491 816 1515 esse
840 1478 1043 1515 civitatem
1078 1478 1252 1527 dyaboli,
1288 1487 1324 1515 et
1348 1479 1454 1516 idem
1478 1480 1575 1528 poni

255 1548 374 1583 super
420 1537 706 1572 candelabrum
753 1546 789 1573 et
835 1537 874 1573 in
921 1536 1068 1573 vertice
1119 1537 1323 1574 moncium
1380 1538 1463 1586 (qui
1518 1547 1574 1575 est

256 1593 454 1643 Christus)
488 1596 537 1631 ad
572 1595 883 1631 illuminandum
918 1595 1129 1632 ecclesiam
1164 1608 1292 1632 suam.

312 1654 380 1688 Est
413 1661 545 1689 autem
580 1653 744 1690 lucerna
776 1653 1088 1690 instrumentum
1114 1653 1387 1691 contentivum
1412 1654 1573 1691 luminis
1589 1659 1864 1694 2¹·11c0mparison:

255 1722 296 1746 ex
342 1710 458 1759 lignis
504 1720 540 1747 et
579 1712 802 1759 dyaphanis
842 1712 1080 1760 corporibus
1120 1711 1275 1749 carneis
1314 1712 1571 1761 integratum,
1619 1693 1834 1722 Tlielantern.

197 1773 237 1805 25
254 1770 358 1805 unde
392 1768 584 1817 Baptista,
618 1770 711 1818 quia
744 1783 825 1806 non
849 1783 892 1806 ex
926 1783 966 1807 se
1000 1770 1138 1807 habuit
1163 1771 1292 1807 lucem
1328 1771 1571 1817 huiusmodi,

254 1836 421 1875 negatur
454 1840 537 1864 esse
570 1828 633 1864 lux
658 1829 761 1874 (Joh.
787 1830 833 1877 Ι),
868 1830 937 1865 sed
973 1829 1031 1875 (ut
1057 1828 1153 1865 dicit
1177 1829 1359 1866 Christus
1381 1829 1573 1866 Johannis

254 1887 322 1931 VO,
361 1886 424 1931 55)
464 1893 549 1922 erat
587 1887 744 1922 lucerna
783 1887 927 1923 ardens
959 1895 994 1923 et
1026 1888 1176 1927 lucens:
1218 1900 1311 1924 nam
1351 1889 1571 1924 secundum

257 1943 506 1980 materialem
540 1944 815 1981 substanciam
849 1945 921 1981 fuit
956 1946 1100 1982 ardens
1135 1954 1171 1982 et
1204 1947 1425 1982 secundum
1459 1959 1573 1983 suam

255 2001 504 2050 spiritualem
538 2002 809 2040 substanciam
843 2012 1052 2052 tamquam
1086 2004 1342 2052 dyaphanum
1383 2017 1572 2041 carneum

199 2064 238 2096 30
256 2060 327 2096 fuit
372 2061 527 2103 lucens;
573 2061 735 2098 lucerna
784 2070 917 2098 autem
964 2062 1118 2099 fovetur
1161 2062 1251 2098 oleo
1297 2062 1573 2099 misericordie

255 2118 475 2167 spiritualis
507 2119 789 2167 spiritualiter3
824 2132 900 2168 que
933 2120 1096 2168 prelatis
1130 2121 1247 2157 debet
1280 2130 1522 2169 competere.

313 2177 391 2213 Sed
424 2176 500 2214 tria
533 2186 624 2214 sunt
656 2190 727 2226 per
759 2190 836 2226 que
860 2177 1103 2226 extinguitur
1126 2179 1190 2215 lux
1213 2179 1385 2225 lucerne,
1421 2178 1572 2216 scilicet
1611 2184 1690 2211 How
1712 2185 1750 2212 its
1771 2185 1846 2230 15:2¹st

254 2243 394 2272 ventus
427 2235 625 2284 superbie,
661 2248 766 2285 aqua
799 2236 970 2273 carnalis
1004 2236 1336 2285 concupiscencie
1369 2246 1406 2274 et
1439 2237 1571 2274 fumus
1612 2221 1838 2289 cxlfflfflfllisscd

256 2293 499 2330 curiositatis
517 2295 731 2331 mundane.
758 2295 911 2331 Debent
936 2303 1071 2331 autem
1096 2295 1324 2344 quicunque
1348 2295 1569 2342 christiani,
1596 2297 1616 2316 ¹·
1640 2288 1852 2360 [Rsssffidffifld

199 2355 238 2388 35
255 2353 323 2388 sed
356 2351 500 2400 prelati
533 2352 723 2401 precipue
757 2365 896 2389 cavere
929 2354 1001 2390 hec
1034 2352 1123 2399 tria,
1157 2366 1205 2390 ne
1238 2354 1374 2390 lumen
1408 2354 1570 2390 lucerne
1795 2348 1800 2354 ’

255 2422 325 2446 sue
358 2410 606 2459 extinguant3
648 2410 779 2459 primo
812 2420 972 2448 ventum
1014 2411 1213 2462 superbie,
1253 2411 1496 2449 includendo
1529 2425 1570 2448 se

256 2481 352 2505 cavo
387 2468 625 2506 humilitatis
659 2482 749 2506 cum
784 2469 963 2518 Baptista
986 2479 1023 2506 et
1046 2469 1341 2507 considerando
1365 2470 1570 2507 humiliter

256 2527 363 2575 quod
397 2526 497 2563 nihil
530 2527 624 2564 boni
658 2528 805 2564 habent
838 2527 912 2564 nisi
948 2529 1055 2576 quod
1089 2541 1111 2565 a
1144 2530 1228 2565 Deo
1262 2538 1501 2577 acceperant
1534 2537 1570 2565 et

325 2669 351 2695 7.
376 2661 444 2690 DE:
475 2662 532 2689 deo
561 2661 656 2690 deest.
800 2671 842 2690 10.
873 2662 915 2690 D:
946 2671 1000 2698 per
1030 2668 1152 2698 peccata
1181 2664 1210 2691 in
1240 2663 1308 2691 cod.
1341 2671 1420 2691 corr.
1452 2663 1481 2690 in
1513 2671 1571 2695 nr:

255 2696 295 2723 ib.
317 2696 386 2724 DE:
409 2697 516 2724 nostri.
608 2705 642 2724 11.
662 2697 721 2724 Hic
741 2697 827 2725 Iocus
848 2701 984 2732 corrupt.
1006 2706 1072 2725 esse
1092 2699 1230 2732 videtur:
1262 2699 1302 2726 ib.
1326 2698 1393 2725 DE:
1415 2706 1488 2733 ergo
1510 2707 1570 2726 non

256 2740 375 2758 sumus.
450 2740 489 2765 14.
511 2730 580 2758 DE:
603 2737 783 2767 pugnarent.
859 2740 897 2768 17.
919 2731 959 2759 E:
980 2737 1007 2759 et
1028 2732 1160 2760 videant.
1236 2733 1275 2760 18.
1296 2734 1341 2761 A:
1363 2741 1456 2768 opera
1476 2733 1571 2766 deest,

256 2774 299 2801 ¹9-
321 2766 390 2793 DE:
412 2767 537 2801 patrias.
612 2775 655 2794 22.
677 2767 745 2794 DE:
768 2767 858 2801 exigi.
938 2765 980 2794 23.
1003 2767 1026 2794 E
1046 2768 1076 2794 in
1098 2776 1211 2802 marga
1234 2768 1382 2805 Lucerna.
1457 2774 1503 2801 24.
1525 2769 1569 2805 A.

256 2801 422 2835 diaphonis
443 2809 496 2828 cor
522 2801 628 2829 oribus
648 2802 779 2829 corneis.
888 2802 929 2829 25.
951 2802 991 2829 E:
1013 2803 1134 2830 liabent.
1245 2806 1292 2832 20.
1313 2811 1358 2837 27.
1379 2804 1424 2830 A:
1444 2802 1512 2830 Joh.
1531 2803 1572 2831 V„

255 2835 349 2863 deest.
422 2843 492 2871 27—
512 2843 540 2863 ο.
561 2837 605 2864 A:
627 2845 698 2863 nam
718 2852 751 2856 —
772 2837 876 2863 lucens
897 2836 991 2864 deest.
1055 2836 1107 2873 733.
1130 2836 1198 2865 DE:
1219 2837 1407 2872 c‹›1-p01-alis;
1433 2837 1474 2864 ib.
1495 2837 1520 2865 E
1540 2837 1570 2864 in

256 2878 368 2905 marg:
392 2870 529 2898 Lucerna
549 2871 738 2907 extinguitur
758 2880 811 2907 per
831 2871 898 2898 tria.
980 2871 1023 2899 35.
1046 2872 1114 2900 DE:
1136 2873 1242 2908 prelati
1264 2881 1346 2900 vero.
1429 2871 1474 2900 36.
1496 2872 1520 2899 E
1540 2872 1569 2899 in

256 2913 370 2940 marg:
391 2905 509 2933 Ventus
530 2906 682 2942 superbie.
