1986 3380
215 301 293 332 444

248 1281 452 1308 lindowmeut

226 1316 336 1343 should
360 1317 394 1343 bc
416 1321 466 1351 pul

260 1359 296 1378 an
319 1351 375 1378 end
398 1356 438 1378 10.

799 297 1023 329 JoHANle
1044 297 1225 328 WYCLIF
1246 296 1504 329 sERMONUM
1567 283 1717 340 [SERMO
1741 295 1815 323 [lx.

503 412 621 451 atque
654 403 809 439 facilior
842 404 890 439 sit
924 404 1110 447 tenenda)
1148 404 1254 450 quod
1290 403 1440 439 fatuum
1477 404 1576 440 foret
1611 416 1698 440 cum
1734 405 1816 441 istis

503 460 666 508 privatis
714 461 920 497 ordinibus
967 459 1215 508 desponsari.
1270 461 1402 496 Nostri
1450 470 1582 497 autem
1641 462 1816 509 religiosi

503 520 650 555 habent
689 519 784 555 istas
830 518 1040 565 religiones
1080 519 1293 566 adoptatas
1332 528 1374 554 ut
1415 528 1562 555 matres
1602 528 1637 555 et
1677 532 1814 556 earum

502 576 772 625 possessiones
818 589 862 613 ac
902 576 999 612 ritus
1048 577 1150 612 ultra
1193 577 1395 612 naturales
1442 576 1545 613 lilios
1586 579 1813 625 adoptatos,

503 634 600 680 Quis
634 635 737 671 enim
772 635 831 670 vel
856 634 1067 682 episcopus
1091 647 1170 670 non
1194 634 1282 682 plus
1307 635 1460 671 doleret
1484 647 1557 683 pro
1582 635 1849 683 perdicione5

502 705 666 728 suorum
701 692 984 740 temporalium
1020 705 1139 740 quam
1182 704 1254 740 pro
1289 693 1583 741 dampnacione
1622 702 1814 741 perpetua

501 750 778 787 subditorum}
832 752 931 786 Nam
968 749 1129 786 effectus
1168 749 1342 786 ostendit
1381 751 1516 798 patule
1555 751 1670 787 istam
1710 750 1812 787 viam

501 809 710 856 supposito
745 809 791 844 de
825 807 1047 856 imprecato
1081 820 1102 844 a
1138 807 1272 843 multis
1312 809 1419 856 quod
1463 808 1630 856 quilibet
1663 808 1815 857 episco-

503 876 617 914 patus
651 866 688 902 in
713 866 856 913 Anglia
890 865 1104 902 dotacione
1127 865 1411 914 temporalium
1447 865 1682 914 privaretur.
1717 866 1814 913 Quis

502 938 595 972 ergo
630 923 841 972 episcopus
875 932 968 960 tunc
1003 925 1262 960 contenderet
1296 923 1401 960 circa
1444 923 1721 973 episcopatum
1755 925 1814 961 vel
1835 936 1874 958 ιο

502 982 640 1030 pocius
686 981 885 1030 acciperet
931 982 1035 1017 hunc
1084 982 1143 1018 vel
1190 981 1326 1018 illum?
1380 982 1544 1019 Indubie
1590 982 1813 1028 contencio,

502 1040 723 1088 preeleccio
754 1049 790 1076 et
820 1039 1005 1076 differens
1036 1039 1268 1087 acceptacio
1298 1041 1513 1076 ostendunt
1544 1041 1679 1088 patule
1708 1042 1814 1089 quod

501 1099 589 1146 plus
634 1097 889 1134 dotacionem
936 1097 1191 1146 episcopatus
1231 1097 1400 1145 diligunt
1446 1111 1565 1147 quam
1608 1110 1813 1147 personas

502 1158 548 1192 Et
581 1156 687 1192 idem
713 1164 769 1192 est
793 1155 985 1192 iudicium
1011 1157 1057 1191 de
1087 1155 1233 1203 regulis
1262 1168 1308 1192 ac
1334 1155 1604 1193 observanciis
1627 1156 1814 1193 ordinum

502 1214 765 1262 privatorum.
1837 1217 1873 1250 15

559 1274 606 1308 Et
639 1281 833 1321 quantum
867 1273 917 1308 ad
951 1271 1137 1307 ultimum
1171 1272 1351 1316 verbum,
1387 1280 1496 1319 patet
1529 1274 1636 1320 quod
1669 1285 1816 1321 suppo-

501 1330 577 1366 sito
611 1342 745 1367 errore
779 1330 818 1365 in
848 1329 1089 1366 fundacione
1123 1329 1290 1365 istorum
1317 1329 1518 1375 ordinum,
1553 1343 1644 1367 cum
1678 1343 1817 1367 secun-

502 1390 596 1424 dum
630 1387 887 1424 Aristotelem
922 1400 1033 1424 error
1067 1387 1222 1423 diucius
1261 1386 1517 1424 continuatus
1550 1389 1638 1437 plus
1672 1388 1815 1431 deviat,

502 1445 721 1483 elemosina
765 1446 867 1482 foret
912 1445 1065 1482 radices
1106 1443 1274 1482 istorum
1315 1445 1502 1482 ordinum
1542 1456 1579 1483 et
1618 1446 1816 1495 principia

502 1504 681 1553 ipsorum
717 1503 962 1552 extinguere3
1010 1513 1046 1540 et
1079 1503 1135 1540 sic
1169 1505 1216 1540 de
1250 1503 1530 1540 dotacionibus
1563 1506 1697 1554 quoad
1729 1517 1816 1553 per·
1833 1516 1874 1538 20

502 1571 642 1611 petuas
676 1561 916 1599 elemosinas
940 1574 1064 1609 reges,
1099 1561 1165 1598 alii
1188 1562 1387 1598 seculares
1413 1562 1566 1598 domini
1591 1572 1627 1599 et
1651 1563 1816 1599 heredes

503 1622 648 1657 debent
700 1619 880 1656 redditus
925 1628 962 1656 et
1008 1619 1249 1656 hereditates
1294 1620 1392 1656 tales
1437 1621 1487 1656 ad
1532 1620 1812 1658 rectitudinem

502 1678 722 1726 primevam
758 1686 1001 1714 convertere.
1042 1679 1091 1714 Et
1124 1678 1256 1726 quoad
1291 1677 1544 1723 elemosinas,
1591 1687 1721 1715 cartas
1753 1679 1813 1715 vel

502 1736 744 1773 tradiciones
768 1735 996 1784 allegabiles
1021 1735 1059 1772 in
1083 1736 1157 1772 hac
1179 1744 1306 1784 parte,
1323 1735 1383 1771 vel
1406 1735 1597 1773 deficiunt
1622 1736 1660 1773 in
1680 1749 1814 1773 errore

503 1796 587 1831 Deo
626 1794 826 1831 contrarie
870 1793 910 1830 in
954 1793 1088 1830 radice
1131 1794 1191 1830 vel
1235 1794 1284 1829 ab
1329 1793 1590 1831 ordinacione
1634 1794 1811 1842 primeva
1831 1796 1870 1828 25

502 1854 721 1889 secundum
761 1852 883 1888 vitam
927 1850 1170 1888 contrariam
1211 1850 1456 1888 dilabuntur.
1505 1851 1813 1889 Securissimum

502 1910 637 1958 itaque
670 1911 772 1946 foret
795 1909 1097 1946 ordinacionem
1123 1908 1447 1946 elemosinariam
1474 1922 1571 1957 pure
1594 1912 1812 1947 secundum

502 1969 628 2016 legem
655 1967 815 2004 Domini
839 1967 1044 2004 suscitare.
1074 1969 1154 2004 Nec
1178 1966 1402 2004 timendum
1427 1976 1518 2003 sunt
1542 1968 1814 2005 excommuni-

503 2025 687 2063 caciones
726 2027 785 2062 vel
826 2025 1161 2074 exprobraciones
1201 2024 1340 2062 frivole
1380 2034 1519 2062 contra
1560 2026 1816 2063 defendentes

502 2084 618 2121 istam
666 2083 912 2120 sentenciam
954 2083 1248 2128 fulminantem,
1289 2083 1383 2132 quia
1431 2092 1571 2120 contra
1612 2084 1814 2120 Christum
1832 2085 1874 2118 30

503 2152 539 2178 et
574 2141 656 2178 eius
689 2142 894 2190 apostolos
928 2141 994 2190 qui
1036 2140 1317 2178 observancias
1357 2141 1678 2179 ceremoniarum
1717 2142 1816 2191 leg-is

501 2199 645 2236 veteris
668 2209 705 2236 et
728 2200 826 2237 alias
848 2199 1045 2236 novitates
1069 2201 1398 2247 dampnaverant‚
1423 2199 1596 2247 pharisei
1620 2199 1816 2237 attencius

503 2257 775 2306 perstiterunt.
827 2257 1071 2294 Timendum
1108 2270 1201 2305 ergo
1241 2266 1297 2294 est
1335 2257 1582 2295 secularibus
1614 2270 1664 2294 ne
1696 2259 1816 2294 duces

503 2315 584 2352 ceci
630 2328 673 2352 ex
725 2315 833 2353 falsis
877 2315 1085 2364 principiis
1132 2315 1323 2352 inducant
1368 2316 1509 2352 ambos
1554 2315 1594 2353 in
1644 2316 1814 2353 foveam.

504 2373 737 2421 Iniungatur
770 2386 864 2421 ergo
905 2373 982 2410 illis
1021 2373 1215 2421 probacio
1255 2372 1588 2410 racionabilitatis
1628 2373 1871 2422 principii35

502 2432 562 2468 vel
600 2431 716 2468 aliter
755 2431 933 2468 defensio
971 2432 1031 2468 vel
1070 2431 1231 2468 dotacio
1270 2432 1487 2468 auferatur.
1535 2431 1666 2468 Nichil
1710 2431 1814 2468 enim

503 2490 609 2538 apud
644 2491 769 2526 Deum
811 2489 977 2526 stulcius
1018 2502 1137 2538 quam
1178 2488 1324 2526 erroris
1365 2501 1407 2526 ex
1447 2488 1712 2527 diuturnitate
1750 2491 1815 2526 de-

504 2547 642 2584 fensio.

572 2785 595 2813 5.
617 2784 688 2812 Ali:
713 2784 904 2820 prodicione.
989 2793 1021 2812 11.
1042 2785 1086 2812 A:
1109 2792 1201 2819 quam
1224 2784 1320 2812 illum.
1404 2785 1443 2811 113.
1465 2785 1493 2812 Α
1514 2784 1542 2812 in
1565 2792 1678 2819 marga
1700 2784 1748 2812 Ad
1771 2793 1816 2812 sc·

505 2820 650 2848 cundum.
732 2827 776 2846 20.
799 2819 867 2846 DE:
889 2827 994 2846 eorum
1017 2819 1208 2854 extinguere;
1239 2819 1278 2846 ib.
1299 2818 1368 2846 mi:
1390 2827 1451 2854 quo
1471 2819 1565 2846 deest.
1644 2826 1683 2846 21.
1705 2818 1744 2846 E:
1766 2824 1816 2846 aut

505 2855 564 2882 ulii.
667 2861 713 2888 24.
736 2853 804 2881 DE:
827 2853 856 2881 in
878 2861 981 2881 errore
1002 2853 1095 2881 deest.
1187 2853 1233 2881 26.
1255 2854 1298 2881 A:
1323 2853 1491 2881 secundum
1514 2853 1606 2881 vitam
1628 2853 1814 2886 secundum3

504 2890 543 2916 ib.
565 2890 608 2916 A:
629 2888 847 2916 dilatabuntur.
921 2888 966 2915 30.
988 2889 1031 2915 A:
1054 2888 1221 2916 fulminatc.
1296 2887 1333 2915 31.
1357 2887 1474 2916 Codd.:
1496 2887 1583 2923 quia;
1611 2887 1650 2915 ib.
1673 2887 1740 2915 DE:
1763 2888 1816 2916 ob-

504 2923 681 2951 servanciis.
755 2922 796 2950 32.
818 2924 862 2950 A:
885 2922 1018 2950 ucucius.
