1986 3380
193 319 329 349 sssRixio
351 309 402 365 x.]
671 318 883 352 SECUNDA
911 318 1036 349 PARS.
1750 306 1800 352 67

193 442 273 465 non
320 437 377 465 est
420 426 622 476 peccantis
666 435 733 462 aut
777 423 991 473 penitentis
1037 422 1171 458 delicti
1215 421 1392 457 ostensio
1442 422 1509 456 sed

193 487 322 523 laudis
355 486 484 522 divine
518 484 763 523 declaracio;
798 484 866 519 sed
900 482 1030 530 primo
1065 480 1291 517 ostenditur
1324 480 1409 515 laus
1436 479 1507 514 Dei

195 557 237 580 ex
271 553 362 580 actu
396 544 477 580 eius
510 542 739 583 intrinseco,
775 553 865 577 cum
891 540 939 576 sit
969 538 1198 576 eternaliter
1221 546 1335 585 pater
1358 545 1509 576 noster,

194 604 382 646 secundo,
429 614 518 638 cum
559 600 608 636 sit
653 599 838 635 dominus
882 597 1010 634 tocius
1049 594 1320 632 universitatis
1365 603 1510 633 create,

162 662 272 708 §que
305 661 401 695 Gen.
436 662 486 701 10,
521 657 755 706 exprimitur
787 669 858 704 per
891 656 1021 692 celum
1046 663 1082 690 et
1115 662 1279 698 terram,
1315 661 1352 688 et
1385 652 1510 688 tercio

193 730 276 754 cum
310 717 501 753 subtrahit
533 716 644 752 istam
678 716 852 751 celestem
885 712 1116 762 sapienciam
1151 724 1172 746 α
1196 710 1330 746 mundi
1361 710 1510 759 sapien-

193 776 304 819 tibus,
338 773 564 811 cuiusmodi
598 774 755 809 fuerant
788 771 977 820 pharisei,
1018 777 1052 806 et
1090 768 1253 816 vulpina
1293 767 1512 804 calliditate

187 833 457 882 prudentibus,
502 830 728 868 cuiusmodi
773 838 863 865 sunt
904 829 1055 864 mundo
1099 826 1236 867 dediti,
1283 834 1321 861 et
1367 826 1514 861 revelat

193 903 275 926 eam
304 890 484 939 parvulis
516 889 555 924 in
588 889 668 925 suis
701 887 840 929 oeulis,
883 884 1108 923 cuiusmodi
1147 885 1304 920 fuerant
1336 883 1395 918 sui
1436 882 1513 918 dis-

140 961 177 981 10
195 948 316 996 cipuli
353 949 406 995 (et
439 947 494 983 ita
528 946 625 982 illud
664 946 912 982 abscondere
957 953 993 980 et
1039 943 1215 978 revelare
1259 950 1351 977 sunt
1400 949 1512 977 actus

194 1005 324 1042 divine
358 1005 513 1041 iusticie
547 1013 584 1041 et
607 1017 677 1052 per
701 1015 949 1051 consequens
973 1002 1236 1049 procedentes
1261 1012 1283 1035 a
1305 999 1512 1035 voluntate
1528 1001 1802 1049 &Vettius-tacc-:cpt

194 1063 265 1099 Dei
300 1067 468 1105 eterna):
508 1061 599 1099 ideo
634 1061 797 1098 dicitur:
844 1061 899 1096 Ita
940 1060 1071 1103 Pater,
1116 1058 1293 1107 quoniam
1339 1057 1393 1093 sic
1429 1056 1513 1105 fuit
1529 1037 1657 1099 affligi}
1675 1043 1803 1108 ¹ssil¹ii1⁹1g

189 1122 376 1170 placitum
410 1128 497 1157 ante
529 1128 574 1157 te.
609 1123 698 1156 Non
733 1119 838 1156 enim
871 1126 1033 1166 oportet
1071 1128 1237 1164 querere
1277 1114 1511 1151 ulteriorem
1546 1111 1575 1133 10
1597 1107 1784 1169 nuditer-stand

195 1179 399 1216 racionem
434 1178 563 1215 divine
597 1177 766 1214 iusticie.
809 1177 919 1213 Sicut
960 1175 1065 1212 enim
1105 1174 1252 1210 iustum
1294 1182 1351 1209 est
1385 1174 1512 1208 Deum

141 1237 441 1285 x5sapienciam
475 1250 589 1273 suam
624 1249 646 1273 a
678 1235 860 1284 superbis
892 1234 1152 1277 abscondere,
1188 1232 1242 1268 ita
1272 1230 1421 1267 iustum
1456 1239 1513 1267 est

196 1308 286 1331 eum
328 1295 477 1331 dictam
522 1294 768 1342 sapienciam
815 1292 1031 1328 humilibus
1077 1290 1273 1334 revelare3
1323 1288 1514 1337 quicquid

196 1353 302 1389 enim
342 1352 521 1389 veritatis
555 1355 660 1388 Deus
700 1364 770 1400 per
808 1351 996 1398 illapsum
1036 1348 1238 1384 internum
1279 1346 1513 1392 ostenderit,

196 1413 271 1448 hoc
329 1412 488 1447 revelat.
548 1410 740 1447 Naturale
798 1408 960 1457 quidem
1021 1416 1078 1443 est
1142 1407 1250 1454 quod
1310 1404 1515 1441 humiliter

196 1471 280 1505 Deo
326 1468 528 1504 subiectus
574 1467 707 1516 capiat
753 1466 954 1515 copiosius
1001 1467 1048 1501 de
1083 1464 1164 1500 eius
1198 1463 1369 1509 lumine3
1410 1464 1515 1498 unde

139 1541 180 1562 20
197 1528 383 1563 proverb.
408 1527 494 1572 X10‚
521 1536 563 1562 2:
603 1526 675 1561 Ubi
696 1526 893 1560 humilitas
916 1524 966 1560 ibi
986 1523 1190 1572 sapiencia.
1216 1523 1309 1558 Ideo
1333 1519 1514 1569 querenti

196 1597 320 1633 quare
353 1587 458 1620 Deus
492 1584 532 1619 in
564 1596 737 1632 persona
772 1582 936 1631 propria
970 1581 1087 1629 elegit
1121 1579 1269 1616 Christi
1309 1579 1515 1627 apostolos

195 1643 256 1679 vel
280 1655 350 1691 per
373 1643 481 1691 ipsos
504 1642 730 1686 Matthiam,
765 1641 1032 1689 respondetur
1066 1639 1174 1686 quod
1207 1637 1263 1673 sic
1285 1636 1358 1673 fuit
1391 1636 1515 1685 placi-

197 1710 281 1737 tum
315 1709 407 1737 ante
441 1703 589 1746 Deum3
636 1708 673 1736 et
708 1712 757 1736 ne
796 1698 871 1747 ipsi
911 1697 1142 1734 discredant
1180 1708 1249 1731 sue
1283 1694 1513 1743 prudencie,

197 1758 372 1795 ostendit
419 1757 686 1795 eminenciam
733 1757 788 1794 eis
832 1768 952 1805 super
997 1754 1222 1804 quamlibet
1267 1761 1514 1790 creaturam:

141 1821 180 1853 25
203 1817 354 1863 Omnia,
395 1816 536 1865 inquit,
577 1816 672 1852 mihi
701 1816 846 1851 tradita
879 1821 967 1851 sunt
998 1827 1019 1849 α
1048 1820 1164 1862 patre
1197 1824 1291 1848 meO.
1337 1813 1393 1847 Ex
1436 1823 1515 1859 quo

198 1874 378 1924 sequitur
431 1876 540 1923 quod
592 1874 642 1910 sit
687 1873 792 1922 patri
839 1872 1161 1920 coomnipotens,
1208 1868 1514 1913 coomnisciens,

197 1933 606 1977 coomnibenivolens,
638 1932 731 1980 quia
755 1931 870 1968 aliter
893 1930 1084 1967 nociones
1108 1928 1180 1964 Dei
1204 1928 1363 1964 adintra
1387 1935 1516 1964 essent

197 1991 356 2027 Christo
389 1990 642 2035 abscondite:
677 1991 785 2038 quod
808 1998 924 2038 negat
952 1987 1213 2035 evangelium,
1249 1985 1384 2022 dicens
1408 1986 1516 2034 quod

198 2062 306 2085 nemo
340 2050 444 2085 novit
466 2049 610 2084 Filium
645 2048 717 2084 nisi
742 2049 874 2093 Pater,
908 2048 983 2083 hoc
1018 2054 1087 2083 est.
1123 2045 1273 2081 noticia
1308 2043 1516 2080 essenciali

141 2113 182 2145 30
198 2120 266 2143 sue
290 2106 566 2152 noscibilitati,
592 2118 709 2155 neque
731 2106 888 2142 Patrem
913 2105 1017 2141 novit
1040 2104 1122 2152 quis
1145 2103 1275 2139 taliter
1298 2103 1372 2139 nisi
1391 2102 1516 2137 Filius

197 2173 263 2201 aut
295 2165 356 2201 cui
387 2164 552 2201 voluerit
573 2165 697 2200 Filius
727 2165 913 2200 revelare.
949 2161 1061 2199 Beati
1086 2161 1190 2198 enim
1216 2162 1364 2197 habent
1387 2168 1515 2196 totam
1565 2162 1633 2190 God
1657 2164 1767 2190 known

198 2223 391 2259 noticiam
416 2235 530 2259 suam
555 2224 603 2259 de
626 2225 710 2259 Deo
734 2234 805 2270 per
820 2221 978 2266 Filium,
1003 2233 1140 2268 ymmo
1157 2219 1330 2268 Spiritus
1347 2220 1516 2255 Sanctus
1555 2199 1778 2261 oniiiemsliiiiigh

199 2283 317 2317 habet
350 2290 478 2317 totam
510 2280 704 2317 noticiam
737 2293 850 2317 suam
880 2291 1018 2328 ymmo
1048 2290 1131 2315 esse
1154 2290 1225 2326 per
1247 2276 1412 2321 Filium;
1445 2288 1517 2312 nec

200 2348 257 2376 est
290 2338 539 2387 impossibile
571 2338 767 2375 viatorem
802 2339 852 2375 ad
870 2337 1064 2374 noticiam
1089 2348 1259 2384 persone
1283 2335 1414 2372 medie
1437 2334 1515 2371 iam

141 2403 180 2434 35
199 2397 404 2434 incarnate
427 2396 635 2445 attingere,
667 2396 761 2445 quia
782 2396 955 2433 viatores
979 2395 1105 2432 eciam
1130 2393 1249 2431 activi
1272 2394 1516 2437 laborantes,

199 2456 266 2504 qui
282 2455 374 2503 iugo
397 2455 540 2492 veteris
563 2455 659 2503 legis
682 2455 839 2491 fuerant
860 2453 1036 2491 onustati
1053 2455 1111 2501 (ut
1134 2461 1298 2489 notatur
1313 2453 1400 2488 Act.
1416 2452 1515 2498 XV),

198 2514 354 2550 fuerant
401 2513 440 2549 in
473 2513 620 2550 Christi
665 2512 870 2561 discipulis
916 2511 1123 2557 illustrati3
1169 2519 1206 2547 et
1246 2511 1322 2546 hoc
1359 2509 1517 2547 videtur

269 2634 287 2653 1.
309 2627 353 2653 A:
375 2624 469 2653 debiti
489 2625 637 2652 ostensio.
725 2623 749 2652 3.
771 2625 816 2652 A:
839 2628 924 2660 pater
945 2623 1046 2653 verbi:
1076 2623 1115 2650 ib.
1138 2622 1176 2649 E:
1199 2626 1321 2653 noster:
1342 2621 1372 2648 in
1395 2629 1514 2656 marg:

199 2660 325 2688 Christi.
390 2670 420 2694 4.
436 2660 505 2687 DE:
528 2664 676 2687 creature.
741 2668 767 2695 7.
783 2660 827 2687 A:
850 2659 934 2686 modi
956 2659 1057 2687 deest:
1079 2658 1119 2685 ib.
1139 2657 1207 2684 DE:
1230 2657 1362 2684 suerunt.
1428 2656 1454 2683 8.
1471 2656 1515 2682 A:

201 2695 307 2734 mundi
330 2695 500 2731 sapientes;
522 2695 561 2722 ih.
578 2695 651 2722 AD:
675 2694 827 2722 relevavit.
893 2702 921 2729 9.
939 2693 1007 2720 DE:
1030 2693 1164 2720 fuerunt.
1230 2700 1258 2726 9.
1276 2700 1316 2718 10.
1334 2692 1378 2718 A:
1401 2690 1516 2717 Christi

199 2731 354 2765 discipuli.
438 2738 478 2756 10.
501 2730 544 2757 A:
566 2730 659 2757 idem.
744 2737 785 2762 14.
807 2729 832 2756 D
855 2728 885 2755 in
907 2736 1020 2763 marg:
1042 2727 1133 2754 Nota.
1215 2735 1253 2761 17.
1276 2726 1344 2753 DE:
1367 2730 1516 2752 eternum.

199 2772 238 2791 21.
262 2765 329 2791 1:13:
352 2765 416 2791 eius
437 2764 607 2800 apostolos.
673 2772 716 2794 22,
739 2763 782 2791 23.
803 2764 847 2790 A:
870 2763 1036 2798 placidum.
1102 2760 1144 2789 23.
1168 2761 1210 2788 D:
1233 2769 1269 2788 ne
1289 2760 1404 2788 Christi
1427 2760 1517 2787 disci-

201 2800 290 2834 pulus
310 2799 480 2831 discredat:
510 2799 550 2826 E:
573 2798 688 2826 Christi
711 2798 872 2837 discipulis
892 2797 1077 2825 discredunt.
1178 2797 1219 2823 25.
1241 2795 1309 2822 DE:
1333 2803 1401 2822 meo
1422 2795 1515 2821 deest.

200 2838 247 2864 20,
264 2842 307 2869 27.
323 2835 367 2861 A:
389 2834 651 2869 coomuisapiens,
673 2833 996 2860 coommbcnev‹›lcns.
1054 2832 1098 2858 28.
1117 2831 1184 2858 mi:
1207 2831 1234 2857 in
1251 2830 1394 2863 Christo;
1416 2830 1456 2856 ib.
1473 2829 1514 2856 h:

200 2869 281 2903 quod
299 2873 392 2895 notat.
431 2877 478 2904 29.
491 2869 536 2895 A:
553 2869 666 2895 noticia
681 2869 792 2903 equali.
831 2866 869 2894 31.
884 2866 952 2894 mi:
972 2867 1051 2893 Beati
1069 2867 1176 2900 inquit.
1217 2865 1258 2893 35.
1273 2867 1315 2892 A:
1334 2866 1363 2891 in
1379 2864 1514 2891 caritate.

272 2950 324 2973 20.
354 2939 407 2972 Cf.
425 2940 548 2976 Trial.,
575 2949 654 2982 pag.
679 2939 753 2971 166.

1334 2991 1380 3026 5*
