1986 3380
202 277 337 306 samio
358 266 426 324 ix]
674 279 885 312 SECUNDA
913 279 1040 310 PARS.

202 386 297 423 dicit
335 387 443 434 quod
482 386 644 436 ligatum
683 385 719 420 in
759 385 875 420 terris
912 385 984 420 erit
1024 385 1186 434 ligatum
1226 385 1261 419 in
1300 384 1403 427 celis,
1442 386 1509 420 sed

201 457 281 480 non
320 444 416 480 dicit
449 444 556 492 quod
596 443 635 479 in
669 442 761 479 celis
795 442 940 490 ligatur
973 442 1171 490 posterius
1206 450 1242 477 et
1275 454 1356 477 non
1389 442 1511 489 prius.

202 504 282 538 Nec
321 503 422 538 valet
460 501 633 537 inserere
670 500 786 536 istam
826 501 999 547 glossam
1041 501 1148 548 quod
1187 512 1307 535 omne
1347 499 1511 546 ligatum

202 559 241 595 in
280 559 395 596 terris
434 572 456 595 a
494 559 649 607 prelato
684 557 892 594 militantis
926 558 1092 594 ecclesie
1125 559 1219 593 dum
1255 557 1374 593 clavis
1408 569 1513 593 erra-

169 617 300 654 §verit
332 617 478 665 ligatur
511 616 551 653 in
584 616 750 652 ecclesia
782 615 1070 663 triumphante,
1110 615 1203 663 quia
1243 615 1273 651 si
1308 614 1426 651 clavis
1460 614 1515 650 sic

202 675 405 720 erraverit,
458 683 551 710 tunc
601 687 682 710 non
732 673 840 721 ligat,
888 673 989 710 sicut
1034 673 1226 709 simulans
1270 685 1310 709 se
1359 672 1514 720 aperire

202 742 361 781 portam
395 741 582 777 seratam,
616 744 697 768 nou
732 732 880 767 habens
914 732 1065 768 clavem
1099 732 1159 767 vel
1188 731 1340 767 clavem
1365 732 1414 766 ad
1438 731 1513 766 hoc

202 804 282 827 non
314 799 492 839 aptatam
526 791 586 826 vel
619 790 770 826 clavem
805 789 978 837 positam
1013 789 1052 825 in
1085 790 1174 825 loco
1208 788 1400 833 indebito,
1436 801 1515 824 non

202 857 298 885 tunc
330 848 458 885 solvit.

148 920 186 942 10
260 906 325 943 Sic
369 906 672 954 intelligendum
713 914 770 942 est
815 904 1077 953 spiritualiter
1125 905 1172 940 de
1216 903 1398 952 prelatis:
1444 917 1515 940 nec

202 965 417 1013 quicquam
459 973 515 1000 est
554 963 753 1000 infidelius
793 976 913 1011 quam
954 962 1126 999 diffinire
1165 971 1207 998 ut
1248 962 1366 998 fidem
1407 963 1515 1011 quod

200 1022 231 1059 si
275 1023 495 1059 secundum
540 1021 806 1058 tradicionem
853 1022 1071 1057 humanam
1116 1021 1293 1068 prelatus
1332 1032 1514 1056 cesareus

200 1080 420 1129 quidquam
465 1079 614 1125 fecerit,
660 1088 754 1116 tunc
800 1081 903 1115 Deus
948 1078 1210 1114 necessitatur
1255 1087 1298 1114 ut
1342 1078 1382 1114 in
1428 1078 1514 1126 ipso

200 1139 402 1187 compleat
425 1139 534 1186 quod
562 1137 744 1174 intendit.
776 1138 869 1173 Ideo
893 1149 964 1185 per
993 1138 1069 1173 hoc
1099 1136 1357 1184 supercilium
1382 1136 1515 1184 phari-

147 1196 351 1233 15saicum
399 1204 561 1244 captum
607 1208 651 1232 ex
696 1195 784 1243 ipso
822 1203 930 1231 textu
968 1204 1025 1231 est
1066 1196 1238 1231 mundus
1276 1195 1418 1242 plenus
1457 1207 1515 1231 er-

199 1254 377 1300 roribus3
420 1266 558 1290 verum
603 1253 765 1302 quidem
817 1262 874 1289 est
918 1254 1025 1301 quod
1075 1265 1196 1289 nemo
1240 1252 1301 1288 cui
1346 1266 1427 1289 non
1473 1252 1515 1288 fit

200 1312 395 1349 revelacio
419 1311 492 1348 scit
515 1313 677 1360 quando
700 1312 760 1348 vel
784 1312 990 1360 quomodo
1020 1310 1200 1359 ligaverit
1222 1311 1283 1347 vel
1301 1310 1516 1347 absolverit

202 1371 336 1419 quoad
368 1372 509 1406 Deum.
551 1371 643 1406 Ideo
676 1381 835 1406 necesse
876 1377 933 1405 est
966 1370 1074 1417 quod
1108 1369 1176 1405 fiat
1209 1368 1283 1405 sibi
1317 1368 1514 1405 confessio

202 1438 239 1464 et
276 1437 434 1476 petatur
473 1440 519 1463 ac
558 1428 753 1463 habeatur
792 1427 874 1463 eius
908 1426 1113 1463 absolucio
1147 1439 1224 1475 que
1262 1426 1425 1463 indubie
1459 1435 1515 1463 est

144 1499 186 1521 20
201 1498 271 1534 per
310 1498 350 1522 se
388 1485 601 1521 sufficiens.
643 1486 757 1521 Unde
791 1484 911 1521 dubia
943 1485 1133 1521 ventilata
1167 1484 1206 1521 in
1238 1484 1314 1521 ista
1347 1484 1515 1521 materia

200 1544 232 1580 si
265 1544 394 1580 solum
434 1555 540 1591 papa
580 1544 699 1579 habet
737 1543 1027 1591 plenitudinem
1068 1542 1291 1591 potestatis,
1329 1542 1360 1579 si
1400 1555 1515 1591 gene-

202 1602 339 1638 raliter
377 1601 469 1638 licet
508 1601 582 1637 sibi
621 1609 862 1649 potestatem
897 1600 1170 1649 cuiuscunque
1203 1600 1366 1636 alterius
1400 1600 1515 1636 dimi-

200 1672 324 1696 nuere
346 1660 407 1696 vel
436 1672 593 1707 augere,
618 1659 855 1707 restringere
876 1659 938 1695 vel
960 1659 1104 1704 laxare,
1130 1658 1161 1694 si
1190 1658 1315 1694 laicus
1338 1659 1515 1706 prelatus

201 1719 320 1755 habet
334 1726 574 1766 potestatem
598 1716 803 1754 subditum
820 1716 1052 1753 absolvendi
1068 1725 1136 1753 aut
1151 1725 1318 1764 propter
1332 1716 1515 1752 iurisdic-

144 1781 184 1814 25
201 1776 358 1812 cionem
392 1776 522 1812 solum
553 1784 756 1824 competat
786 1774 876 1811 talis
899 1783 1077 1823 potestas
1106 1774 1261 1811 homini
1293 1776 1513 1811 secundum

199 1835 327 1882 legem
367 1846 487 1883 quam
526 1846 631 1882 papa
670 1833 830 1878 limitat,
877 1842 914 1869 et
959 1833 1015 1869 sic
1060 1834 1107 1869 de
1152 1832 1239 1869 aliis
1284 1832 1514 1869 racionibus

199 1891 377 1938 infinitis,
423 1900 513 1928 sunt
557 1891 675 1928 saluti
714 1891 775 1928 vel
817 1890 908 1928 fidei
953 1890 1272 1939 impertinencia.
1322 1891 1399 1927 Sed
1439 1892 1515 1927 hoc

200 1951 416 1986 tenendum
462 1959 519 1986 est
564 1949 732 1986 firmiter
776 1951 885 1998 quod
930 1949 1022 1985 licet
1060 1957 1237 1999 potestas
1282 1948 1358 1985 ista
1397 1951 1514 1985 Petro

201 2008 411 2045 conveniat
457 2009 678 2044 seeundum
724 2009 928 2056 quandam
976 2007 1331 2056 preeminenciam‚
1378 2015 1514 2043 tamen

143 2071 184 2103 30
200 2065 385 2103 convenit
422 2066 662 2114 generaliter
701 2065 863 2102 cuilibet
900 2066 1057 2114 prelato
1094 2065 1154 2102 vel
1194 2067 1427 2113 presbytero
1467 2066 1514 2101 de

198 2133 337 2161 sancta
367 2123 547 2170 ecclesia,
578 2125 647 2160 sed
677 2125 897 2160 secundum
922 2123 1199 2172 disparitatem
1223 2125 1370 2171 gradus
1394 2135 1513 2172 quem

201 2184 307 2219 Deus
340 2182 499 2219 limitat.

258 2240 374 2278 Circa
398 2241 474 2277 hoc
498 2239 746 2288 evangelium
774 2239 994 2286 dubitatur,
1027 2252 1118 2276 cum
1144 2241 1283 2276 Petrus
1308 2248 1345 2276 et
1368 2240 1513 2276 Paulus

198 2307 289 2335 sunt
321 2298 495 2347 apostoli
529 2311 600 2346 per
632 2311 732 2347 quos
763 2298 954 2346 precipue
988 2306 1078 2346 post
1109 2297 1311 2335 Christum
1347 2310 1416 2334 sue
1455 2310 1514 2334 re-

143 2362 181 2395 35
198 2356 358 2405 ligionis
402 2365 638 2405 preceptum
684 2356 854 2404 sumpsit
894 2356 1114 2402 exordium,
1156 2355 1252 2405 quid
1291 2355 1438 2393 sufficit
1476 2364 1513 2392 et

269 2534 289 2554 1.
310 2526 354 2555 A:
375 2526 464 2554 terris
484 2525 604 2562 ligatur.
678 2523 704 2553 3.
718 2526 764 2554 A:
784 2525 848 2554 Nec
869 2525 959 2553 debet
977 2525 1099 2554 inferre.
1171 2534 1202 2562 4,
1217 2525 1241 2554 5.
1257 2524 1325 2554 DE:
1349 2533 1411 2553 non
1432 2533 1513 2554 erra-

198 2561 285 2589 verit.
359 2561 388 2589 6.
408 2562 453 2589 A:
475 2565 630 2589 erraverat
648 2564 686 2588 te.
761 2569 788 2596 7,
803 2560 831 2589 8.
846 2561 890 2588 A:
912 2561 971 2588 hoc
991 2565 1137 2596 aptatam.
1211 2562 1240 2589 8.
1259 2562 1304 2589 A:
1328 2562 1373 2588 vel
1396 2562 1512 2588 clavem

199 2596 299 2630 deest;
320 2596 361 2624 ib.
376 2596 445 2623 DE:
467 2604 529 2623 non
550 2595 663 2623 debito.
737 2604 779 2623 ιο.
794 2595 850 2623 ΑΕ
869 2595 900 2623 in
921 2603 1035 2631 marg:
1057 2595 1148 2623 Nota.
1218 2605 1251 2624 11.
1273 2596 1343 2624 DE:
1365 2595 1511 2631 quicquid

198 2631 351 2658 infidelius
366 2631 425 2658 nisi
441 2630 573 2658 diffinire
589 2630 732 2658 Christus
747 2635 916 2666 tamquam.
973 2638 1011 2658 12.
1033 2630 1101 2657 DE:
1123 2631 1259 2658 cesarius
1279 2631 1334 2665 (sic
1350 2631 1422 2658 etin
1437 2631 1513 2658 locis

199 2665 398 2701 sequentibus
418 2665 560 2693 codicum
581 2664 709 2702 DE4nec
730 2673 791 2692 non
813 2665 880 2692 cod.
902 2665 952 2699 A).
1053 2664 1090 2692 13.
1111 2666 1180 2693 DE:
1203 2666 1349 2701 quicquid
1371 2665 1511 2693 intendit.

200 2709 241 2734 14.
263 2700 331 2728 DE:
358 2709 411 2736 per
431 2701 524 2727 deest.
617 2702 658 2727 10.
679 2700 708 2727 A
727 2700 758 2727 in
780 2708 875 2735 marg.
898 2700 969 2727 intl:
991 2700 1101 2735 Ligare
1120 2702 1166 2727 vel
1189 2702 1306 2728 solvere
1327 2709 1359 2727 se
1379 2701 1511 2736 aliquem

199 2735 344 2762 sacerdos
365 2735 462 2762 nescit
482 2735 547 2762 sine
568 2735 766 2762 revelacione.
842 2743 881 2769 17.
903 2735 948 2762 A:
971 2735 1010 2762 sit
1029 2735 1163 2770 quando.
1239 2736 1278 2763 18.
1299 2735 1324 2762 E
1344 2736 1373 2762 in
1396 2743 1509 2769 marg:

198 2769 279 2796 Nota
294 2770 378 2797 bene.
453 2779 461 2797 1
489 2769 549 2796 .E:
571 2769 653 2801 cius:
675 2769 715 2796 ib.
736 2769 766 2796 in
789 2777 903 2805 marg:
927 2769 1041 2797 scilicet
1058 2769 1120 2797 nei.
1142 2770 1200 2797 Hic
1221 2779 1245 2797 e.
1262 2770 1290 2797 d.
1306 2770 1512 2805 (evangelicus

199 2803 339 2842 ἀραῖσι-ἓ)
361 2778 513 2840 ερρτοὲειῐ
533 2804 736 2832 auricularem
757 2804 994 2831 confessionem.
1051 2812 1098 2831 20.
1113 2806 1158 2832 A:
1180 2805 1239 2832 illa.
1296 2813 1334 2832 21.
1352 2805 1393 2832 D:
1416 2805 1510 2831 solus.

199 2842 244 2866 20.
265 2839 308 2866 D:
331 2844 358 2866 et
377 2839 486 2867 ceteris
505 2839 774 2875 conclusionibus;
805 2838 844 2865 E:
867 2839 1091 2874 questionibus.
1193 2847 1310 2875 27:29·
1332 2841 1376 2867 A:
1400 2839 1458 2866 Sed
1483 2855 1509 2857 *-

198 2878 300 2900 tamen
321 2874 414 2901 deest.
470 2873 516 2901 28.
538 2873 578 2900 E:
600 2873 644 2900 Ex
665 2873 767 2900 dubiis
788 2873 964 2900 tenendum.
1031 2873 1072 2901 33,
1094 2874 1150 2901 ΑΕ
1170 2875 1199 2901 in
1221 2883 1334 2909 marg:
1357 2874 1510 2907 Dubium3

198 2907 252 2936 DE
271 2908 301 2936 in
323 2916 436 2945 marg-z
461 2908 601 2945 Questio.
676 2907 721 2942 34.
743 2907 813 2935 DE:
835 2908 906 2935 sint.
980 2907 1021 2936 35.
1043 2909 1114 2937 AE:
1136 2914 1315 2946 preceptum
1337 2909 1431 2937 deest.

1751 271 1799 307 63

1573 912 1640 939 God
1664 913 1688 939 is
1710 917 1761 939 not

1540 947 1641 974 bound
1664 953 1693 974 to
1714 956 1803 982 carry

1539 988 1591 1009 out
1612 984 1660 1009 the
1682 983 1741 1009 will
1763 984 1798 1010 of

1558 1017 1614 1044 bad
1637 1018 1776 1053 prelatos.
