<?xml version="1.0" encoding="UTF-8"?>
<!DOCTYPE html PUBLIC "-//W3C//DTD XHTML 1.0 Transitional//EN"
    "http://www.w3.org/TR/xhtml1/DTD/xhtml1-transitional.dtd">
<html xmlns="http://www.w3.org/1999/xhtml" xml:lang="en" lang="en">
 <head>
  <title>
</title>
<meta http-equiv="Content-Type" content="text/html;charset=utf-8" />
  <meta name='ocr-system' content='tesseract 3.04.00' />
  <meta name='ocr-capabilities' content='ocr_page ocr_carea ocr_par ocr_line ocrx_word'/>
</head>
<body>
  <div class='ocr_page' id='page_1' title='image "./iohanniswyclifse0702wycl_0040.png"; bbox 0 0 1986 3380; ppageno 0'>
   <div class='ocr_carea' id='block_1_1' title="bbox 152 439 372 500">
    <p class='ocr_par' dir='ltr' id='par_1_1' title="bbox 152 439 372 500">
     <span class='ocr_line' id='line_1_1' title="bbox 152 439 372 466; baseline 0.005 -1"><span class='ocrx_word' id='word_1_1' title='bbox 152 447 174 465; x_wconf 74' lang='lat'>2.</span> <span class='ocrx_word' id='word_1_2' title='bbox 199 439 271 465; x_wconf 76' lang='lat' dir='ltr'>wisc</span> <span class='ocrx_word' id='word_1_3' title='bbox 293 446 372 466; x_wconf 85' lang='lat' dir='ltr'>men.</span> 
     </span>
     <span class='ocr_line' id='line_1_2' title="bbox 238 473 296 500; baseline 0.017 -1"><span class='ocrx_word' id='word_1_4' title='bbox 238 473 296 500; x_wconf 81' lang='lat' dir='ltr'>and</span> 
     </span>
    </p>
   </div>
   <div class='ocr_carea' id='block_1_2' title="bbox 174 508 351 537">
    <p class='ocr_par' dir='ltr' id='par_1_2' title="bbox 174 508 351 537">
     <span class='ocr_line' id='line_1_3' title="bbox 174 508 351 537; baseline 0.006 -2"><span class='ocrx_word' id='word_1_5' title='bbox 174 508 196 535; x_wconf 68' lang='lat'>2³.</span> <span class='ocrx_word' id='word_1_6' title='bbox 220 509 351 537; x_wconf 68' lang='lat' dir='ltr'>scribes:</span> 
     </span>
    </p>
   </div>
   <div class='ocr_carea' id='block_1_3' title="bbox 715 309 1730 367">
    <p class='ocr_par' dir='ltr' id='par_1_3' title="bbox 715 309 1730 367">
     <span class='ocr_line' id='line_1_4' title="bbox 715 309 1730 367; baseline -0.001 -14"><span class='ocrx_word' id='word_1_7' title='bbox 715 323 936 354; x_wconf 65' lang='lat' dir='ltr'>‚IOHANNIS</span> <span class='ocrx_word' id='word_1_8' title='bbox 958 322 1140 355; x_wconf 71' lang='lat' dir='ltr'>wYemr</span> <span class='ocrx_word' id='word_1_9' title='bbox 1159 323 1413 355; x_wconf 79' lang='lat' dir='ltr'>SERMONUM</span> <span class='ocrx_word' id='word_1_10' title='bbox 1520 309 1672 367; x_wconf 75' lang='lat' dir='ltr'>[SERMO</span> <span class='ocrx_word' id='word_1_11' title='bbox 1694 321 1730 349; x_wconf 89' lang='lat'>11.</span> 
     </span>
    </p>
   </div>
   <div class='ocr_carea' id='block_1_4' title="bbox 416 429 1765 700">
    <p class='ocr_par' dir='ltr' id='par_1_4' title="bbox 416 429 1765 700">
     <span class='ocr_line' id='line_1_5' title="bbox 477 429 1729 480; baseline 0.001 -15"><span class='ocrx_word' id='word_1_12' title='bbox 477 431 662 466; x_wconf 76' lang='lat' dir='ltr'>Secundo</span> <span class='ocrx_word' id='word_1_13' title='bbox 681 430 802 466; x_wconf 88' lang='lat' dir='ltr'>mittit</span> <span class='ocrx_word' id='word_1_14' title='bbox 818 430 1017 479; x_wconf 88' lang='lat' dir='ltr'>sapientes</span> <span class='ocrx_word' id='word_1_15' title='bbox 1033 433 1396 480; x_wconf 88' lang='lat' dir='ltr'>correspondenter</span> <span class='ocrx_word' id='word_1_16' title='bbox 1411 433 1461 468; x_wconf 91' lang='lat' dir='ltr'>ad</span> <span class='ocrx_word' id='word_1_17' title='bbox 1483 429 1729 479; x_wconf 90' lang='lat' dir='ltr'>sapienciam</span> 
     </span>
     <span class='ocr_line' id='line_1_6' title="bbox 419 488 1728 538; baseline 0 -14"><span class='ocrx_word' id='word_1_18' title='bbox 419 488 489 526; x_wconf 79' lang='lat' dir='ltr'>Dei</span> <span class='ocrx_word' id='word_1_19' title='bbox 516 488 642 524; x_wconf 82' lang='lat' dir='ltr'>Patris</span> <span class='ocrx_word' id='word_1_20' title='bbox 675 488 740 536; x_wconf 92' lang='lat' dir='ltr'>qui</span> <span class='ocrx_word' id='word_1_21' title='bbox 773 489 958 525; x_wconf 71' lang='lat' dir='ltr'>veritates</span> <span class='ocrx_word' id='word_1_22' title='bbox 992 499 1194 538; x_wconf 77' lang='lat' dir='ltr'><strong>presentes</strong></span> <span class='ocrx_word' id='word_1_23' title='bbox 1228 499 1308 526; x_wconf 87' lang='lat' dir='ltr'>tam</span> <span class='ocrx_word' id='word_1_24' title='bbox 1343 490 1586 537; x_wconf 84' lang='lat' dir='ltr'>temporales</span> <span class='ocrx_word' id='word_1_25' title='bbox 1609 501 1728 536; x_wconf 88' lang='lat' dir='ltr'>quam</span> 
     </span>
     <span class='ocr_line' id='line_1_7' title="bbox 417 546 1731 587; baseline -0.001 -4"><span class='ocrx_word' id='word_1_26' title='bbox 417 557 573 584; x_wconf 85' lang='lat' dir='ltr'>eternas</span> <span class='ocrx_word' id='word_1_27' title='bbox 605 546 836 587; x_wconf 84' lang='lat' dir='ltr'>enuncient;</span> <span class='ocrx_word' id='word_1_28' title='bbox 868 556 904 583; x_wconf 92' lang='lat' dir='ltr'>et</span> <span class='ocrx_word' id='word_1_29' title='bbox 935 547 1060 584; x_wconf 91' lang='lat' dir='ltr'>tercio</span> <span class='ocrx_word' id='word_1_30' title='bbox 1093 547 1212 584; x_wconf 90' lang='lat' dir='ltr'>mittit</span> <span class='ocrx_word' id='word_1_31' title='bbox 1243 549 1292 584; x_wconf 89' lang='lat' dir='ltr'>ad</span> <span class='ocrx_word' id='word_1_32' title='bbox 1323 560 1389 584; x_wconf 91' lang='lat' dir='ltr'>eos</span> <span class='ocrx_word' id='word_1_33' title='bbox 1418 547 1568 584; x_wconf 80' lang='lat' dir='ltr'>scribas</span> <span class='ocrx_word' id='word_1_34' title='bbox 1600 558 1731 583; x_wconf 88' lang='lat' dir='ltr'>corre—</span> 
     </span>
     <span class='ocr_line' id='line_1_8' title="bbox 416 604 1731 654; baseline -0.001 -13"><span class='ocrx_word' id='word_1_35' title='bbox 416 606 660 653; x_wconf 72' lang='lat' dir='ltr'>spondentes</span> <span class='ocrx_word' id='word_1_36' title='bbox 676 606 724 640; x_wconf 91' lang='lat' dir='ltr'>ad</span> <span class='ocrx_word' id='word_1_37' title='bbox 742 605 934 652; x_wconf 89' lang='lat' dir='ltr'>Spiritum</span> <span class='ocrx_word' id='word_1_38' title='bbox 953 608 1144 642; x_wconf 86' lang='lat' dir='ltr'>Sanctum</span> <span class='ocrx_word' id='word_1_39' title='bbox 1161 605 1226 654; x_wconf 90' lang='lat' dir='ltr'>qui</span> <span class='ocrx_word' id='word_1_40' title='bbox 1251 606 1354 642; x_wconf 88' lang='lat' dir='ltr'>facta</span> <span class='ocrx_word' id='word_1_41' title='bbox 1378 605 1514 654; x_wconf 89' lang='lat' dir='ltr'>priora</span> <span class='ocrx_word' id='word_1_42' title='bbox 1539 604 1731 640; x_wconf 80' lang='lat' dir='ltr'>memorie</span> 
     </span>
     <span class='ocr_line' id='line_1_9' title="bbox 417 663 1765 700; baseline -0.001 -2"><span class='ocrx_word' id='word_1_43' title='bbox 417 663 618 700; x_wconf 80' lang='lat' dir='ltr'>fructuose</span> <span class='ocrx_word' id='word_1_44' title='bbox 652 665 946 699; x_wconf 79' lang='lat' dir='ltr'>commendent.</span> <span class='ocrx_word' id='word_1_45' title='bbox 982 663 1046 700; x_wconf 89' lang='lat' dir='ltr'>Sic</span> <span class='ocrx_word' id='word_1_46' title='bbox 1077 663 1181 700; x_wconf 89' lang='lat' dir='ltr'>enim</span> <span class='ocrx_word' id='word_1_47' title='bbox 1214 665 1433 700; x_wconf 89' lang='lat' dir='ltr'>secundum</span> <span class='ocrx_word' id='word_1_48' title='bbox 1465 676 1602 699; x_wconf 88' lang='lat' dir='ltr'>omnes</span> <span class='ocrx_word' id='word_1_49' title='bbox 1627 663 1765 698; x_wconf 81' lang='lat' dir='ltr'>Deus5</span> 
     </span>
    </p>
   </div>
   <div class='ocr_carea' id='block_1_5' title="bbox 150 720 1731 769">
    <p class='ocr_par' dir='ltr' id='par_1_5' title="bbox 150 720 1731 769">
     <span class='ocr_line' id='line_1_10' title="bbox 150 720 1731 769; baseline 0 -13"><span class='ocrx_word' id='word_1_50' title='bbox 150 729 325 763; x_wconf 59' lang='lat' dir='ltr'>ausu-ering</span> <span class='ocrx_word' id='word_1_51' title='bbox 346 734 376 756; x_wconf 90' lang='lat' dir='ltr'>to</span> <span class='ocrx_word' id='word_1_52' title='bbox 415 721 592 757; x_wconf 78' lang='lat' dir='ltr'>Trinitas</span> <span class='ocrx_word' id='word_1_53' title='bbox 632 730 688 757; x_wconf 85' lang='lat' dir='ltr'>est</span> <span class='ocrx_word' id='word_1_54' title='bbox 729 720 954 757; x_wconf 86' lang='lat' dir='ltr'>intellectus</span> <span class='ocrx_word' id='word_1_55' title='bbox 995 721 1225 758; x_wconf 82' lang='lat' dir='ltr'>eternaliter</span> <span class='ocrx_word' id='word_1_56' title='bbox 1270 734 1310 758; x_wconf 92' lang='lat' dir='ltr'>se</span> <span class='ocrx_word' id='word_1_57' title='bbox 1355 721 1513 769; x_wconf 89' lang='lat' dir='ltr'>sapiens</span> <span class='ocrx_word' id='word_1_58' title='bbox 1559 730 1596 757; x_wconf 90' lang='lat' dir='ltr'>et</span> <span class='ocrx_word' id='word_1_59' title='bbox 1640 729 1731 757; x_wconf 89' lang='lat' dir='ltr'>actu</span> 
     </span>
    </p>
   </div>
   <div class='ocr_carea' id='block_1_6' title="bbox 140 765 396 835">
    <p class='ocr_par' dir='ltr' id='par_1_6' title="bbox 140 765 396 835">
     <span class='ocr_line' id='line_1_11' title="bbox 140 765 396 799; baseline 0 -8"><span class='ocrx_word' id='word_1_60' title='bbox 140 765 188 791; x_wconf 81' lang='lat' dir='ltr'>the</span> <span class='ocrx_word' id='word_1_61' title='bbox 210 772 340 799; x_wconf 82' lang='lat' dir='ltr'>persons</span> <span class='ocrx_word' id='word_1_62' title='bbox 361 765 396 791; x_wconf 52' lang='lat' dir='ltr'>ot*</span> 
     </span>
     <span class='ocr_line' id='line_1_12' title="bbox 162 798 364 835; baseline 0 -9"><span class='ocrx_word' id='word_1_63' title='bbox 162 799 210 826; x_wconf 88' lang='lat' dir='ltr'>the</span> <span class='ocrx_word' id='word_1_64' title='bbox 231 798 364 835; x_wconf 66' lang='lat' dir='ltr'>Trinity.</span> 
     </span>
    </p>
   </div>
   <div class='ocr_carea' id='block_1_7' title="bbox 414 778 1791 1001">
    <p class='ocr_par' dir='ltr' id='par_1_7' title="bbox 414 778 1791 1001">
     <span class='ocr_line' id='line_1_13' title="bbox 418 778 1731 823; baseline -0.001 -8"><span class='ocrx_word' id='word_1_65' title='bbox 418 791 669 823; x_wconf 80' lang='lat' dir='ltr'>memorans;</span> <span class='ocrx_word' id='word_1_66' title='bbox 703 781 771 815; x_wconf 90' lang='lat' dir='ltr'>sed</span> <span class='ocrx_word' id='word_1_67' title='bbox 806 781 986 816; x_wconf 89' lang='lat' dir='ltr'>membra</span> <span class='ocrx_word' id='word_1_68' title='bbox 1010 779 1245 816; x_wconf 85' lang='lat' dir='ltr'>Antichristi</span> <span class='ocrx_word' id='word_1_69' title='bbox 1269 780 1420 816; x_wconf 88' lang='lat' dir='ltr'>addunt</span> <span class='ocrx_word' id='word_1_70' title='bbox 1445 788 1585 815; x_wconf 90' lang='lat' dir='ltr'>eontra</span> <span class='ocrx_word' id='word_1_71' title='bbox 1614 778 1731 815; x_wconf 88' lang='lat' dir='ltr'>istam</span> 
     </span>
     <span class='ocr_line' id='line_1_14' title="bbox 414 836 1732 885; baseline -0.001 -12"><span class='ocrx_word' id='word_1_72' title='bbox 414 837 654 873; x_wconf 85' lang='lat' dir='ltr'>Trinitatem</span> <span class='ocrx_word' id='word_1_73' title='bbox 695 837 1076 885; x_wconf 87' lang='lat' dir='ltr'>quadruplicitatem</span> <span class='ocrx_word' id='word_1_74' title='bbox 1110 837 1282 885; x_wconf 77' lang='lat' dir='ltr'>dyaboli,</span> <span class='ocrx_word' id='word_1_75' title='bbox 1318 850 1407 873; x_wconf 92' lang='lat' dir='ltr'>cum</span> <span class='ocrx_word' id='word_1_76' title='bbox 1449 836 1638 873; x_wconf 89' lang='lat' dir='ltr'>occidunt</span> <span class='ocrx_word' id='word_1_77' title='bbox 1671 848 1732 872; x_wconf 85' lang='lat' dir='ltr'>ex-</span> 
     </span>
     <span class='ocr_line' id='line_1_15' title="bbox 415 893 1732 943; baseline -0.002 -12"><span class='ocrx_word' id='word_1_78' title='bbox 415 894 632 942; x_wconf 67' lang='lat' dir='ltr'>tinguendo</span> <span class='ocrx_word' id='word_1_79' title='bbox 657 896 908 942; x_wconf 84' lang='lat' dir='ltr'>corporalem</span> <span class='ocrx_word' id='word_1_80' title='bbox 927 895 1154 943; x_wconf 87' lang='lat' dir='ltr'>potenciam</span> <span class='ocrx_word' id='word_1_81' title='bbox 1172 895 1226 931; x_wconf 89' lang='lat' dir='ltr'>eis</span> <span class='ocrx_word' id='word_1_82' title='bbox 1242 894 1478 939; x_wconf 84' lang='lat' dir='ltr'>subiectam,</span> <span class='ocrx_word' id='word_1_83' title='bbox 1495 893 1732 941; x_wconf 86' lang='lat' dir='ltr'>crucifigunt</span> 
     </span>
     <span class='ocr_line' id='line_1_16' title="bbox 417 952 1791 1001; baseline -0.003 -12"><span class='ocrx_word' id='word_1_84' title='bbox 417 953 650 989; x_wconf 86' lang='lat' dir='ltr'>deformiter</span> <span class='ocrx_word' id='word_1_85' title='bbox 691 962 830 989; x_wconf 90' lang='lat' dir='ltr'>contra</span> <span class='ocrx_word' id='word_1_86' title='bbox 871 953 1045 990; x_wconf 87' lang='lat' dir='ltr'>mediam</span> <span class='ocrx_word' id='word_1_87' title='bbox 1086 966 1300 1001; x_wconf 81' lang='lat' dir='ltr'>personam</span> <span class='ocrx_word' id='word_1_88' title='bbox 1340 964 1416 1000; x_wconf 89' lang='lat' dir='ltr'>que</span> <span class='ocrx_word' id='word_1_89' title='bbox 1450 961 1506 988; x_wconf 89' lang='lat' dir='ltr'>est</span> <span class='ocrx_word' id='word_1_90' title='bbox 1538 952 1791 1001; x_wconf 80' lang='lat' dir='ltr'>speciosusio</span> 
     </span>
    </p>
   </div>
   <div class='ocr_carea' id='block_1_8' title="bbox 136 1010 1733 1061">
    <p class='ocr_par' dir='ltr' id='par_1_8' title="bbox 136 1010 1733 1061">
     <span class='ocr_line' id='line_1_17' title="bbox 136 1010 1733 1061; baseline -0.001 -14"><span class='ocrx_word' id='word_1_91' title='bbox 136 1019 332 1047; x_wconf 67' lang='lat' dir='ltr'>Persecution</span> <span class='ocrx_word' id='word_1_92' title='bbox 354 1028 390 1046; x_wconf 83' lang='lat' dir='ltr'>an</span> <span class='ocrx_word' id='word_1_93' title='bbox 404 1011 544 1059; x_wconf 76' lang='lat' dir='ltr'>forma</span> <span class='ocrx_word' id='word_1_94' title='bbox 579 1024 654 1060; x_wconf 83' lang='lat' dir='ltr'>pre</span> <span class='ocrx_word' id='word_1_95' title='bbox 672 1012 773 1061; x_wconf 76' lang='lat' dir='ltr'>filiis</span> <span class='ocrx_word' id='word_1_96' title='bbox 806 1012 1014 1048; x_wconf 81' lang='lat' dir='ltr'>hominum.</span> <span class='ocrx_word' id='word_1_97' title='bbox 1049 1014 1096 1047; x_wconf 88' lang='lat' dir='ltr'>Et</span> <span class='ocrx_word' id='word_1_98' title='bbox 1135 1011 1260 1048; x_wconf 90' lang='lat' dir='ltr'>tercio</span> <span class='ocrx_word' id='word_1_99' title='bbox 1294 1010 1552 1058; x_wconf 79' lang='lat' dir='ltr'>flagellabunt</span> <span class='ocrx_word' id='word_1_100' title='bbox 1592 1018 1733 1046; x_wconf 89' lang='lat' dir='ltr'>contra</span> 
     </span>
    </p>
   </div>
   <div class='ocr_carea' id='block_1_9' title="bbox 135 1054 390 1125">
    <p class='ocr_par' dir='ltr' id='par_1_9' title="bbox 135 1054 390 1125">
     <span class='ocr_line' id='line_1_18' title="bbox 135 1054 390 1088; baseline -0.004 -7"><span class='ocrx_word' id='word_1_101' title='bbox 135 1054 250 1081; x_wconf 78' lang='lat' dir='ltr'>oti&#39;enee</span> <span class='ocrx_word' id='word_1_102' title='bbox 272 1054 390 1088; x_wconf 70' lang='lat' dir='ltr'>against</span> 
     </span>
     <span class='ocr_line' id='line_1_19' title="bbox 161 1089 363 1125; baseline -0.005 -9"><span class='ocrx_word' id='word_1_103' title='bbox 161 1089 210 1116; x_wconf 85' lang='lat' dir='ltr'>the</span> <span class='ocrx_word' id='word_1_104' title='bbox 230 1089 363 1125; x_wconf 67' lang='lat' dir='ltr'>Trinity.</span> 
     </span>
    </p>
   </div>
   <div class='ocr_carea' id='block_1_10' title="bbox 415 1067 1792 2497">
    <p class='ocr_par' dir='ltr' id='par_1_10' title="bbox 415 1067 1792 2497">
     <span class='ocr_line' id='line_1_20' title="bbox 415 1067 1733 1117; baseline -0.001 -12"><span class='ocrx_word' id='word_1_105' title='bbox 415 1081 595 1105; x_wconf 90' lang='lat' dir='ltr'>amorem</span> <span class='ocrx_word' id='word_1_106' title='bbox 636 1069 807 1117; x_wconf 84' lang='lat' dir='ltr'>Spiritus</span> <span class='ocrx_word' id='word_1_107' title='bbox 847 1070 981 1106; x_wconf 84' lang='lat' dir='ltr'>Sancti</span> <span class='ocrx_word' id='word_1_108' title='bbox 1027 1082 1109 1106; x_wconf 85' lang='lat' dir='ltr'>non</span> <span class='ocrx_word' id='word_1_109' title='bbox 1148 1069 1296 1117; x_wconf 89' lang='lat' dir='ltr'>ubique</span> <span class='ocrx_word' id='word_1_110' title='bbox 1336 1069 1403 1104; x_wconf 93' lang='lat' dir='ltr'>sed</span> <span class='ocrx_word' id='word_1_111' title='bbox 1442 1067 1483 1104; x_wconf 90' lang='lat' dir='ltr'>in</span> <span class='ocrx_word' id='word_1_112' title='bbox 1521 1067 1733 1116; x_wconf 84' lang='lat' dir='ltr'>synagogis</span> 
     </span>
     <span class='ocr_line' id='line_1_21' title="bbox 415 1125 1732 1175; baseline -0.001 -12"><span class='ocrx_word' id='word_1_113' title='bbox 415 1128 594 1163; x_wconf 83' lang='lat' dir='ltr'>sathane.</span> <span class='ocrx_word' id='word_1_114' title='bbox 649 1128 726 1163; x_wconf 86' lang='lat' dir='ltr'>Sed</span> <span class='ocrx_word' id='word_1_115' title='bbox 768 1127 940 1175; x_wconf 80' lang='lat' dir='ltr'>Spiritus</span> <span class='ocrx_word' id='word_1_116' title='bbox 980 1130 1150 1164; x_wconf 88' lang='lat' dir='ltr'>Sanctus</span> <span class='ocrx_word' id='word_1_117' title='bbox 1196 1125 1429 1162; x_wconf 87' lang='lat' dir='ltr'>immediate</span> <span class='ocrx_word' id='word_1_118' title='bbox 1475 1125 1732 1174; x_wconf 89' lang='lat' dir='ltr'>desponsavit</span> 
     </span>
     <span class='ocr_line' id='line_1_22' title="bbox 416 1182 1731 1221; baseline 0 -1"><span class='ocrx_word' id='word_1_119' title='bbox 416 1184 489 1221; x_wconf 91' lang='lat' dir='ltr'>sibi</span> <span class='ocrx_word' id='word_1_120' title='bbox 530 1194 710 1221; x_wconf 85' lang='lat' dir='ltr'>sanctam</span> <span class='ocrx_word' id='word_1_121' title='bbox 752 1185 982 1221; x_wconf 89' lang='lat' dir='ltr'>ecclesiam:</span> <span class='ocrx_word' id='word_1_122' title='bbox 1029 1194 1065 1221; x_wconf 90' lang='lat' dir='ltr'>et</span> <span class='ocrx_word' id='word_1_123' title='bbox 1106 1185 1197 1221; x_wconf 87' lang='lat' dir='ltr'>hinc</span> <span class='ocrx_word' id='word_1_124' title='bbox 1239 1184 1431 1221; x_wconf 83' lang='lat' dir='ltr'>articulus</span> <span class='ocrx_word' id='word_1_125' title='bbox 1479 1185 1527 1220; x_wconf 90' lang='lat' dir='ltr'>de</span> <span class='ocrx_word' id='word_1_126' title='bbox 1565 1182 1731 1220; x_wconf 88' lang='lat' dir='ltr'>ecclesia</span> 
     </span>
     <span class='ocr_line' id='line_1_23' title="bbox 416 1241 1790 1291; baseline -0.002 -12"><span class='ocrx_word' id='word_1_127' title='bbox 416 1252 555 1279; x_wconf 89' lang='lat' dir='ltr'>sancta</span> <span class='ocrx_word' id='word_1_128' title='bbox 588 1242 786 1279; x_wconf 90' lang='lat' dir='ltr'>catholica</span> <span class='ocrx_word' id='word_1_129' title='bbox 820 1242 1053 1279; x_wconf 88' lang='lat' dir='ltr'>immediate</span> <span class='ocrx_word' id='word_1_130' title='bbox 1085 1242 1248 1291; x_wconf 90' lang='lat' dir='ltr'>ponitur</span> <span class='ocrx_word' id='word_1_131' title='bbox 1282 1251 1372 1290; x_wconf 89' lang='lat' dir='ltr'>post</span> <span class='ocrx_word' id='word_1_132' title='bbox 1406 1241 1526 1278; x_wconf 87' lang='lat' dir='ltr'>fidem</span> <span class='ocrx_word' id='word_1_133' title='bbox 1560 1241 1732 1289; x_wconf 90' lang='lat' dir='ltr'>Spiritus</span> <span class='ocrx_word' id='word_1_134' title='bbox 1754 1242 1790 1274; x_wconf 87' lang='grc'>15</span> 
     </span>
     <span class='ocr_line' id='line_1_24' title="bbox 416 1298 1734 1349; baseline -0.002 -12"><span class='ocrx_word' id='word_1_135' title='bbox 416 1300 565 1337; x_wconf 85' lang='lat' dir='ltr'>Sancti.</span> <span class='ocrx_word' id='word_1_136' title='bbox 591 1303 639 1337; x_wconf 85' lang='lat' dir='ltr'>Et</span> <span class='ocrx_word' id='word_1_137' title='bbox 663 1310 772 1349; x_wconf 91' lang='lat' dir='ltr'>patet</span> <span class='ocrx_word' id='word_1_138' title='bbox 797 1302 1002 1349; x_wconf 90' lang='lat' dir='ltr'>quomodo</span> <span class='ocrx_word' id='word_1_139' title='bbox 1028 1301 1067 1337; x_wconf 92' lang='lat' dir='ltr'>in</span> <span class='ocrx_word' id='word_1_140' title='bbox 1090 1300 1214 1337; x_wconf 91' lang='lat' dir='ltr'>tercio</span> <span class='ocrx_word' id='word_1_141' title='bbox 1239 1300 1352 1348; x_wconf 83' lang='lat' dir='ltr'>signo</span> <span class='ocrx_word' id='word_1_142' title='bbox 1383 1299 1487 1348; x_wconf 83' lang='lat' dir='ltr'>magi</span> <span class='ocrx_word' id='word_1_143' title='bbox 1514 1298 1734 1336; x_wconf 86' lang='lat' dir='ltr'>Pharaonis</span> 
     </span>
     <span class='ocr_line' id='line_1_25' title="bbox 417 1356 1733 1407; baseline -0.002 -12"><span class='ocrx_word' id='word_1_144' title='bbox 417 1359 643 1395; x_wconf 88' lang='lat' dir='ltr'>defecerant</span> <span class='ocrx_word' id='word_1_145' title='bbox 681 1367 942 1407; x_wconf 74' lang='lat' dir='ltr'>aggravantes</span> <span class='ocrx_word' id='word_1_146' title='bbox 980 1367 1191 1407; x_wconf 86' lang='lat' dir='ltr'>peecatum</span> <span class='ocrx_word' id='word_1_147' title='bbox 1227 1371 1270 1395; x_wconf 88' lang='lat' dir='ltr'>ex</span> <span class='ocrx_word' id='word_1_148' title='bbox 1302 1357 1476 1406; x_wconf 86' lang='lat' dir='ltr'>ypocrisi</span> <span class='ocrx_word' id='word_1_149' title='bbox 1509 1356 1733 1394; x_wconf 88' lang='lat' dir='ltr'>sanctitatis</span> 
     </span>
     <span class='ocr_line' id='line_1_26' title="bbox 416 1414 1732 1465; baseline -0.001 -13"><span class='ocrx_word' id='word_1_150' title='bbox 416 1416 507 1453; x_wconf 92' lang='lat' dir='ltr'>loci.</span> <span class='ocrx_word' id='word_1_151' title='bbox 547 1418 623 1453; x_wconf 89' lang='lat' dir='ltr'>Sed</span> <span class='ocrx_word' id='word_1_152' title='bbox 658 1426 803 1465; x_wconf 90' lang='lat' dir='ltr'>quarto</span> <span class='ocrx_word' id='word_1_153' title='bbox 841 1418 1118 1464; x_wconf 88' lang='lat' dir='ltr'>superaddunt</span> <span class='ocrx_word' id='word_1_154' title='bbox 1157 1425 1367 1465; x_wconf 89' lang='lat' dir='ltr'>peccatum</span> <span class='ocrx_word' id='word_1_155' title='bbox 1402 1415 1531 1452; x_wconf 88' lang='lat' dir='ltr'>finalis</span> <span class='ocrx_word' id='word_1_156' title='bbox 1563 1414 1732 1464; x_wconf 90' lang='lat' dir='ltr'>impeni-</span> 
     </span>
     <span class='ocr_line' id='line_1_27' title="bbox 416 1473 1730 1524; baseline 0 -14"><span class='ocrx_word' id='word_1_157' title='bbox 416 1474 544 1511; x_wconf 89' lang='lat' dir='ltr'>teneie</span> <span class='ocrx_word' id='word_1_158' title='bbox 588 1488 707 1522; x_wconf 90' lang='lat' dir='ltr'>super</span> <span class='ocrx_word' id='word_1_159' title='bbox 752 1487 831 1524; x_wconf 89' lang='lat' dir='ltr'>quo</span> <span class='ocrx_word' id='word_1_160' title='bbox 870 1487 950 1511; x_wconf 92' lang='lat' dir='ltr'>non</span> <span class='ocrx_word' id='word_1_161' title='bbox 990 1474 1157 1523; x_wconf 84' lang='lat' dir='ltr'>quiescit</span> <span class='ocrx_word' id='word_1_162' title='bbox 1197 1476 1302 1511; x_wconf 89' lang='lat' dir='ltr'>Deus</span> <span class='ocrx_word' id='word_1_163' title='bbox 1341 1473 1483 1523; x_wconf 91' lang='lat' dir='ltr'>punire</span> <span class='ocrx_word' id='word_1_164' title='bbox 1521 1482 1730 1522; x_wconf 88' lang='lat' dir='ltr'>perpetuo.</span> 
     </span>
     <span class='ocr_line' id='line_1_28' title="bbox 415 1531 1790 1581; baseline -0.001 -13"><span class='ocrx_word' id='word_1_165' title='bbox 415 1533 705 1581; x_wconf 70' lang='lat' dir='ltr'>persequimini,</span> <span class='ocrx_word' id='word_1_166' title='bbox 749 1532 891 1581; x_wconf 88' lang='lat' dir='ltr'>inquit,</span> <span class='ocrx_word' id='word_1_167' title='bbox 938 1534 984 1569; x_wconf 86' lang='lat' dir='ltr'>de</span> <span class='ocrx_word' id='word_1_168' title='bbox 1027 1533 1179 1569; x_wconf 75' lang='lat' dir='ltr'>civitate</span> <span class='ocrx_word' id='word_1_169' title='bbox 1222 1533 1258 1568; x_wconf 88' lang='lat' dir='ltr'>in</span> <span class='ocrx_word' id='word_1_170' title='bbox 1298 1533 1501 1568; x_wconf 41' lang='lat' dir='ltr'>civitatensz.</span> <span class='ocrx_word' id='word_1_171' title='bbox 1559 1531 1628 1568; x_wconf 90' lang='lat' dir='ltr'>Illa</span> <span class='ocrx_word' id='word_1_172' title='bbox 1673 1540 1732 1568; x_wconf 93' lang='lat' dir='ltr'>est</span> <span class='ocrx_word' id='word_1_173' title='bbox 1748 1543 1790 1566; x_wconf 81' lang='lat'>20</span> 
     </span>
     <span class='ocr_line' id='line_1_29' title="bbox 417 1589 1732 1639; baseline 0 -13"><span class='ocrx_word' id='word_1_174' title='bbox 417 1590 521 1627; x_wconf 90' lang='lat' dir='ltr'>enim</span> <span class='ocrx_word' id='word_1_175' title='bbox 561 1591 763 1639; x_wconf 91' lang='lat' dir='ltr'>completa</span> <span class='ocrx_word' id='word_1_176' title='bbox 802 1591 1035 1633; x_wconf 83' lang='lat' dir='ltr'>crudelitas;</span> <span class='ocrx_word' id='word_1_177' title='bbox 1081 1589 1267 1639; x_wconf 85' lang='lat' dir='ltr'>persequi</span> <span class='ocrx_word' id='word_1_178' title='bbox 1307 1590 1412 1626; x_wconf 88' lang='lat' dir='ltr'>enim</span> <span class='ocrx_word' id='word_1_179' title='bbox 1457 1599 1514 1626; x_wconf 88' lang='lat' dir='ltr'>est</span> <span class='ocrx_word' id='word_1_180' title='bbox 1559 1589 1732 1637; x_wconf 88' lang='lat' dir='ltr'>perfecte</span> 
     </span>
     <span class='ocr_line' id='line_1_30' title="bbox 417 1647 1731 1697; baseline -0.001 -13"><span class='ocrx_word' id='word_1_181' title='bbox 417 1647 541 1696; x_wconf 90' lang='lat' dir='ltr'>sequi,</span> <span class='ocrx_word' id='word_1_182' title='bbox 591 1648 692 1685; x_wconf 91' lang='lat' dir='ltr'>sicut</span> <span class='ocrx_word' id='word_1_183' title='bbox 736 1649 971 1685; x_wconf 89' lang='lat' dir='ltr'>Aristoteles</span> <span class='ocrx_word' id='word_1_184' title='bbox 1017 1648 1111 1685; x_wconf 91' lang='lat' dir='ltr'>dicit</span> <span class='ocrx_word' id='word_1_185' title='bbox 1156 1648 1350 1684; x_wconf 81' lang='lat' dir='ltr'>hominum</span> <span class='ocrx_word' id='word_1_186' title='bbox 1395 1660 1476 1684; x_wconf 79' lang='lat' dir='ltr'>esse</span> <span class='ocrx_word' id='word_1_187' title='bbox 1513 1648 1731 1697; x_wconf 82' lang='lat' dir='ltr'>perfectum</span> 
     </span>
     <span class='ocr_line' id='line_1_31' title="bbox 417 1704 1733 1755; baseline -0.001 -13"><span class='ocrx_word' id='word_1_188' title='bbox 417 1707 630 1751; x_wconf 81' lang='lat' dir='ltr'>latronem;</span> <span class='ocrx_word' id='word_1_189' title='bbox 668 1716 964 1755; x_wconf 89' lang='lat' dir='ltr'>persequuntur</span> <span class='ocrx_word' id='word_1_190' title='bbox 997 1706 1101 1743; x_wconf 88' lang='lat' dir='ltr'>enim</span> <span class='ocrx_word' id='word_1_191' title='bbox 1135 1719 1216 1743; x_wconf 91' lang='lat' dir='ltr'>non</span> <span class='ocrx_word' id='word_1_192' title='bbox 1249 1707 1378 1743; x_wconf 89' lang='lat' dir='ltr'>solum</span> <span class='ocrx_word' id='word_1_193' title='bbox 1414 1706 1453 1742; x_wconf 94' lang='lat' dir='ltr'>in</span> <span class='ocrx_word' id='word_1_194' title='bbox 1485 1706 1574 1742; x_wconf 91' lang='lat' dir='ltr'>loeo</span> <span class='ocrx_word' id='word_1_195' title='bbox 1615 1704 1733 1741; x_wconf 86' lang='lat' dir='ltr'>unico</span> 
     </span>
     <span class='ocr_line' id='line_1_32' title="bbox 416 1762 1733 1809; baseline -0.001 -9"><span class='ocrx_word' id='word_1_196' title='bbox 416 1764 648 1809; x_wconf 84' lang='lat' dir='ltr'>residentes,</span> <span class='ocrx_word' id='word_1_197' title='bbox 701 1766 769 1800; x_wconf 90' lang='lat' dir='ltr'>sed</span> <span class='ocrx_word' id='word_1_198' title='bbox 820 1764 987 1801; x_wconf 90' lang='lat' dir='ltr'>villatim</span> <span class='ocrx_word' id='word_1_199' title='bbox 1042 1766 1261 1801; x_wconf 87' lang='lat' dir='ltr'>secundum</span> <span class='ocrx_word' id='word_1_200' title='bbox 1307 1763 1532 1800; x_wconf 88' lang='lat' dir='ltr'>doctrinam</span> <span class='ocrx_word' id='word_1_201' title='bbox 1571 1762 1733 1799; x_wconf 91' lang='lat' dir='ltr'>Domini</span> 
     </span>
     <span class='ocr_line' id='line_1_33' title="bbox 417 1822 1790 1871; baseline -0.001 -13"><span class='ocrx_word' id='word_1_202' title='bbox 417 1822 630 1869; x_wconf 82' lang='lat' dir='ltr'>fugientes;</span> <span class='ocrx_word' id='word_1_203' title='bbox 655 1831 691 1858; x_wconf 90' lang='lat' dir='ltr'>et</span> <span class='ocrx_word' id='word_1_204' title='bbox 709 1822 811 1859; x_wconf 87' lang='lat' dir='ltr'>sicut</span> <span class='ocrx_word' id='word_1_205' title='bbox 828 1832 1122 1871; x_wconf 91' lang='lat' dir='ltr'>persequuntur</span> <span class='ocrx_word' id='word_1_206' title='bbox 1137 1831 1297 1859; x_wconf 90' lang='lat' dir='ltr'>sanctos</span> <span class='ocrx_word' id='word_1_207' title='bbox 1320 1834 1446 1871; x_wconf 84' lang='lat' dir='ltr'>usque</span> <span class='ocrx_word' id='word_1_208' title='bbox 1470 1823 1519 1858; x_wconf 92' lang='lat' dir='ltr'>ad</span> <span class='ocrx_word' id='word_1_209' title='bbox 1545 1830 1732 1863; x_wconf 87' lang='lat' dir='ltr'>mortem,</span> <span class='ocrx_word' id='word_1_210' title='bbox 1751 1823 1790 1855; x_wconf 74' lang='grc'>25</span> 
     </span>
     <span class='ocr_line' id='line_1_34' title="bbox 418 1880 1734 1928; baseline 0 -12"><span class='ocrx_word' id='word_1_211' title='bbox 418 1880 473 1917; x_wconf 90' lang='lat' dir='ltr'>sic</span> <span class='ocrx_word' id='word_1_212' title='bbox 519 1881 664 1917; x_wconf 87' lang='lat' dir='ltr'>durant</span> <span class='ocrx_word' id='word_1_213' title='bbox 709 1880 748 1916; x_wconf 91' lang='lat' dir='ltr'>in</span> <span class='ocrx_word' id='word_1_214' title='bbox 793 1880 928 1917; x_wconf 89' lang='lat' dir='ltr'>animo</span> <span class='ocrx_word' id='word_1_215' title='bbox 974 1894 1113 1917; x_wconf 87' lang='lat' dir='ltr'>amaro</span> <span class='ocrx_word' id='word_1_216' title='bbox 1154 1892 1279 1928; x_wconf 87' lang='lat' dir='ltr'>usque</span> <span class='ocrx_word' id='word_1_217' title='bbox 1317 1881 1367 1916; x_wconf 91' lang='lat' dir='ltr'>ad</span> <span class='ocrx_word' id='word_1_218' title='bbox 1409 1888 1592 1916; x_wconf 91' lang='lat' dir='ltr'>mortem.</span> <span class='ocrx_word' id='word_1_219' title='bbox 1641 1880 1734 1916; x_wconf 89' lang='lat' dir='ltr'>Ideo</span> 
     </span>
     <span class='ocr_line' id='line_1_35' title="bbox 418 1937 1734 1987; baseline 0 -13"><span class='ocrx_word' id='word_1_220' title='bbox 418 1938 621 1986; x_wconf 83' lang='lat' dir='ltr'>signanter</span> <span class='ocrx_word' id='word_1_221' title='bbox 672 1938 871 1986; x_wconf 90' lang='lat' dir='ltr'>scriptura</span> <span class='ocrx_word' id='word_1_222' title='bbox 917 1951 1026 1975; x_wconf 90' lang='lat' dir='ltr'>more</span> <span class='ocrx_word' id='word_1_223' title='bbox 1074 1951 1146 1975; x_wconf 88' lang='lat' dir='ltr'>suo</span> <span class='ocrx_word' id='word_1_224' title='bbox 1199 1937 1312 1974; x_wconf 91' lang='lat' dir='ltr'>dicit:</span> <span class='ocrx_word' id='word_1_225' title='bbox 1365 1937 1644 1987; x_wconf 81' lang='lat' dir='ltr'>Persequimini</span> <span class='ocrx_word' id='word_1_226' title='bbox 1686 1938 1734 1974; x_wconf 89' lang='lat' dir='ltr'>de</span> 
     </span>
     <span class='ocr_line' id='line_1_36' title="bbox 417 1994 1735 2044; baseline -0.001 -12"><span class='ocrx_word' id='word_1_227' title='bbox 417 1995 604 2044; x_wconf 83' lang='lat' dir='ltr'>presenti,</span> <span class='ocrx_word' id='word_1_228' title='bbox 644 2008 725 2032; x_wconf 91' lang='lat' dir='ltr'>non</span> <span class='ocrx_word' id='word_1_229' title='bbox 756 2009 875 2042; x_wconf 90' lang='lat' dir='ltr'>nunc,</span> <span class='ocrx_word' id='word_1_230' title='bbox 914 1998 980 2033; x_wconf 86' lang='lat' dir='ltr'>sed</span> <span class='ocrx_word' id='word_1_231' title='bbox 1022 1998 1069 2033; x_wconf 92' lang='lat' dir='ltr'>de</span> <span class='ocrx_word' id='word_1_232' title='bbox 1107 2006 1289 2044; x_wconf 87' lang='lat' dir='ltr'>tempore</span> <span class='ocrx_word' id='word_1_233' title='bbox 1321 1995 1433 2032; x_wconf 89' lang='lat' dir='ltr'>vobis</span> <span class='ocrx_word' id='word_1_234' title='bbox 1466 2004 1574 2044; x_wconf 85' lang='lat' dir='ltr'>apto,</span> <span class='ocrx_word' id='word_1_235' title='bbox 1610 2003 1646 2031; x_wconf 91' lang='lat' dir='ltr'>et</span> <span class='ocrx_word' id='word_1_236' title='bbox 1679 1994 1735 2031; x_wconf 90' lang='lat' dir='ltr'>sic</span> 
     </span>
     <span class='ocr_line' id='line_1_37' title="bbox 419 2052 1733 2103; baseline -0.001 -13"><span class='ocrx_word' id='word_1_237' title='bbox 419 2055 722 2102; x_wconf 91' lang='lat' dir='ltr'>quodammodo</span> <span class='ocrx_word' id='word_1_238' title='bbox 757 2063 903 2100; x_wconf 82' lang='lat' dir='ltr'>eterne,</span> <span class='ocrx_word' id='word_1_239' title='bbox 928 2054 1021 2103; x_wconf 87' lang='lat' dir='ltr'>quia</span> <span class='ocrx_word' id='word_1_240' title='bbox 1054 2068 1179 2103; x_wconf 90' lang='lat' dir='ltr'>usque</span> <span class='ocrx_word' id='word_1_241' title='bbox 1212 2054 1252 2090; x_wconf 90' lang='lat' dir='ltr'>in</span> <span class='ocrx_word' id='word_1_242' title='bbox 1285 2054 1403 2090; x_wconf 85' lang='lat' dir='ltr'>finem</span> <span class='ocrx_word' id='word_1_243' title='bbox 1435 2052 1733 2102; x_wconf 88' lang='lat' dir='ltr'>persequimini.</span> 
     </span>
     <span class='ocr_line' id='line_1_38' title="bbox 419 2109 1792 2161; baseline -0.002 -13"><span class='ocrx_word' id='word_1_244' title='bbox 419 2114 466 2148; x_wconf 86' lang='lat' dir='ltr'>Et</span> <span class='ocrx_word' id='word_1_245' title='bbox 495 2112 688 2149; x_wconf 90' lang='lat' dir='ltr'>instancie</span> <span class='ocrx_word' id='word_1_246' title='bbox 711 2111 983 2160; x_wconf 88' lang='lat' dir='ltr'>sophistarum</span> <span class='ocrx_word' id='word_1_247' title='bbox 1007 2112 1151 2161; x_wconf 91' lang='lat' dir='ltr'>quibus</span> <span class='ocrx_word' id='word_1_248' title='bbox 1184 2121 1356 2159; x_wconf 79' lang='lat' dir='ltr'>arguunt</span> <span class='ocrx_word' id='word_1_249' title='bbox 1388 2113 1510 2160; x_wconf 86' lang='lat' dir='ltr'>quod,</span> <span class='ocrx_word' id='word_1_250' title='bbox 1543 2110 1574 2147; x_wconf 92' lang='lat' dir='ltr'>si</span> <span class='ocrx_word' id='word_1_251' title='bbox 1598 2109 1734 2147; x_wconf 85' lang='lat' dir='ltr'>onmia</span> <span class='ocrx_word' id='word_1_252' title='bbox 1751 2112 1792 2146; x_wconf 88' lang='lat'>30</span> 
     </span>
     <span class='ocr_line' id='line_1_39' title="bbox 419 2170 1734 2219; baseline -0.001 -13"><span class='ocrx_word' id='word_1_253' title='bbox 419 2183 495 2219; x_wconf 89' lang='lat' dir='ltr'>que</span> <span class='ocrx_word' id='word_1_254' title='bbox 519 2170 678 2207; x_wconf 90' lang='lat' dir='ltr'>fuerunt</span> <span class='ocrx_word' id='word_1_255' title='bbox 710 2171 771 2207; x_wconf 84' lang='lat' dir='ltr'>vel</span> <span class='ocrx_word' id='word_1_256' title='bbox 804 2180 917 2206; x_wconf 88' lang='lat' dir='ltr'>erunt</span> <span class='ocrx_word' id='word_1_257' title='bbox 951 2179 1054 2215; x_wconf 87' lang='lat' dir='ltr'>sunt,</span> <span class='ocrx_word' id='word_1_258' title='bbox 1088 2180 1182 2207; x_wconf 92' lang='lat' dir='ltr'>tunc</span> <span class='ocrx_word' id='word_1_259' title='bbox 1215 2179 1306 2206; x_wconf 89' lang='lat' dir='ltr'>sunt</span> <span class='ocrx_word' id='word_1_260' title='bbox 1340 2171 1461 2206; x_wconf 90' lang='lat' dir='ltr'>modo</span> <span class='ocrx_word' id='word_1_261' title='bbox 1494 2178 1531 2206; x_wconf 90' lang='lat' dir='ltr'>et</span> <span class='ocrx_word' id='word_1_262' title='bbox 1562 2182 1644 2205; x_wconf 91' lang='lat' dir='ltr'>non</span> <span class='ocrx_word' id='word_1_263' title='bbox 1676 2178 1734 2205; x_wconf 88' lang='lat' dir='ltr'>est</span> 
     </span>
     <span class='ocr_line' id='line_1_40' title="bbox 420 2226 1733 2276; baseline -0.001 -12"><span class='ocrx_word' id='word_1_264' title='bbox 420 2227 608 2276; x_wconf 89' lang='lat' dir='ltr'>prioritas</span> <span class='ocrx_word' id='word_1_265' title='bbox 637 2227 843 2276; x_wconf 87' lang='lat' dir='ltr'>temporis,</span> <span class='ocrx_word' id='word_1_266' title='bbox 875 2241 964 2264; x_wconf 89' lang='lat' dir='ltr'>cum</span> <span class='ocrx_word' id='word_1_267' title='bbox 993 2227 1081 2264; x_wconf 90' lang='lat' dir='ltr'>aliis</span> <span class='ocrx_word' id='word_1_268' title='bbox 1105 2227 1378 2264; x_wconf 87' lang='lat' dir='ltr'>deliramentis</span> <span class='ocrx_word' id='word_1_269' title='bbox 1400 2240 1482 2264; x_wconf 90' lang='lat' dir='ltr'>non</span> <span class='ocrx_word' id='word_1_270' title='bbox 1503 2236 1594 2263; x_wconf 92' lang='lat' dir='ltr'>sunt</span> <span class='ocrx_word' id='word_1_271' title='bbox 1617 2226 1733 2274; x_wconf 83' lang='lat' dir='ltr'>digne</span> 
     </span>
     <span class='ocr_line' id='line_1_41' title="bbox 422 2284 1733 2334; baseline -0.001 -12"><span class='ocrx_word' id='word_1_272' title='bbox 422 2286 614 2323; x_wconf 89' lang='lat' dir='ltr'>memoria</span> <span class='ocrx_word' id='word_1_273' title='bbox 644 2285 719 2322; x_wconf 89' lang='lat' dir='ltr'>nisi</span> <span class='ocrx_word' id='word_1_274' title='bbox 750 2286 851 2322; x_wconf 89' lang='lat' dir='ltr'>forte</span> <span class='ocrx_word' id='word_1_275' title='bbox 880 2295 921 2322; x_wconf 91' lang='lat' dir='ltr'>ut</span> <span class='ocrx_word' id='word_1_276' title='bbox 945 2285 1072 2333; x_wconf 71' lang='lat' dir='ltr'>ignari</span> <span class='ocrx_word' id='word_1_277' title='bbox 1096 2285 1355 2322; x_wconf 89' lang='lat' dir='ltr'>subtilissime</span> <span class='ocrx_word' id='word_1_278' title='bbox 1379 2285 1508 2334; x_wconf 82' lang='lat' dir='ltr'>logice</span> <span class='ocrx_word' id='word_1_279' title='bbox 1536 2284 1733 2333; x_wconf 89' lang='lat' dir='ltr'>scripture</span> 
     </span>
     <span class='ocr_line' id='line_1_42' title="bbox 420 2343 1733 2392; baseline -0.002 -12"><span class='ocrx_word' id='word_1_280' title='bbox 420 2343 539 2380; x_wconf 88' lang='lat' dir='ltr'>derisi</span> <span class='ocrx_word' id='word_1_281' title='bbox 586 2346 633 2380; x_wconf 90' lang='lat' dir='ltr'>de</span> <span class='ocrx_word' id='word_1_282' title='bbox 678 2357 748 2381; x_wconf 90' lang='lat' dir='ltr'>sua</span> <span class='ocrx_word' id='word_1_283' title='bbox 794 2343 1028 2392; x_wconf 79' lang='lat' dir='ltr'>ignorancia</span> <span class='ocrx_word' id='word_1_284' title='bbox 1069 2345 1348 2392; x_wconf 89' lang='lat' dir='ltr'>reprobentur.</span> <span class='ocrx_word' id='word_1_285' title='bbox 1393 2345 1560 2380; x_wconf 90' lang='lat' dir='ltr'>Factum</span> <span class='ocrx_word' id='word_1_286' title='bbox 1599 2351 1733 2379; x_wconf 89' lang='lat' dir='ltr'>autem</span> 
     </span>
     <span class='ocr_line' id='line_1_43' title="bbox 421 2400 1790 2450; baseline -0.001 -12"><span class='ocrx_word' id='word_1_287' title='bbox 421 2401 638 2450; x_wconf 89' lang='lat' dir='ltr'>prophecie</span> <span class='ocrx_word' id='word_1_288' title='bbox 662 2401 810 2438; x_wconf 90' lang='lat' dir='ltr'>Christi</span> <span class='ocrx_word' id='word_1_289' title='bbox 839 2411 948 2450; x_wconf 91' lang='lat' dir='ltr'>patet</span> <span class='ocrx_word' id='word_1_290' title='bbox 978 2401 1018 2438; x_wconf 91' lang='lat' dir='ltr'>in</span> <span class='ocrx_word' id='word_1_291' title='bbox 1047 2401 1218 2439; x_wconf 90' lang='lat' dir='ltr'>cronicis</span> <span class='ocrx_word' id='word_1_292' title='bbox 1248 2403 1296 2438; x_wconf 90' lang='lat' dir='ltr'>de</span> <span class='ocrx_word' id='word_1_293' title='bbox 1320 2402 1524 2450; x_wconf 89' lang='lat' dir='ltr'>Stephano</span> <span class='ocrx_word' id='word_1_294' title='bbox 1548 2409 1585 2437; x_wconf 91' lang='lat' dir='ltr'>et</span> <span class='ocrx_word' id='word_1_295' title='bbox 1608 2401 1732 2438; x_wconf 90' lang='lat' dir='ltr'>Paulo</span> <span class='ocrx_word' id='word_1_296' title='bbox 1750 2400 1790 2433; x_wconf 84' lang='grc'>35</span> 
     </span>
     <span class='ocr_line' id='line_1_44' title="bbox 421 2459 1051 2497; baseline 0 -1"><span class='ocrx_word' id='word_1_297' title='bbox 421 2469 458 2496; x_wconf 92' lang='lat' dir='ltr'>et</span> <span class='ocrx_word' id='word_1_298' title='bbox 492 2459 634 2496; x_wconf 89' lang='lat' dir='ltr'>ceteris</span> <span class='ocrx_word' id='word_1_299' title='bbox 667 2459 815 2496; x_wconf 90' lang='lat' dir='ltr'>Christi</span> <span class='ocrx_word' id='word_1_300' title='bbox 851 2459 1051 2497; x_wconf 88' lang='lat' dir='ltr'>membris.</span> 
     </span>
    </p>
   </div>
   <div class='ocr_carea' id='block_1_11' title="bbox 421 2547 1734 2791">
    <p class='ocr_par' dir='ltr' id='par_1_11' title="bbox 421 2547 1734 2791">
     <span class='ocr_line' id='line_1_45' title="bbox 492 2547 1734 2583; baseline -0.002 -8"><span class='ocrx_word' id='word_1_301' title='bbox 492 2556 510 2575; x_wconf 90' lang='lat'>1.</span> <span class='ocrx_word' id='word_1_302' title='bbox 531 2548 559 2575; x_wconf 99' lang='lat' dir='ltr'>A</span> <span class='ocrx_word' id='word_1_303' title='bbox 579 2547 609 2575; x_wconf 89' lang='lat' dir='ltr'>in</span> <span class='ocrx_word' id='word_1_304' title='bbox 630 2555 744 2583; x_wconf 60' lang='lat' dir='ltr'>marg:</span> <span class='ocrx_word' id='word_1_305' title='bbox 767 2555 791 2575; x_wconf 85' lang='lat'>2.</span> <span class='ocrx_word' id='word_1_306' title='bbox 884 2556 904 2577; x_wconf 91' lang='lat'>1.</span> <span class='ocrx_word' id='word_1_307' title='bbox 926 2547 951 2578; x_wconf 84' lang='grc'>3,</span> <span class='ocrx_word' id='word_1_308' title='bbox 972 2557 1000 2582; x_wconf 83' lang='lat'>4.</span> <span class='ocrx_word' id='word_1_309' title='bbox 1022 2548 1066 2575; x_wconf 88' lang='lat' dir='ltr'>A:</span> <span class='ocrx_word' id='word_1_310' title='bbox 1088 2555 1192 2575; x_wconf 84' lang='lat' dir='ltr'>corres</span> <span class='ocrx_word' id='word_1_311' title='bbox 1217 2547 1374 2575; x_wconf 86' lang='lat' dir='ltr'>ondentes.</span> <span class='ocrx_word' id='word_1_312' title='bbox 1466 2553 1490 2573; x_wconf 90' lang='lat'>2.</span> <span class='ocrx_word' id='word_1_313' title='bbox 1511 2547 1554 2574; x_wconf 83' lang='lat' dir='ltr'><strong>A:</strong></span> <span class='ocrx_word' id='word_1_314' title='bbox 1577 2550 1734 2581; x_wconf 84' lang='lat' dir='ltr'>presentes</span> 
     </span>
     <span class='ocr_line' id='line_1_46' title="bbox 421 2580 1732 2617; baseline -0.002 -7"><span class='ocrx_word' id='word_1_315' title='bbox 421 2582 515 2610; x_wconf 82' lang='lat' dir='ltr'>deest.</span> <span class='ocrx_word' id='word_1_316' title='bbox 572 2581 596 2610; x_wconf 97' lang='grc'>3.</span> <span class='ocrx_word' id='word_1_317' title='bbox 620 2583 687 2610; x_wconf 69' lang='grc' dir='ltr'>ΙΠΞτ</span> <span class='ocrx_word' id='word_1_318' title='bbox 709 2582 800 2610; x_wconf 87' lang='lat' dir='ltr'>mittit</span> <span class='ocrx_word' id='word_1_319' title='bbox 821 2583 879 2612; x_wconf 84' lang='lat' dir='ltr'>eis:</span> <span class='ocrx_word' id='word_1_320' title='bbox 902 2583 940 2610; x_wconf 87' lang='lat' dir='ltr'>ib.</span> <span class='ocrx_word' id='word_1_321' title='bbox 957 2583 985 2610; x_wconf 92' lang='lat' dir='ltr'>A</span> <span class='ocrx_word' id='word_1_322' title='bbox 1005 2583 1034 2609; x_wconf 85' lang='lat' dir='ltr'>in</span> <span class='ocrx_word' id='word_1_323' title='bbox 1058 2590 1171 2617; x_wconf 59' lang='lat' dir='ltr'>marg:</span> <span class='ocrx_word' id='word_1_324' title='bbox 1211 2604 1216 2609; x_wconf 97' lang='lat'>.</span> <span class='ocrx_word' id='word_1_325' title='bbox 1272 2582 1296 2610; x_wconf 84' lang='lat'>5.</span> <span class='ocrx_word' id='word_1_326' title='bbox 1311 2582 1351 2610; x_wconf 82' lang='lat' dir='ltr'>E:</span> <span class='ocrx_word' id='word_1_327' title='bbox 1373 2581 1584 2614; x_wconf 88' lang='lat' dir='ltr'>commedent;</span> <span class='ocrx_word' id='word_1_328' title='bbox 1605 2581 1644 2608; x_wconf 85' lang='lat' dir='ltr'>ib.</span> <span class='ocrx_word' id='word_1_329' title='bbox 1660 2580 1732 2608; x_wconf 89' lang='lat' dir='ltr'>Ain</span> 
     </span>
     <span class='ocr_line' id='line_1_47' title="bbox 423 2615 1732 2654; baseline -0.001 -10"><span class='ocrx_word' id='word_1_330' title='bbox 423 2625 535 2651; x_wconf 46' lang='lat' dir='ltr'>marg:</span> <span class='ocrx_word' id='word_1_331' title='bbox 556 2616 703 2645; x_wconf 85' lang='lat' dir='ltr'>Trinitas.</span> <span class='ocrx_word' id='word_1_332' title='bbox 786 2616 814 2644; x_wconf 76' lang='lat' dir='ltr'>S.</span> <span class='ocrx_word' id='word_1_333' title='bbox 835 2617 874 2645; x_wconf 89' lang='lat' dir='ltr'>E:</span> <span class='ocrx_word' id='word_1_334' title='bbox 897 2617 1142 2652; x_wconf 84' lang='lat' dir='ltr'>quadruplicem.</span> <span class='ocrx_word' id='word_1_335' title='bbox 1225 2625 1253 2652; x_wconf 76' lang='grc' dir='ltr'>ς).</span> <span class='ocrx_word' id='word_1_336' title='bbox 1275 2617 1319 2644; x_wconf 91' lang='lat' dir='ltr'>A:</span> <span class='ocrx_word' id='word_1_337' title='bbox 1344 2616 1503 2654; x_wconf 78' lang='lat' dir='ltr'>adiectam.</span> <span class='ocrx_word' id='word_1_338' title='bbox 1577 2624 1606 2652; x_wconf 81' lang='lat'>9,</span> <span class='ocrx_word' id='word_1_339' title='bbox 1629 2624 1669 2643; x_wconf 84' lang='lat'>10.</span> <span class='ocrx_word' id='word_1_340' title='bbox 1692 2615 1732 2643; x_wconf 78' lang='lat' dir='ltr'>D:</span> 
     </span>
     <span class='ocr_line' id='line_1_48' title="bbox 422 2650 1731 2687; baseline -0.002 -8"><span class='ocrx_word' id='word_1_341' title='bbox 422 2651 597 2687; x_wconf 67' lang='lat' dir='ltr'>crucifigent</span> <span class='ocrx_word' id='word_1_342' title='bbox 618 2652 827 2679; x_wconf 80' lang='lat' dir='ltr'>conformiter.</span> <span class='ocrx_word' id='word_1_343' title='bbox 951 2651 987 2679; x_wconf 62' lang='lat'>12³.</span> <span class='ocrx_word' id='word_1_344' title='bbox 1009 2652 1081 2679; x_wconf 69' lang='lat' dir='ltr'>Ab:</span> <span class='ocrx_word' id='word_1_345' title='bbox 1103 2652 1181 2679; x_wconf 84' lang='lat' dir='ltr'>sicut</span> <span class='ocrx_word' id='word_1_346' title='bbox 1202 2651 1338 2687; x_wconf 81' lang='lat' dir='ltr'>spiritus.</span> <span class='ocrx_word' id='word_1_347' title='bbox 1459 2656 1500 2678; x_wconf 80' lang='grc'>11).</span> <span class='ocrx_word' id='word_1_348' title='bbox 1521 2650 1566 2678; x_wconf 90' lang='lat' dir='ltr'>A:</span> <span class='ocrx_word' id='word_1_349' title='bbox 1587 2650 1616 2677; x_wconf 92' lang='lat' dir='ltr'>in</span> <span class='ocrx_word' id='word_1_350' title='bbox 1638 2650 1731 2678; x_wconf 83' lang='lat' dir='ltr'>deest.</span> 
     </span>
     <span class='ocr_line' id='line_1_49' title="bbox 423 2684 1732 2722; baseline -0.002 -8"><span class='ocrx_word' id='word_1_351' title='bbox 423 2695 462 2714; x_wconf 90' lang='grc'>21.</span> <span class='ocrx_word' id='word_1_352' title='bbox 483 2687 526 2714; x_wconf 84' lang='lat' dir='ltr'><strong>A:</strong></span> <span class='ocrx_word' id='word_1_353' title='bbox 549 2687 701 2722; x_wconf 88' lang='lat' dir='ltr'>completa</span> <span class='ocrx_word' id='word_1_354' title='bbox 721 2702 754 2705; x_wconf 97' lang='lat'><strong>—</strong></span> <span class='ocrx_word' id='word_1_355' title='bbox 775 2691 819 2713; x_wconf 89' lang='lat' dir='ltr'>est</span> <span class='ocrx_word' id='word_1_356' title='bbox 840 2686 934 2714; x_wconf 84' lang='lat' dir='ltr'>deest.</span> <span class='ocrx_word' id='word_1_357' title='bbox 1033 2694 1076 2714; x_wconf 86' lang='lat'>22.</span> <span class='ocrx_word' id='word_1_358' title='bbox 1097 2687 1126 2714; x_wconf 88' lang='lat' dir='ltr'><strong>A</strong></span> <span class='ocrx_word' id='word_1_359' title='bbox 1146 2686 1175 2713; x_wconf 88' lang='lat' dir='ltr'>in</span> <span class='ocrx_word' id='word_1_360' title='bbox 1198 2694 1312 2722; x_wconf 85' lang='lat' dir='ltr'>marg.:</span> <span class='ocrx_word' id='word_1_361' title='bbox 1333 2685 1525 2714; x_wconf 81' lang='lat' dir='ltr'>Aristoteles.</span> <span class='ocrx_word' id='word_1_362' title='bbox 1625 2684 1667 2712; x_wconf 83' lang='lat'>23.</span> <span class='ocrx_word' id='word_1_363' title='bbox 1687 2685 1732 2712; x_wconf 86' lang='lat' dir='ltr'>A:</span> 
     </span>
     <span class='ocr_line' id='line_1_50' title="bbox 424 2719 1731 2755; baseline -0.002 -7"><span class='ocrx_word' id='word_1_364' title='bbox 424 2721 522 2748; x_wconf 86' lang='lat' dir='ltr'>solum</span> <span class='ocrx_word' id='word_1_365' title='bbox 545 2721 639 2748; x_wconf 86' lang='lat' dir='ltr'>deest.</span> <span class='ocrx_word' id='word_1_366' title='bbox 713 2729 757 2755; x_wconf 80' lang='grc'>27,</span> <span class='ocrx_word' id='word_1_367' title='bbox 773 2721 817 2748; x_wconf 79' lang='lat'>28.</span> <span class='ocrx_word' id='word_1_368' title='bbox 834 2722 878 2748; x_wconf 85' lang='lat' dir='ltr'>A:</span> <span class='ocrx_word' id='word_1_369' title='bbox 901 2721 937 2748; x_wconf 88' lang='lat' dir='ltr'>de</span> <span class='ocrx_word' id='word_1_370' title='bbox 965 2721 1090 2748; x_wconf 54' lang='lat' dir='ltr'>nrt-senti</span> <span class='ocrx_word' id='word_1_371' title='bbox 1112 2720 1205 2748; x_wconf 85' lang='lat' dir='ltr'>deest.</span> <span class='ocrx_word' id='word_1_372' title='bbox 1280 2719 1323 2747; x_wconf 88' lang='lat'>28.</span> <span class='ocrx_word' id='word_1_373' title='bbox 1344 2721 1389 2748; x_wconf 86' lang='lat' dir='ltr'>A:</span> <span class='ocrx_word' id='word_1_374' title='bbox 1410 2727 1490 2747; x_wconf 85' lang='lat' dir='ltr'>nunc</span> <span class='ocrx_word' id='word_1_375' title='bbox 1510 2719 1610 2750; x_wconf 88' lang='lat' dir='ltr'>deest:</span> <span class='ocrx_word' id='word_1_376' title='bbox 1631 2719 1671 2746; x_wconf 90' lang='lat' dir='ltr'>ib.</span> <span class='ocrx_word' id='word_1_377' title='bbox 1688 2720 1731 2747; x_wconf 94' lang='lat' dir='ltr'>A:</span> 
     </span>
     <span class='ocr_line' id='line_1_51' title="bbox 423 2753 1732 2791; baseline -0.002 -9"><span class='ocrx_word' id='word_1_378' title='bbox 423 2756 451 2782; x_wconf 83' lang='lat' dir='ltr'>in</span> <span class='ocrx_word' id='word_1_379' title='bbox 474 2760 612 2791; x_wconf 86' lang='lat' dir='ltr'>tempore</span> <span class='ocrx_word' id='word_1_380' title='bbox 634 2755 721 2782; x_wconf 79' lang='lat' dir='ltr'>vobis</span> <span class='ocrx_word' id='word_1_381' title='bbox 741 2760 858 2791; x_wconf 85' lang='lat' dir='ltr'>aperto.</span> <span class='ocrx_word' id='word_1_382' title='bbox 949 2756 987 2783; x_wconf 89' lang='grc'>’1.</span> <span class='ocrx_word' id='word_1_383' title='bbox 1009 2756 1051 2783; x_wconf 86' lang='lat' dir='ltr'>I):</span> <span class='ocrx_word' id='word_1_384' title='bbox 1072 2760 1161 2783; x_wconf 84' lang='lat' dir='ltr'>erunt</span> <span class='ocrx_word' id='word_1_385' title='bbox 1181 2760 1253 2783; x_wconf 89' lang='lat' dir='ltr'>tunc</span> <span class='ocrx_word' id='word_1_386' title='bbox 1273 2759 1353 2782; x_wconf 87' lang='lat' dir='ltr'>sunt.</span> <span class='ocrx_word' id='word_1_387' title='bbox 1444 2753 1487 2782; x_wconf 86' lang='lat'>33.</span> <span class='ocrx_word' id='word_1_388' title='bbox 1508 2755 1554 2782; x_wconf 85' lang='lat' dir='ltr'>A.-</span> <span class='ocrx_word' id='word_1_389' title='bbox 1575 2754 1732 2782; x_wconf 85' lang='lat' dir='ltr'>memorie.</span> 
     </span>
    </p>
   </div>
   <div class='ocr_carea' id='block_1_12' title="bbox 424 2789 787 2818">
    <p class='ocr_par' dir='ltr' id='par_1_12' title="bbox 424 2789 787 2818">
     <span class='ocr_line' id='line_1_52' title="bbox 424 2789 787 2818; baseline -0.003 -1"><span class='ocrx_word' id='word_1_390' title='bbox 424 2789 468 2817; x_wconf 70' lang='lat'>315.</span> <span class='ocrx_word' id='word_1_391' title='bbox 491 2791 535 2817; x_wconf 84' lang='lat' dir='ltr'>A:</span> <span class='ocrx_word' id='word_1_392' title='bbox 557 2789 671 2818; x_wconf 83' lang='lat' dir='ltr'>Christi</span> <span class='ocrx_word' id='word_1_393' title='bbox 695 2790 787 2818; x_wconf 86' lang='lat' dir='ltr'>deest.</span> 
     </span>
    </p>
   </div>
   <div class='ocr_carea' id='block_1_13' title="bbox 422 2847 1732 2986">
    <p class='ocr_par' dir='ltr' id='par_1_13' title="bbox 422 2847 1732 2986">
     <span class='ocr_line' id='line_1_53' title="bbox 499 2847 1732 2894; baseline -0.002 -12"><span class='ocrx_word' id='word_1_394' title='bbox 499 2861 548 2882; x_wconf 90' lang='lat'>10.</span> <span class='ocrx_word' id='word_1_395' title='bbox 566 2851 619 2882; x_wconf 86' lang='lat' dir='ltr'>Ps.</span> <span class='ocrx_word' id='word_1_396' title='bbox 636 2851 758 2889; x_wconf 79' lang='lat' dir='ltr'>XLIV,</span> <span class='ocrx_word' id='word_1_397' title='bbox 775 2850 806 2882; x_wconf 87' lang='grc'>3.</span> <span class='ocrx_word' id='word_1_398' title='bbox 884 2862 934 2892; x_wconf 83' lang='grc'>14.</span> <span class='ocrx_word' id='word_1_399' title='bbox 951 2851 1001 2884; x_wconf 93' lang='lat' dir='ltr'>Cf.</span> <span class='ocrx_word' id='word_1_400' title='bbox 1019 2851 1069 2883; x_wconf 90' lang='lat' dir='ltr'>De</span> <span class='ocrx_word' id='word_1_401' title='bbox 1085 2850 1251 2892; x_wconf 80' lang='lat' dir='ltr'>Ecclesia,</span> <span class='ocrx_word' id='word_1_402' title='bbox 1270 2860 1348 2894; x_wconf 80' lang='lat' dir='ltr'>pag.</span> <span class='ocrx_word' id='word_1_403' title='bbox 1364 2850 1394 2890; x_wconf 85' lang='lat'>3,</span> <span class='ocrx_word' id='word_1_404' title='bbox 1415 2847 1463 2882; x_wconf 83' lang='lat'>16.</span> <span class='ocrx_word' id='word_1_405' title='bbox 1539 2858 1594 2881; x_wconf 90' lang='lat'>20.</span> <span class='ocrx_word' id='word_1_406' title='bbox 1612 2848 1732 2881; x_wconf 85' lang='lat' dir='ltr'>Matth.</span> 
     </span>
     <span class='ocr_line' id='line_1_54' title="bbox 422 2894 1732 2940; baseline -0.001 -12"><span class='ocrx_word' id='word_1_407' title='bbox 422 2897 542 2935; x_wconf 87' lang='lat' dir='ltr'>XXIII,</span> <span class='ocrx_word' id='word_1_408' title='bbox 572 2896 630 2936; x_wconf 78' lang='lat'>34:</span> <span class='ocrx_word' id='word_1_409' title='bbox 658 2897 922 2940; x_wconf 74' lang='lat' dir='ltr'>Per-sequemini</span> <span class='ocrx_word' id='word_1_410' title='bbox 942 2921 949 2929; x_wconf 90' lang='lat'>.</span> <span class='ocrx_word' id='word_1_411' title='bbox 968 2921 974 2928; x_wconf 96' lang='lat'>.</span> <span class='ocrx_word' id='word_1_412' title='bbox 994 2921 1001 2928; x_wconf 94' lang='lat'>.</span> <span class='ocrx_word' id='word_1_413' title='bbox 1021 2921 1028 2929; x_wconf 94' lang='lat'>.</span> <span class='ocrx_word' id='word_1_414' title='bbox 1197 2907 1250 2929; x_wconf 84' lang='lat'>22.</span> <span class='ocrx_word' id='word_1_415' title='bbox 1277 2895 1482 2928; x_wconf 76' lang='lat' dir='ltr'>Aristoteles</span> <span class='ocrx_word' id='word_1_416' title='bbox 1510 2894 1596 2928; x_wconf 80' lang='lat'><strong>2253</strong></span> <span class='ocrx_word' id='word_1_417' title='bbox 1617 2905 1646 2935; x_wconf 77' lang='lat' dir='ltr'>a,</span> <span class='ocrx_word' id='word_1_418' title='bbox 1674 2894 1732 2936; x_wconf 81' lang='lat'>313</span> 
     </span>
     <span class='ocr_line' id='line_1_55' title="bbox 429 2943 922 2986; baseline -0.002 -11"><span class='ocrx_word' id='word_1_419' title='bbox 429 2943 513 2975; x_wconf 81' lang='lat'>1150</span> <span class='ocrx_word' id='word_1_420' title='bbox 533 2953 562 2982; x_wconf 85' lang='lat' dir='ltr'>a,</span> <span class='ocrx_word' id='word_1_421' title='bbox 591 2943 696 2983; x_wconf 86' lang='lat'><strong>3—8;</strong></span> <span class='ocrx_word' id='word_1_422' title='bbox 721 2944 790 2986; x_wconf 82' lang='lat'>950</span> <span class='ocrx_word' id='word_1_423' title='bbox 810 2944 842 2983; x_wconf 93' lang='lat' dir='ltr'>b,</span> <span class='ocrx_word' id='word_1_424' title='bbox 868 2944 922 2975; x_wconf 84' lang='lat'>32.</span> 
     </span>
    </p>
   </div>
  </div>
 </body>
</html>
