1986 3380
163 922 201 944 10

165 1200 199 1233 15

162 1501 203 1523 20

163 1781 202 1814 25

163 2071 206 2103 30

167 2361 207 2393 35

215 278 350 306 SERMO
374 266 467 323 ΗΧ]
721 277 858 309 PRIMA
889 276 1012 306 PARs.

1733 263 1782 307 43

1794 275 1810 283 ,-

1797 284 1809 309 l

216 387 384 423 istorum
426 386 699 422 membrorum
743 383 888 419 habere
934 381 1158 416 mercedem
1201 379 1405 426 propriam
1446 379 1528 414 sine
1566 385 1747 419 Exposilion
1770 389 1797 411 01

218 445 307 480 fine.
342 444 453 480 Sicut
487 442 592 479 enim
627 441 803 489 quinque
835 438 1007 487 virgines
1031 438 1247 486 prudentes
1280 436 1529 472 circulariter

217 512 253 539 et
286 510 481 550 perpetuo
514 501 745 548 gaudebunt
778 498 817 534 in
851 496 1111 540 beatitudine,
1158 494 1213 531 sic
1246 494 1422 542 quinque
1454 493 1529 530 vir-

216 560 324 608 gines
357 560 463 596 fatue
497 556 746 594 circulariter
780 565 815 592 et
855 563 1049 603 perpetuo
1084 553 1275 589 dolebunt
1318 551 1356 587 in
1391 553 1528 599 damp-

216 612 396 654 nacione.
453 614 672 652 prudencia
713 622 845 650 autem
887 613 1062 661 quinque
1105 610 1301 658 virginum
1348 609 1528 657 priorum

216 684 294 712 stat
327 674 366 710 in
400 675 475 710 hoc
509 674 615 721 quod
659 680 900 719 acceperunt
939 671 1071 706 oleum
1111 669 1149 704 in
1188 667 1291 705 vasis
1325 667 1405 703 suis
1440 680 1528 703 cum

215 732 489 780 lampadibus:
528 730 744 778 virginibus
785 738 916 765 autem
957 727 1074 764 fatuis
1108 727 1239 763 oleum
1275 734 1381 761 recte
1414 726 1530 761 devo-

217 790 342 826 cionis
395 789 537 829 defuit:
592 801 682 824 vasa
728 796 861 823 autem
914 795 1003 822 sunt
1054 784 1239 833 potencie
1292 783 1426 819 anime
1470 783 1530 818 vel

216 848 418 884 naturales
463 855 596 895 partes
643 845 848 882 exterioris
895 843 1082 888 hominis,
1130 855 1218 879 curn
1266 840 1402 877 omnia
1456 840 1530 876 ista

217 904 383 954 capacia
421 904 499 941 sint
538 905 737 940 bonorum
778 915 945 950 operum
993 910 1030 937 et
1070 898 1407 949 consequencium
1444 911 1531 946 pre-

217 964 404 1000 miorum.
451 963 673 1011 Lampades
705 969 837 996 autem
872 968 962 996 sunt
1002 961 1106 995 bona
1139 971 1262 1007 opera
1302 958 1349 993 de
1389 969 1531 1004 genere

217 1020 478 1070 superaddita
510 1019 596 1056 istis
629 1018 751 1063 vasis:
798 1019 920 1054 oleum
956 1030 1049 1053 vero
1082 1018 1189 1065 quod
1225 1017 1341 1052 debet
1376 1027 1459 1051 esse
1493 1014 1531 1049 in

216 1080 300 1116 istis
334 1078 588 1126 lampadibus
622 1086 678 1113 est
712 1076 921 1113 caritativa
955 1074 1120 1111 devocio
1146 1087 1221 1122 que
1255 1074 1372 1109 debet
1404 1072 1531 1108 inesse

216 1137 301 1174 istis
348 1136 550 1185 operibus.
597 1135 708 1172 Sicut
753 1134 858 1171 enim
905 1134 1038 1169 oleum
1085 1145 1164 1169 non
1209 1130 1428 1178 refrigescit
1470 1130 1531 1166 vel

217 1195 324 1244 capit
357 1194 641 1242 impressiones
665 1192 812 1229 solidas
837 1191 1066 1240 peregrinas
1090 1199 1256 1239 propter
1280 1187 1531 1226 commixtio-

216 1266 308 1290 nem
343 1252 519 1289 debitam
554 1251 654 1300 ignis
688 1260 723 1287 et
758 1250 875 1291 aeriS,
922 1249 976 1285 sic
1010 1262 1049 1285 se
1091 1250 1209 1285 habet
1243 1246 1398 1283 mistice
1431 1245 1533 1282 cari-

216 1311 340 1348 tativa
387 1310 551 1347 devocio
604 1313 661 1354 (ut
714 1310 891 1345 declarat
937 1307 1154 1358 Apostolus
1200 1308 1211 1342 I
1260 1307 1351 1342 Cor.
1396 1305 1532 1348 X1110).

217 1372 266 1406 Et
298 1371 371 1406 hec
404 1377 462 1405 est
501 1368 610 1405 racio
645 1379 768 1415 quare
802 1365 1050 1413 evangelium
1086 1364 1181 1400 dicit
1215 1364 1323 1412 quod
1356 1362 1532 1411 quinque

217 1427 388 1475 virgines
422 1427 528 1463 fatue
561 1427 609 1462 ab
640 1425 880 1473 accepcione
913 1423 993 1459 olei
1024 1423 1247 1467 defuerunt,
1282 1420 1375 1469 quia
1407 1432 1533 1468 usque

219 1485 259 1522 in
282 1485 402 1522 finem
427 1484 550 1521 defuit
573 1483 649 1519 illis
677 1482 884 1519 caritativa
910 1480 1089 1526 devocio,
1121 1482 1188 1516 sed
1215 1482 1225 1516 l
1252 1480 1343 1516 Cor.
1369 1480 1490 1523 X1110,
1516 1490 1525 1513 1

219 1543 315 1580 dicit
360 1542 541 1580 Christus
594 1541 633 1577 in
688 1554 759 1577 suo
802 1540 1018 1589 Apostolo:
1065 1539 1108 1574 Si
1151 1538 1294 1588 linguis
1339 1536 1533 1572 hominum

219 1602 356 1650 loquar
387 1609 421 1637 et
453 1601 700 1650 angelorum,
732 1599 932 1635 caritatem
956 1605 1082 1633 autem
1107 1609 1179 1632 non
1204 1596 1378 1641 habeam,
1397 1595 1535 1643 factus

217 1672 301 1696 sum
336 1659 437 1695 velut
468 1671 507 1694 es
538 1670 679 1694 sonans
711 1665 776 1692 aut
808 1656 1031 1707 cymbalum
1066 1654 1238 1690 tinniens.
1274 1655 1322 1689 Et
1354 1654 1426 1689 sub
1459 1651 1535 1688 ista

219 1716 381 1754 racione
415 1715 493 1752 dixi
517 1727 609 1764 sepe
642 1714 853 1751 scolastice
886 1715 994 1762 quod
1029 1711 1225 1761 quidquid
1251 1720 1288 1747 et
1321 1718 1535 1759 quantum-

221 1787 377 1824 cunque
410 1787 511 1823 opus
544 1775 693 1810 bonum
721 1775 768 1809 de
800 1784 943 1820 genere
966 1770 1096 1808 viator
1128 1769 1279 1811 fecerit,
1305 1781 1385 1805 non
1409 1780 1536 1804 mere-

221 1843 286 1870 tur
318 1831 608 1870 beatitudinem
643 1833 739 1867 dum
772 1830 900 1867 caruit
934 1829 1113 1866 caritate.

278 1893 327 1927 Et
358 1899 468 1939 patet
500 1891 576 1927 hoc
617 1890 734 1938 plane
774 1901 817 1926 ex
856 1888 933 1924 fide
967 1886 1138 1935 duplicis
1172 1884 1364 1933 evangelii
1399 1896 1538 1932 supra-

222 1949 336 1986 dicti:
369 1949 527 1985 Moram
550 1955 676 1984 autem
690 1947 864 1996 faciente
895 1958 1035 1995 sponso
1066 1944 1377 1980 dormitaverunt
1409 1953 1539 1977 omnes

221 2016 257 2045 et
289 2007 543 2044 dormierunt.
579 2005 759 2042 Christus
792 2004 955 2040 indubie
989 2012 1047 2040 est
1071 2015 1241 2051 sponsus
1274 2000 1478 2050 predictus
1502 2008 1539 2035 et

223 2064 391 2102 ecclesia
423 2077 570 2112 sponsa
602 2076 685 2100 sua.
719 2063 835 2099 Mora
860 2070 993 2099 autem
1029 2074 1149 2109 quam
1184 2059 1278 2096 facit
1302 2067 1358 2095 est
1392 2056 1538 2094 dilacio

223 2122 354 2160 finalis
384 2121 533 2159 iudicii.
568 2121 811 2157 Dormitacio
839 2133 932 2157 vero
963 2128 1083 2167 atque
1107 2118 1294 2154 dormicio
1318 2117 1537 2153 secundum

223 2190 383 2218 sanctos
423 2179 637 2229 dupliciter
677 2191 771 2216 sane
810 2186 978 2227 possunt
1018 2176 1203 2224 intelligi:
1244 2174 1376 2223 primo
1417 2174 1539 2210 modo

223 2253 297 2288 pro
330 2247 461 2276 morte
494 2250 569 2287 que
610 2246 666 2274 est
707 2236 891 2274 carencia
929 2235 1007 2272 vite
1045 2233 1239 2271 naturalis
1279 2232 1320 2269 in
1353 2243 1536 2280 corpore,

228 2299 350 2334 modo
374 2309 453 2346 quo
476 2296 654 2345 loquitur
678 2294 926 2343 evangelium
950 2291 1142 2329 Johannis
1165 2293 1250 2336 XIO,
1274 2303 1334 2326 11:
1361 2291 1540 2342 Lazarus

224 2356 371 2392 amicus
402 2362 533 2391 noster
565 2353 720 2390 dormit.
754 2352 1001 2400 Accipiendo
1025 2359 1159 2387 autem
1195 2348 1419 2398 predictam
1454 2346 1540 2383 uni-

224 2413 454 2451 versitatem
504 2410 853 2460 catagreumatice‚
900 2418 1009 2458 patet
1054 2409 1161 2457 quod
1210 2407 1277 2444 illa
1321 2406 1539 2442 secundum

226 2474 324 2509 duas
356 2479 490 2520 partes
524 2469 765 2506 dormitasse
800 2467 945 2505 dicitur
984 2476 1021 2503 et
1055 2465 1264 2508 dormisse,
1305 2463 1541 2512 accipiendo

223 2543 317 2567 vero
350 2527 765 2578 syncatagreumatice
797 2527 941 2563 falsum
966 2524 1122 2562 videtur
1154 2524 1262 2572 quod
1291 2521 1435 2570 singuli
1459 2530 1541 2557 tam

225 2587 543 2625 dormitaverunt
581 2598 702 2635 quam
737 2584 863 2621 eciam
903 2583 1165 2620 dormierunt.
1221 2580 1279 2618 Illi
1319 2588 1452 2617 autem
1492 2579 1542 2615 ad

295 2719 315 2745 1,
336 2718 362 2738 2.
383 2709 451 2737 DE:
474 2717 543 2736 cum
565 2709 631 2736 finer
697 2708 723 2734 8.
746 2707 770 2734 Ε
790 2707 820 2734 in
843 2714 956 2741 marg:
978 2706 1071 2733 Vasa.
1138 2713 1178 2732 10.
1199 2705 1243 2732 A:
1267 2708 1347 2730 sunt.
1413 2710 1446 2730 ιι.
1468 2701 1492 2728 Ε
1512 2701 1542 2728 in

226 2753 339 2781 marg.:
361 2744 545 2780 Lampades.
626 2741 663 2770 13.
685 2743 729 2770 A:
752 2741 951 2777 lampidibus,
1026 2740 1062 2768 15.
1083 2740 1152 2768 DE:
1174 2739 1301 2775 gelidas.
1376 2737 1414 2770 15,
1437 2736 1477 2764 16.
1498 2736 1542 2763 A:

225 2780 460 2808 comestionem.
602 2785 646 2805 22.
668 2778 711 2805 A:
734 2781 762 2804 et
781 2777 961 2811 angelorum
982 2775 1076 2802 deest.
1215 2781 1259 2808 27.
1280 2772 1348 2800 DE:
1371 2772 1428 2799 fide
1449 2771 1541 2798 deest.

225 2823 273 2850 29,
294 2813 340 2842 30.
361 2815 406 2842 A:
428 2813 586 2849 predictus
606 2813 635 2840 in
657 2811 794 2839 ecclesia.
882 2818 927 2838 20.
948 2811 992 2838 A:
1016 2818 1131 2845 sponsa
1153 2817 1206 2836 sun
1228 2809 1321 2835 deest.
1409 2805 1451 2833 32.
1474 2805 1541 2832 DE:

227 2854 336 2885 potest.
453 2848 498 2882 34.
521 2848 545 2875 E
565 2848 594 2875 in
617 2855 730 2882 marg:
752 2845 944 2873 Dormitacio
965 2849 992 2872 et
1013 2844 1174 2872 dormicio.
1289 2842 1337 2876 36,
1357 2841 1402 2869 38.
1425 2840 1542 2868 (lodda

226 2897 391 2954 categr‘ssee?
464 2916 509 2944 38.
531 2916 572 2944 D:
593 2916 677 2943 salse.
751 2914 797 2950 39.
818 2914 888 2942 DE:
909 2913 1005 2941 eciam
1026 2913 1118 2940 deest.

1579 420 1627 446 [lie
1649 420 1781 454 paruble.
