1986 3380
177 298 252 334 282

224 420 244 447 11
267 421 394 447 rimatio·

217 456 304 481 make
327 456 399 482 salse

209 490 327 518 claims,
351 490 398 516 tlte

169 525 247 550 stan]
268 524 302 551 (η’
317 525 445 559 prelates

215 559 240 585 is
263 559 291 585 in
315 560 398 587 tanlt.

168 1345 329 1373 lixecssive
351 1348 435 1374 xalne

168 1386 211 1408 set
232 1389 270 1408 on
294 1382 434 1416 prelatos*

231 1416 370 1443 licenses.

715 310 937 342 JOHANNIS
960 311 1139 342 wYeLlF
1158 311 1412 343 SERMONUM
1438 297 1590 354 [SERMO
1606 308 1773 337 XXXVIH,

464 417 537 452 hoc
555 426 687 452 tamen
705 417 897 464 contingit
923 417 958 452 in
987 417 1129 453 minori
1156 427 1267 465 parte
1292 427 1326 453 et
1353 419 1596 464 prelatorum
1623 418 1773 455 desidia

462 483 518 509 est
553 474 590 510 in
625 487 757 510 causa.
793 475 831 510 si
858 475 959 511 enim
997 475 1164 512 ecclesia
1188 475 1425 523 generaliter
1457 476 1555 512 soret
1581 476 1774 513 instructa

462 531 498 566 in
534 532 609 568 lide
643 532 842 569 catholica
888 546 955 580 per
990 535 1163 580 prelatos
1203 542 1238 570 et
1278 535 1384 581 quod
1419 533 1646 582 quicunque
1681 547 1772 570 con-

460 590 673 626 travenerit
697 604 764 626 sue
788 590 987 627 sentencie
1004 592 1062 626 rel
1087 591 1331 628 contrariam
1357 601 1424 627 aut
1448 591 1770 639 impertinentem

459 657 686 684 extraneam
739 648 918 684 docuerit
965 649 1013 684 sit
1058 659 1264 697 tamquam
1310 659 1495 697 apostata
1549 649 1770 697 fugiendus,

459 714 552 742 tunc
587 715 694 741 totus
727 707 899 754 populus
923 706 1096 742 abiceret
1131 708 1250 743 talem
1276 707 1493 744 hereticum
1528 721 1600 744 nec
1633 721 1772 756 accep-

460 773 560 799 taret
585 777 698 799 suum
725 777 932 800 venenum.
968 766 1089 800 Modo
1114 774 1247 801 autem
1272 765 1405 802 deficit
1426 766 1464 801 in
1489 765 1652 813 prelatis
1675 779 1771 803 sana

460 821 642 858 doctrina
688 834 757 869 per
802 835 921 870 quam
970 823 1138 858 heresim
1187 824 1307 859 talem
1354 824 1526 871 populus
1571 823 1772 860 subiectus

459 880 699 917 destrueret:
734 881 802 915 sed
837 890 942 916 secte
974 882 1129 917 novelle
1162 894 1238 929 que
1270 881 1399 917 verbis
1432 881 1702 929 prurientibus
1736 892 1772 919 et

459 937 621 984 prelatis
655 938 993 985 applaudentibus
1026 939 1156 975 sciunt
1190 940 1386 987 populum
1420 939 1594 987 spoliare
1627 950 1717 976 sunt
1751 954 1771 977 a

459 995 621 1042 prelatis
654 995 827 1032 admisse
867 1005 903 1032 et
937 997 1003 1033 alii
1038 997 1109 1033 viri
1149 997 1363 1045 evangelici
1398 1010 1419 1034 a
1454 1000 1537 1033 Deo
1571 998 1701 1034 edocti
1736 1008 1771 1035 et

459 1053 565 1089 missi
611 1056 668 1092 t'ut
708 1053 943 1101 plurimum>
987 1054 1114 1091 eiecti.
1162 1057 1208 1091 Et
1253 1055 1293 1091 in
1331 1055 1407 1091 isto
1454 1055 1772 1103 multiplicantur

457 1111 699 1147 tradiciones
740 1111 877 1148 frivole
915 1112 1164 1153 Antichristi,
1212 1123 1253 1149 ut
1292 1126 1372 1150 non
1416 1114 1624 1150 laboratur
1664 1116 1770 1163 quod

456 1170 628 1216 populus
661 1169 759 1206 sciat
793 1183 956 1206 causam
990 1180 1026 1207 et
1061 1172 1184 1217 legem
1211 1172 1279 1208 Dei
1315 1172 1538 1214 defendere,
1573 1174 1641 1208 sed
1674 1186 1771 1221 quo-

459 1229 579 1263 modo
614 1229 790 1275 prelatus
824 1229 939 1264 debet
979 1242 1135 1265 servum
1171 1229 1241 1265 Dei
1277 1239 1313 1266 et
1346 1243 1460 1266 suum
1496 1231 1768 1267 adversarium

457 1285 591 1321 statim
627 1285 867 1332 extinguere.

515 1345 561 1378 Et
594 1353 703 1391 patet
737 1346 912 1380 secundo
952 1345 1197 1392 prelatorum
1241 1345 1484 1382 cesariorum
1521 1347 1769 1395 blasphemia

456 1401 522 1448 qui
557 1402 829 1449 dogmatizant
863 1411 1044 1450 patenter
1083 1404 1190 1451 quod
1225 1416 1270 1439 eo
1304 1403 1390 1451 ipso
1424 1418 1503 1453 quo
1544 1405 1598 1441 illi
1633 1418 1770 1453 quem-

457 1472 576 1506 quam
612 1459 824 1496 habilitant
858 1462 906 1497 ad
941 1460 1231 1508 predicandum
1264 1462 1325 1497 vel
1358 1462 1466 1499 aliud
1505 1463 1767 1499 ministerium

456 1517 621 1553 ecclesie
667 1518 907 1559 faciendum,
956 1532 1002 1555 eo
1041 1519 1128 1566 ipso
1169 1528 1225 1555 est
1266 1519 1408 1556 habilis
1441 1522 1575 1569 quoad
1621 1522 1768 1560 Deum:

456 1576 523 1611 sed
563 1585 656 1612 tunc
695 1576 857 1613 indubie
897 1577 1025 1612 forent
1067 1579 1185 1613 Deus.
1234 1578 1324 1614 Ideo
1365 1580 1480 1615 docet
1521 1579 1766 1626 evangelium

456 1635 564 1682 quod
609 1634 757 1670 Christi
808 1634 993 1683 discipuli
1040 1645 1179 1683 rogent
1229 1635 1437 1672 dominum
1484 1636 1635 1675 messis.
1689 1650 1768 1673 non

455 1693 654 1739 prelatum
689 1692 899 1734 cesarium,
940 1702 981 1729 ut
1023 1693 1154 1730 mittat
1193 1693 1401 1742 operarios
1434 1696 1483 1731 ad
1524 1697 1767 1734 metendum,

455 1749 549 1798 quia
587 1749 662 1786 nisi
701 1750 785 1798 ipse
826 1750 978 1787 miserit
1018 1760 1101 1787 tota
1141 1751 1218 1788 alia
1264 1752 1401 1788 missio
1446 1753 1666 1800 ypocritica
1712 1763 1768 1789 est

454 1821 663 1844 venenum.
719 1810 765 1844 Et
810 1818 919 1856 patet
964 1809 1089 1845 tercio
1135 1811 1242 1857 quod
1288 1812 1393 1846 Deus
1436 1812 1518 1847 vult
1565 1811 1766 1848 hominem

457 1866 598 1902 mereri
638 1868 792 1903 orando
831 1880 904 1914 pro
945 1867 1013 1903 illo
1053 1869 1159 1915 quod
1200 1868 1360 1904 ordinat
1402 1868 1475 1904 sibi
1510 1869 1607 1905 dari.
1663 1871 1768 1905 Deus

456 1924 560 1960 enim
600 1924 761 1961 ordinat
799 1938 892 1961 suos
932 1924 1150 1972 discipulos
1185 1927 1233 1962 ad
1273 1926 1536 1974 spiritualiter
1569 1927 1767 1964 seminan-

455 1984 563 2027 dum,
605 1991 640 2018 et
674 1991 807 2018 tamen
846 1983 927 2019 vult
968 1985 1074 2031 quod
1115 1993 1228 2020 orent
1268 1983 1398 2032 ipsum
1440 1994 1475 2020 et
1516 1987 1687 2022 habeant
1720 1987 1768 2022 ab

455 2053 501 2076 eo
534 2040 744 2077 licenciam
778 2042 827 2077 ad
851 2040 984 2077 taliter
1007 2043 1271 2089 operandum.
1307 2044 1383 2079 Sed
1407 2051 1534 2079 totum
1562 2044 1637 2080 hoc
1660 2053 1768 2091 patet

456 2098 494 2134 in
528 2098 694 2135 materia
729 2100 775 2134 de
808 2098 1045 2135 necessitate
1079 2109 1115 2136 et
1149 2099 1429 2147 contingencia
1463 2101 1704 2137 futurorum.

512 2157 658 2192 Elaites
695 2164 819 2192 aulem
855 2157 1069 2205 predicate,
1114 2158 1279 2194 dicentes
1322 2159 1408 2207 quia
1446 2160 1769 2208 appropinquavit

455 2227 618 2263 regnum
643 2215 825 2250 celorum.
853 2215 1032 2264 Infirmos
1046 2224 1191 2262 curate,
1208 2224 1381 2252 mortuos
1395 2217 1575 2253 suscitate
1595 2218 1769 2266 leprosos

455 2273 654 2308 mundate:
667 2273 797 2322 gratis
812 2273 1024 2322 accepistis,
1041 2274 1170 2323 gratis
1186 2275 1284 2310 date.
1302 2276 1343 2310 ln
1360 2288 1439 2322 quo
1455 2283 1561 2311 textu
1579 2274 1768 2323 Magister

454 2329 630 2377 optimus
664 2332 780 2366 docet
814 2330 956 2367 missos
994 2343 1086 2367 suos
1125 2333 1331 2380 quomodo
1365 2334 1509 2369 debent
1548 2335 1766 2369 secundum

455 2388 625 2424 formam
650 2387 940 2436 quintuplicem
968 2388 1206 2435 ministrare,
1234 2399 1270 2426 et
1294 2389 1425 2438 primo
1449 2403 1568 2439 quam
1595 2391 1765 2427 formam

454 2447 598 2482 debent
639 2445 677 2481 in
721 2446 972 2483 sermonibus
1016 2448 1240 2484 observare.
1285 2449 1389 2484 Tota
1424 2448 1527 2484 enim
1565 2448 1766 2485 sentencia

454 2503 686 2551 predicandi
710 2513 787 2540 stat
808 2504 848 2540 in
864 2504 940 2541 isto
956 2506 1063 2553 quod
1080 2517 1245 2553 regnum
1270 2506 1462 2551 celorum,
1486 2515 1567 2543 tarn
1585 2507 1766 2544 Christus

525 2646 542 2665 1.
564 2639 607 2665 A:
629 2643 656 2665 et
677 2638 769 2666 deest.
878 2639 902 2674 3,
923 2648 954 2674 4.
976 2640 1019 2667 A:
1041 2640 1266 2667 contrarierint.
1376 2640 1404 2675 (ἆ,
1426 2649 1451 2676 7.
1475 2640 1541 2668 lnjz
1563 2645 1764 2675 acceptarent.

453 2681 479 2707 γ,
501 2674 527 2698 8.
551 2673 617 2700 l)l·j:
641 2682 694 2700 sna
716 2673 866 2701 doctrina.
1004 2675 1030 2701 ὃ.
1053 2676 1081 2702 Α
1102 2675 1130 2702 in
1153 2683 1266 2709 marga
1290 2683 1309 2702 1.
1449 2684 1476 2707 o.
1499 2676 1543 2703 A:
1567 2675 1763 2703 discerneret.

455 2716 487 2734 11.
509 2707 577 2734 til-2:
599 2707 765 2743 aliqnando
787 2709 853 2735 riri.
955 2717 993 2736 12.
1017 2709 1082 2736 tii-j:
1107 2709 1192 2736 missi
1215 2714 1302 2739 sunt:
1332 2709 1372 2736 ib.
1393 2707 1543 2737 Ax'ciccti
1565 2726 1598 2729 —
1619 2709 1764 2744 multipli-

452 2747 559 2769 cantur
579 2742 673 2769 deest.
760 2741 797 2770 13.
819 2743 922 2770 Recte:
945 2743 1026 2779 qnod
1050 2752 1110 2771 non
1132 2744 1288 2771 laboratur
1310 2749 1350 2771 nt.
1437 2753 1476 2779 17.
1499 2745 1524 2772 A
1548 2744 1575 2771 in
1600 2753 1711 2779 marga
1734 2752 1764 2775 ’.ἐς

455 2776 475 2803 ti
491 2776 519 2803 in
537 2785 649 2811 marg.:
672 2778 861 2805 l'relatornm
881 2778 1080 2813 blasphemia.
1138 2779 1177 2806 18.
1194 2778 1261 2806 lili:
1283 2779 1364 2814 quod
1387 2779 1606 2813 dog-innitimnn.
1664 2787 1704 2808 10.
1720 2780 1763 2806 A:

453 2811 615 2838 lnnnilitat.
698 2819 743 2838 20.
765 2813 808 2839 A:
832 2812 966 2840 humitis.
1048 2821 1092 2846 24.
1116 2813 1182 2840 DE:
1204 2813 1366 2848 ypocrisis.
1442 2814 1482 2842 25.
1505 2815 1529 2841 Α
1553 2814 1581 2841 in
1604 2822 1716 2848 marga
1738 2811 1763 2840 3.

452 2847 498 2877 26,
513 2853 558 2880 27.
575 2847 618 2874 A:
641 2846 696 2873 sibi
712 2846 881 2874 ——ordinat
897 2847 990 2874 deest.
1047 2847 1092 2874 30.
1110 2847 1177 2875 DE:
1200 2848 1407 2876 demandato.
1464 2847 1505 2876 33.
1523 2848 1590 2876 nli:
1613 2849 1644 2875 ln
1666 2847 1762 2875 cuins.

1733 2901 1740 2917 δ

526 2930 577 2960 31.
602 2929 723 2961 Mattli.
751 2930 794 2970 Χ,
821 2941 851 2972 7,
878 2932 909 2962 8.

1793 955 1830 975 10

1792 1234 1827 1265 15

1787 1536 1828 1556 ’ΖΟ

1785 2117 1827 2138 31)

1785 2394 1824 2428 35
