1986 3380
195 269 331 298 SERMo
354 256 466 315 xxv-J
667 270 884 302 SECUNDA
910 268 1037 301 PARS.

198 380 468 416 relevandum.
503 380 550 413 Et
584 377 639 413 sic
672 376 763 412 licet
796 375 1011 422 utrobique
1045 374 1113 410 fiat
1145 372 1366 421 spiritualis
1400 372 1511 407 retri—

198 437 315 473 bucio
349 435 593 484 sempiterna
626 433 751 470 eciam
786 433 848 469 hic
882 433 921 468 in
965 432 1041 477 via,
1087 441 1223 468 tamen
1269 433 1316 466 de
1361 439 1511 478 quanto

195 494 416 531 intenditur
450 502 486 530 et
520 492 676 540 capitur
709 490 943 539 temporalis
990 489 1208 526 retribucio
1255 489 1318 524 hic
1358 487 1397 524 in
1435 487 1510 528 via,

197 552 434 589 diminuitur
477 551 538 587 vel
582 549 823 597 extinguitur
868 548 939 584 Dei
985 547 1202 584 retribucio
1254 545 1511 593 sempiterna.

163 613 278 647 §Nec
311 619 368 646 est
407 609 586 646 obiectus
626 620 705 655 quo
746 608 876 643 clerus
917 608 1077 642 dotatus
1119 614 1277 641 excecat
1316 604 1512 651 populum

197 668 339 716 dignus
393 666 600 703 memoria.
646 665 772 701 Aliter
817 662 1040 715 (inquiunt)
1084 663 1290 699 vilesceret
1337 661 1514 709 prelatus

198 725 381 770 ecclesie;
422 725 506 772 ipse
539 736 632 771 ergo
665 722 732 771 qui
765 722 994 770 gratancius
1034 721 1107 757 scit
1147 730 1183 757 et
1223 718 1513 767 congruencius

197 783 327 821 noscit
352 782 526 819 Domino
556 780 780 826 convivare,
812 781 928 816 debet
961 779 1138 816 officium
1174 779 1278 814 istud
1311 776 1513 824 accipere;

198 855 292 878 nam
306 839 585 878 vilescenciam
602 840 847 875 mundanam
873 838 1049 886 prelatus
1072 845 1278 884 gratanter
1301 834 1513 882 acciperet,

145 913 182 932 10
203 902 297 936 dum
343 908 478 935 tamen
522 897 562 933 in
614 910 685 933 suo
738 896 872 932 officio
915 897 1135 932 secundum
1182 895 1307 942 legem
1354 891 1515 928 Domini

201 957 331 994 debite
367 956 582 999 ministret;
627 956 674 991 de
715 962 827 990 tanto
862 953 966 990 enim
1002 962 1059 989 est
1094 951 1358 988 ministerium
1400 963 1515 986 suum

201 1019 284 1052 Deo
317 1014 540 1062 accepcius.
575 1014 689 1049 Unde
723 1025 794 1048 nec
818 1011 1000 1048 Christus
1034 1024 1106 1047 nec
1130 1009 1275 1058 aliquis
1309 1009 1516 1057 apostolus

201 1073 333 1110 taliter
349 1070 584 1117 convivavit‚
602 1070 694 1107 licet
710 1069 891 1106 Christus
915 1068 1154 1105 miraculose
1173 1069 1388 1104 ostendens
1403 1080 1515 1103 suam

202 1130 431 1180 potenciam
486 1128 723 1177 exemplavit
777 1127 1024 1164 secularibus
1076 1126 1251 1163 dominis
1311 1125 1518 1174 quomodo

148 1191 182 1223 15
203 1191 374 1226 debeant
397 1187 622 1225 convivare.
647 1189 695 1223 Et
718 1186 749 1223 si
774 1185 930 1222 dicatur
953 1187 1061 1234 quod
1086 1184 1264 1233 episcopi
1282 1184 1519 1220 excellenter

204 1249 379 1284 habeant
413 1246 531 1282 istam
565 1254 706 1290 artem,
741 1244 887 1280 dicitur
921 1245 1028 1292 quod
1061 1256 1141 1279 non
1180 1242 1306 1290 magis
1339 1241 1394 1278 eis
1427 1254 1519 1277 con-

202 1305 309 1343 venit
342 1317 462 1353 quam
495 1302 715 1340 scurriliter
738 1302 926 1346 ioculari3
960 1314 1029 1349 per
1052 1303 1128 1337 hoc
1152 1300 1257 1337 enim
1282 1300 1519 1336 defraudant

204 1375 414 1412 paupereS,
448 1370 538 1398 sunt
562 1360 736 1397 Domino
760 1359 1036 1396 inobedientes
1060 1368 1096 1395 et
1120 1360 1307 1395 fraudant
1339 1371 1379 1394 se
1412 1357 1520 1405 ipsos

205 1435 227 1458 a
271 1419 469 1469 spirituali
515 1418 685 1467 premio,
737 1418 831 1467 quia
874 1418 984 1454 nulla
1030 1416 1247 1453 retribucio
1290 1415 1366 1452 nisi
1419 1428 1521 1451 vana

148 1492 189 1513 20
205 1479 335 1517 laudis
374 1480 548 1514 humane
583 1485 639 1513 est
672 1478 721 1513 ab
756 1476 810 1512 eis
843 1489 916 1524 pro
949 1475 1095 1512 talibus
1135 1475 1394 1523 expectanda.
1444 1474 1521 1509 Sed

207 1539 301 1575 dato
345 1549 425 1573 uno
469 1534 772 1572 inconveniente
816 1534 856 1570 in
896 1533 1108 1570 dotacione
1153 1532 1317 1569 ecclesie
1360 1544 1520 1568 necesse

207 1605 265 1633 est
297 1594 375 1632 alia
409 1594 534 1630 multa
567 1592 691 1641 sequi.
726 1593 841 1629 Unde
869 1592 900 1628 si
924 1591 1014 1628 talis
1037 1590 1268 1628 convivacio
1294 1590 1522 1626 habilitaret

208 1653 425 1698 hominem,
458 1660 501 1688 ut
533 1650 582 1687 sit
615 1650 839 1699 episcopus,
874 1649 1100 1698 episcopari
1126 1648 1250 1697 magis
1275 1656 1522 1696 competeret

208 1711 373 1748 domino
397 1708 580 1747 seculari.
606 1710 684 1745 Sed
701 1710 975 1757 depauperato
999 1707 1069 1744 tali
1085 1707 1241 1756 prelato
1260 1708 1310 1743 ad
1327 1706 1522 1754 populum

153 1773 190 1805 25
208 1768 470 1819 spiritualiter
503 1766 795 1804 convivandum
831 1775 867 1803 et
899 1766 1114 1802 immutato
1138 1777 1181 1802 ex
1204 1764 1366 1801 racione
1390 1763 1523 1800 multi-

208 1827 302 1877 plici
335 1825 500 1863 brachio
533 1825 703 1862 seculari
735 1833 896 1873 oportet
940 1824 1157 1872 dyabolum
1207 1823 1409 1860 cautelose
1453 1834 1524 1870 per

206 1886 517 1923 instrumentum
551 1896 667 1920 suum
692 1895 810 1931 agere
834 1883 884 1919 ad
908 1881 1262 1919 continuacionem
1287 1889 1325 1918 et
1347 1880 1524 1917 occulta-

207 1944 361 1981 cionem
387 1955 456 1979 sue
479 1941 675 1990 nequicie,
698 1953 747 1977 ne
769 1953 885 1977 suum
910 1940 1064 1977 facinus
1087 1939 1210 1976 cicius
1233 1939 1283 1976 sit
1306 1938 1522 1975 extinctum

208 2011 245 2039 et
278 2000 444 2038 ecclesie
477 1999 685 2049 patencius
717 2007 976 2036 ostentatum.

151 2063 192 2095 30
267 2062 472 2106 Quantum
524 2059 573 2094 ad
622 2065 872 2105 argumenta,
918 2065 1029 2104 patet
1082 2057 1191 2105 quod
1234 2068 1316 2092 non
1363 2063 1525 2091 movent

209 2127 350 2155 contra
383 2116 500 2153 istam
547 2115 813 2161 sentenciam3
859 2115 993 2164 quoad
1038 2113 1215 2163 primum
1261 2122 1371 2162 patet
1416 2113 1524 2161 quod

208 2176 301 2213 licet
323 2175 523 2212 Mattheus
556 2173 675 2210 fuerit
709 2172 887 2221 signatus
920 2186 943 2210 a
975 2172 1164 2218 Domino,
1199 2180 1242 2208 ut
1275 2184 1319 2208 ex
1352 2179 1443 2219 post
1475 2170 1525 2206 sit

209 2233 357 2272 Christi
381 2232 601 2281 apostolus,
635 2240 771 2268 tamen
794 2243 867 2279 pro
890 2240 1074 2279 tempore
1098 2229 1204 2266 illius
1229 2227 1525 2266 convivacionis

208 2291 281 2328 fuit
332 2289 623 2339 proprietarius
674 2289 846 2326 necdum
899 2288 1061 2337 reliquit
1113 2287 1250 2324 omnia
1304 2286 1526 2336 apostolice

153 2354 191 2386 35
208 2362 378 2399 sequens
393 2348 611 2386 Christum.
636 2346 817 2384 Christus
841 2347 945 2384 enim
970 2347 1020 2383 ad
1044 2347 1192 2383 multos
1208 2346 1355 2394 gradus
1371 2344 1527 2381 vocavit

208 2420 301 2444 suos
345 2406 551 2456 apostolos
590 2408 648 2455 (ut
691 2413 802 2454 patet
847 2406 894 2442 de
934 2404 1081 2450 Petro).
1127 2406 1175 2440 Et
1219 2405 1360 2440 eodem
1405 2404 1527 2439 modo

212 2465 358 2502 dicitur
390 2465 440 2501 ad
472 2465 719 2510 secundum3
763 2476 857 2500 nam
890 2461 1155 2511 probabiliter
1200 2461 1376 2498 creditur
1420 2462 1528 2510 quod

209 2523 283 2561 iste
325 2531 474 2571 nuptus
518 2522 592 2559 fuit
634 2522 836 2559 Johannes
880 2520 1153 2569 Evangelista3
1197 2521 1267 2557 sed
1310 2528 1527 2568 antequam

209 2593 373 2618 uxorem
426 2593 539 2617 suam
593 2587 865 2629 cognosceret,
919 2578 1102 2616 Christus
1146 2579 1196 2615 ad
1242 2577 1527 2626 discipulatum

279 2736 298 2755 1.
320 2727 365 2755 A:
386 2727 456 2754 licet
476 2726 570 2754 deest.
687 2733 712 2753 2.
734 2725 778 2753 A:
801 2725 990 2760 sempiterna
1011 2724 1105 2752 deest.
1223 2723 1250 2751 8.
1271 2723 1346 2751 AD:
1369 2722 1526 2750 dominos.

209 2771 238 2798 9.
259 2762 303 2789 A:
326 2761 519 2789 violenciam.
585 2759 622 2788 13.
644 2762 688 2788 A:
709 2760 860 2788 convivet.
928 2768 967 2800 17.
989 2759 1028 2786 E:
1051 2759 1195 2786 ioculare.
1270 2766 1309 2785 21.
1331 2759 1376 2785 A:
1400 2757 1525 2784 ecclesie

208 2797 301 2824 deest.
400 2804 444 2823 22.
465 2797 509 2824 A:
531 2795 716 2823 humiliaret.
815 2795 857 2822 25.
878 2794 918 2822 E:
940 2794 1079 2822 invitato.
1181 2802 1225 2828 27.
1247 2795 1291 2821 A:
1314 2792 1521 2820 ministerium

207 2839 308 2858 suum.
410 2830 448 2858 31.
470 2831 494 2857 D
516 2830 546 2857 in
569 2839 682 2865 marg:
704 2829 753 2857 Ad
776 2829 929 2864 primum;
951 2829 979 2856 A
999 2829 1029 2856 in
1051 2837 1164 2863 marg:
1189 2837 1214 2861 ις
1235 2828 1260 2855 Ε
1279 2827 1309 2855 in
1331 2835 1443 2861 marg:
1467 2826 1517 2853 Ad

205 2870 386 2901 argumenta
406 2865 535 2899 Cliristi3
556 2865 596 2892 ib.
613 2866 657 2892 A:
680 2864 867 2891 sentenciam
889 2864 982 2891 deest.
1055 2862 1098 2891 32.
1115 2864 1158 2890 A:
1182 2868 1214 2890 ut
1234 2866 1316 2898 patet
1337 2866 1516 2896 postquam.

205 2899 251 2928 36.
271 2900 328 2928 ΑΕ
346 2900 377 2927 in
398 2908 511 2935 marg:
532 2907 558 2927 2.
631 2898 678 2935 39.
700 2898 769 2926 DE:
792 2906 879 2926 suam
900 2898 997 2926 deest.

1725 256 1796 302 187

1560 609 1713 643 Banqnets
1734 614 1786 635 not

1542 643 1654 670 needed
1678 649 1707 670 to
1731 644 1803 678 keep

1555 687 1594 713 up
1616 686 1631 704 a
1653 679 1792 713 prelate's

1606 713 1733 748 dignm:

1549 2059 1694 2086 Matthew
1716 2067 1779 2085 was
1800 2066 1815 2084 a

1565 2096 1685 2130 layrnan
1709 2094 1797 2120 when

1569 2130 1605 2157 hc
1627 2129 1715 2155 made
1736 2129 1786 2155 the

1636 2164 1722 2191 feast.
