1986 3380
217 310 351 358 πωπω
374 299 469 356 xm]
693 315 902 347 sECUNbA
933 316 1056 347 PARS.

1742 311 1813 346 113

274 423 353 457 Nec
388 430 444 457 est
478 423 798 458 contendendum
834 435 921 459 cum
949 422 1093 471 ydiotis
1132 423 1211 462 sive
1245 424 1429 461 hereticis
1464 426 1530 474 qui
1544 430 1627 458 State
1642 432 1700 459 and
1717 432 1817 460 order.

215 478 351 515 dicunt
381 492 463 515 non
496 492 578 516 esse
611 489 756 516 statum
793 481 1083 518 sacerdotalem
1118 483 1185 518 sed
1218 482 1413 529 ordinem,
1439 496 1528 520 cum

214 546 339 573 status
380 537 475 574 dicit
514 537 807 585 obligacionem
847 541 1049 587 quandam
1091 552 1179 576 cum
1226 540 1529 586 immobilitate3

213 594 302 630 ideo
335 607 474 631 omnes
508 596 681 643 religiosi
716 605 757 632 ut
788 597 928 633 fratres
959 607 995 634 et
1024 597 1210 634 monachi
1234 607 1325 635 sunt
1355 598 1393 635 in
1424 608 1529 636 statu

178 653 279 688 5sed
318 653 416 688 nulli
451 654 669 701 presbyteri
704 663 854 702 quanto
888 656 1004 699 tales;
1038 669 1131 692 nam
1172 658 1391 693 secundum
1425 658 1529 706 leges

211 710 375 747 ecclesie
420 721 476 748 est
521 720 645 748 status
690 714 942 749 sacerdotum
994 714 1201 751 monachis
1246 714 1440 763 superior,
1486 725 1529 751 ut

211 768 412 816 colligitur
446 781 488 805 ex
529 769 695 818 antiquo
729 771 889 807 decreto
922 773 1063 807 ΧΟΙΙΙΟ
1089 771 1178 809 dist.
1212 773 1244 807 A
1275 773 1528 824 subdyacono

211 835 247 861 et
292 826 426 862 multis
466 827 674 864 similibus.
716 830 792 864 Sed
841 829 942 866 sicut
987 829 1070 866 sine
1109 830 1351 867 fundacione
1389 831 1527 868 volunt

210 885 440 932 prophanas
469 885 691 922 sentencias
717 888 764 922 de
793 897 1047 924 sacramento
1078 888 1291 925 eukaristie
1321 888 1525 935 innovare,

155 941 265 978 tosio
309 943 448 979 volunt
492 943 645 991 priores
691 945 795 992 leges
842 945 1006 982 ecclesie
1051 946 1124 982 niti
1164 948 1379 986 destruere.
1424 950 1525 984 Nam

209 1001 309 1036 ordo
342 1000 431 1037 talis
465 1001 641 1048 privatus
676 1015 764 1038 cum
800 1002 947 1051 incepit
972 1013 1009 1040 et
1033 1004 1197 1050 desinet,
1222 1014 1357 1052 portat
1390 1018 1525 1042 secum
1557 1006 1675 1035 Private
1695 1009 1802 1037 orders

1637 1051 1721 1070 more

206 1058 518 1095 mutabilitatem
566 1061 669 1096 ultra
714 1061 990 1098 sacerdocium
1036 1062 1075 1098 in
1114 1062 1306 1111 ingressu,
1353 1072 1389 1099 et
1434 1076 1724 1116 eumchangeable
1742 1079 1813 1106 than

208 1124 267 1151 tot
308 1117 436 1153 modis
476 1117 678 1154 varientur
723 1119 805 1155 eius
851 1121 984 1168 regule
1027 1129 1146 1169 atque
1193 1133 1374 1169 persone,
1415 1130 1525 1170 patet

209 1175 315 1222 quod
349 1187 469 1223 supra
502 1176 778 1213 sacerdocium
816 1187 872 1214 est
905 1178 1108 1215 mutabilis
1141 1178 1181 1216 in
1209 1191 1434 1227 progressu.
1468 1181 1525 1217 Ac

156 1231 334 1268 15tercio
375 1245 465 1269 cum
507 1235 630 1271 multe
670 1235 882 1283 religiones
921 1237 1076 1273 novelle
1117 1238 1318 1274 destructe
1357 1246 1449 1274 sunt
1488 1247 1525 1274 et

209 1289 284 1326 alie
317 1300 407 1327 sunt
440 1291 471 1328 si
502 1293 606 1329 Deus
639 1294 808 1329 voluerit
841 1303 970 1331 stante
1002 1294 1235 1332 sacerdocio
1268 1295 1308 1332 in
1340 1295 1524 1344 proximo

209 1349 460 1393 destruende‚
500 1359 608 1398 patet
649 1353 755 1400 quod
803 1361 928 1388 status
967 1353 1056 1389 talis
1094 1354 1274 1390 novellus
1314 1362 1370 1390 est
1409 1354 1524 1391 valde

210 1405 369 1442 mobilis
403 1420 445 1443 ex
474 1421 699 1456 progressu.
735 1412 885 1455 Querat
918 1423 1011 1458 ergo
1045 1411 1172 1448 fidelis
1205 1411 1522 1460 descripcionem

209 1472 245 1499 et
269 1464 472 1501 racionem
506 1475 631 1502 status
665 1467 834 1504 sollicite
868 1478 904 1504 et
927 1468 1099 1506 inveniet
1128 1471 1235 1518 quod
1267 1471 1366 1507 tales
1389 1469 1524 1518 ydiote

150 1534 193 1556 20
208 1522 381 1570 suspecti
420 1532 511 1560 sunt
544 1523 583 1560 in
623 1525 758 1561 multis
797 1526 871 1562 sibi
910 1527 1006 1575 ipsis
1044 1527 1248 1564 contrarii.
1289 1527 1394 1574 Quid
1428 1540 1522 1576 ergo

206 1580 309 1616 valet
356 1581 543 1618 fundacio
594 1595 637 1619 ex
682 1584 752 1620 tali
795 1584 993 1633 discipulo
1044 1585 1242 1622 mendacii
1287 1586 1523 1634 procreata?

206 1639 355 1675 Revera
377 1652 457 1675 non
481 1640 569 1687 plus
593 1654 713 1690 quam
738 1642 936 1690 scriptura
960 1644 1064 1680 nude
1080 1644 1245 1680 fundata
1269 1656 1312 1680 ex
1336 1657 1520 1692 sompno.

206 1697 297 1732 Ideo
337 1699 555 1734 secundum
590 1699 699 1747 prius
733 1699 839 1737 dicta
872 1710 929 1738 est
962 1701 1063 1738 alius
1096 1710 1222 1738 status
1254 1701 1452 1750 generalis
1485 1710 1522 1738 et

204 1753 305 1790 alius
350 1755 560 1804 singularis
605 1759 668 1803 (de
706 1771 785 1807 quo
817 1761 903 1795 Yob
943 1759 1102 1806 dicitur)
1148 1768 1184 1796 et
1229 1772 1435 1809 nunquam
1481 1759 1520 1796 in

148 1814 187 1848 25
204 1814 344 1849 eodem
389 1822 494 1850 statu
539 1826 760 1863 permanet,
806 1830 898 1854 nam
943 1826 1021 1855 stat
1071 1826 1197 1855 status
1246 1817 1521 1855 instantaneos

204 1879 352 1907 statum
398 1874 625 1920 generalem
666 1884 904 1923 perpetuum
951 1876 1143 1923 stabilire,
1183 1876 1285 1913 sicut
1324 1885 1433 1925 patet
1472 1877 1521 1913 de

203 1928 445 1967 instantibus
479 1933 612 1980 quoad
645 1941 816 1982 tempus.

695 2070 888 2110 SERMO
920 2070 1030 2112 XVI.

259 2162 375 2199 Dixit
403 2163 514 2200 Jesus
547 2164 695 2200 Simoni
724 2165 853 2201 Petro.
886 2165 973 2201 Joh.
1007 2164 1151 2202 ultimo
1186 2161 1326 2219 (XXIO,
1368 2167 1445 2216 15).

143 2223 185 2256 30
260 2222 347 2257 Hoc
371 2221 618 2269 evangelium
643 2222 825 2259 notificat
850 2223 1015 2259 ecclesie
1044 2223 1222 2260 officium
1253 2225 1514 2272 prelatorum,

201 2286 238 2314 et
270 2277 362 2316 hinc
395 2279 598 2327 signanter
628 2289 745 2317 vocat
777 2281 1023 2329 evangelium
1058 2281 1227 2318 istorum
1266 2283 1514 2331 prelatorum

200 2336 499 2374 multitudinem
553 2339 769 2386 Symonem
813 2339 1026 2386 Johannis;
1080 2353 1170 2376 cum
1216 2340 1321 2377 enim
1375 2341 1516 2378 Simon

199 2394 485 2444 interpretatur
535 2396 726 2433 obediens
776 2405 812 2433 et
861 2398 1063 2434 Johannes
1112 2398 1259 2446 gracia,
1311 2398 1515 2447 signanter

199 2453 395 2490 docentur
417 2454 561 2502 prelati
585 2463 627 2490 ut
650 2454 840 2491 obediant
866 2455 938 2492 Dei
961 2455 1094 2504 gracie
1120 2464 1157 2492 et
1179 2468 1260 2493 non
1292 2459 1513 2495 secundum

142 2513 182 2548 35
199 2522 359 2547 cursum
392 2511 472 2548 iam
507 2521 733 2549 currentem
768 2513 982 2561 prepositis
1014 2513 1081 2562 qui
1121 2526 1164 2551 ex
1203 2514 1289 2551 zelo
1322 2515 1513 2553 elacionis

265 2632 291 2661 3.
306 2633 330 2661 Ε
344 2634 374 2662 in
390 2642 503 2670 marg.:
520 2635 663 2663 Christus
677 2640 722 2663 est
735 2639 844 2664 status.
911 2635 940 2663 6.
955 2637 999 2664 A:
1017 2641 1113 2664 status
1127 2636 1241 2671 eciam3
1261 2636 1302 2665 E:
1324 2642 1361 2665 et.
1430 2646 1456 2673 7.
1471 2637 1511 2666 E:

198 2668 238 2696 C⁰
248 2668 319 2696 dist.
392 2677 434 2697 10.
454 2671 483 2697 A
503 2670 533 2697 in
555 2678 669 2706 marg:
693 2679 712 2698 ι.
787 2679 820 2698 ιι.
842 2671 871 2698 A
890 2670 921 2698 in
943 2679 1057 2706 marg.:
1079 2679 1104 2699 2.
1191 2671 1228 2700 15.
1248 2673 1278 2699 A
1297 2671 1328 2700 in
1350 2680 1464 2708 marg.:
1485 2671 1511 2700 3.

198 2702 240 2730 16.
260 2703 330 2731 DE:
351 2703 381 2731 in
405 2704 547 2739 proximo
568 2705 661 2732 deest.
765 2706 806 2733 18.
827 2705 868 2732 E:
890 2705 919 2733 iu
941 2714 1079 2741 egressu.
1187 2714 1226 2734 21.
1247 2706 1316 2734 DE:
1339 2712 1510 2743 procreato.

196 2737 244 2765 26.
264 2738 309 2765 A:
332 2738 384 2765 sed
405 2743 503 2774 patet3
531 2740 571 2767 ib.
593 2740 617 2767 E
637 2740 666 2767 in
689 2748 803 2775 marg:
824 2739 916 2768 Nota.
989 2748 1038 2776 29.
1059 2741 1087 2768 A
1108 2740 1137 2768 in
1159 2749 1275 2777 marg:
1297 2742 1407 2770 Sermo
1422 2741 1510 2775 XVI;

195 2771 220 2799 E
240 2772 270 2799 in
291 2781 406 2808 marg:
435 2774 469 2801 In
498 2774 547 2802 die
573 2774 604 2804 S.
627 2774 717 2802 Petri.
860 2774 899 2802 31.
921 2776 965 2802 A:
995 2780 1023 2803 et
1051 2776 1122 2803 hinc
1141 2791 1175 2795 —
1194 2777 1384 2812 prelatorum
1415 2776 1509 2804 deest.

194 2805 238 2834 32.
259 2807 298 2834 E:
320 2807 548 2837 multitudinem
569 2809 664 2837 deest.

263 2900 296 2932 7.
322 2891 461 2923 Decreti
487 2892 599 2935 prima
618 2903 709 2936 pars,
735 2893 813 2926 dist.
833 2894 952 2934 XCIII,
979 2904 1053 2937 cap.
1073 2895 1115 2927 V.
1189 2904 1242 2938 29.
1269 2895 1321 2928 Cf.
1343 2893 1507 2938 Wyclif’s

194 2936 363 2969 Sermons
390 2937 444 2970 ed.
471 2938 516 2981 by
543 2940 690 2979 Arnold,
716 2940 740 2981 I,
766 2950 845 2983 pag.
873 2940 952 2982 366,
979 2940 1056 2983 367.

1347 2997 1370 3032 8

1585 1112 1774 1147 priesthood.

1555 2176 1663 2207 Simon
1684 2178 1787 2214 (Peter)

1584 2219 1758 2249 represents

1579 2248 1710 2283 prelates
1730 2250 1760 2277 In

1602 2284 1734 2319 general.
