1986 3380
187 313 461 367 :stt-‘wmwl
656 326 866 358 5561111111
899 326 1023 357 mas.
1710 309 1778 355 30'1'

187 435 271 481 lege
313 434 381 470 Dei
433 433 552 469 nimis
608 434 831 470 exorbitant
876 442 913 469 ct
958 433 1045 469 illas
1094 433 1229 469 dicunt
1275 442 1311 469 et
1356 434 1498 469 docent

186 492 404 528 instancius
437 504 482 528 ac
514 491 746 539 vigilancius
779 499 1088 539 prosequuntur,
1120 490 1209 527 ideo
1240 491 1421 527 Christus
1455 492 1501 526 de

188 550 282 598 ipsis
329 549 476 586 diceret
516 551 623 598 quod
663 562 735 586 nec
781 549 918 586 omnia
963 562 1038 598 que
1084 549 1221 585 dicunt
1258 548 1389 593 facite,
1430 561 1501 584 nec

187 609 405 644 secundum
430 620 551 655 opera
577 620 713 643 eorum
739 607 866 643 velitis
894 608 1037 653 facere,
1062 606 1155 655 quia
1178 607 1304 643 nostri
1328 606 1501 654 pharisei

155 667 259 702 51166
310 665 365 702 516
416 665 552 701 dicunt
595 677 668 701 nec
719 665 882 709 faciunt,
928 666 996 701 sed
1050 666 1171 701 modo
1223 664 1501 713 phariseorum

188 733 365 760 veterum
395 724 563 773 alligant
591 735 707 759 onera
736 724 878 773 gravia
909 730 943 759 et
966 723 1226 772 importabilia
1248 730 1283 759 et
1305 723 1503 772 imponunt

93 760 222 843 foggin
246 783 426 817 humeros
450 781 658 825 hominum,
683 781 804 831 digito
827 789 952 817 autem
981 794 1049 817 suo
1079 781 1211 816 nolunt
1232 794 1274 817 ea
1299 793 1465 817 movere.
1495 775 1500 833 Ι

140 845 151 850 ”
189 841 300 876 Patet
340 838 445 875 idem
480 840 526 874 de
558 838 707 875 nostris
741 838 934 887 phariseis
967 848 1048 875 tam
1084 839 1122 874 in
1155 837 1505 886 predicacionibus

190 910 310 946 quam
344 896 381 932 in
416 896 731 933 confessionibus
756 910 875 945 quam
911 896 1035 933 eciam
1070 896 1109 932 in
1143 896 1306 944 privatis
1335 895 1504 932 iudiciis.

136 966 173 988 10
188 955 300 991 Talia
336 954 440 991 enim
475 954 639 1001 alligant
672 954 848 991 hume-ris
880 954 1081 991 interioris
1113 954 1298 1001 hominis,
1334 967 1424 991 cum
1450 967 1506 990 56-

191 1014 364 1049 cundum
393 1012 582 1049 forciores
601 1012 764 1049 virtutes
791 1012 1014 1061 astringunt
1037 1013 1217 1049 subditos
1241 1022 1282 1048 ut
1312 1021 1505 1061 perpetuo

190 1072 249 1108 vel
291 1084 433 1119 magno
473 1080 655 1118 tempore
695 1071 768 1107 sibi
808 1071 957 1119 placito
1001 1072 1071 1107 1166
1105 1072 1327 1107 observent.
1372 1070 1506 1118 Digito

191 1138 323 1165 autem
349 1142 433 1170 5110,
460 1130 534 1165 1106
559 1139 627 1167 est,
649 1142 770 1177 parva
795 1129 979 1177 potencia
999 1128 1218 1177 operativa,
1238 1129 1330 1165 licet
1350 1128 1507 1177 gravius

191 1196 355 1235 peccent
390 1196 425 1223 et
460 1187 585 1235 magis
619 1187 835 1235 indigeant,
870 1188 1011 1223 nolunt
1045 1200 1117 1235 pro
1151 1195 1507 1235 quantumcunque

139 1247 173 1278 15
191 1258 314 1294 parvo
348 1254 530 1293 tempore
562 1246 622 1281 vel
652 1245 774 1282 libere
799 1247 870 1282 hec
895 1257 1066 1282 movere.
1108 1246 1244 1281 Omnia
1268 1258 1365 1296 ergo
1390 1257 1510 1294 opera

191 1317 258 1340 sua
279 1304 449 1352 faciunt,
480 1311 518 1338 ut
550 1304 753 1340 videantur
775 1305 821 1339 ab
845 1304 1072 1347 hominibus,
1097 1302 1191 1352 quia
1213 1302 1408 1351 ypocrisis
1433 1315 1508 1352 que

193 1370 248 1398 est
272 1361 482 1398 simulacio
513 1361 737 1398 sanctitatis
768 1361 808 1398 in
837 1361 1080 1410 apparencia
1112 1361 1350 1398 maioritatis
1374 1362 1508 1409 quoad

193 1419 374 1456 homines
391 1428 447 1456 est
458 1419 731 1468 utriquesecte
743 1419 967 1468 pharisaice
977 1419 1220 1468 principium
1233 1419 1288 1456 sic
1300 1419 1507 1467 peccandi.

251 1478 429 1514 Dilatant
461 1478 558 1514 enim
587 1479 800 1527 philateria
833 1491 902 1514 sua
936 1485 970 1514 et
1003 1478 1256 1527 magnificant
1286 1477 1507 1529 fyfnzbrias.

138 1547 178 1567 20
195 1538 262 1571 Est
307 1545 440 1572 autem
482 1535 739 1583 philaterium
786 1537 835 1572 ad
875 1536 1030 1572 literam
1074 1537 1310 1572 membrana
1349 1535 1510 1571 sinistro
1553 1542 1698 1569 Chai-[ers
1719 1540 1777 1580 apd

196 1593 360 1629 brachio
394 1594 594 1641 copulata,
636 1603 672 1630 et
705 1602 747 1630 ut
786 1593 910 1630 literis
943 1593 1210 1642 grossioribus
1243 1593 1442 1630 scribatur
1474 1592 1512 1629 in
1527 1577 1802 1646 ς1111ξ1ῗῐξῖζξ1ἱῖἒ1-ὃρ

197 1664 240 1687 ea
264 1653 491 1699 decalogus,
513 1660 569 1687 est
592 1652 801 1699 paululum
825 1651 1005 1701 dilatata,
1021 1660 1058 1687 et
1074 1660 1116 1688 ut
1132 1651 1270 1699 religio
1287 1651 1512 1688 sanctitatis
1562 1646 1774 1716 plixvltzilciii31-ies.

197 1709 233 1744 in
270 1710 323 1745 eis
356 1719 561 1757 appareat,
602 1710 752 1746 faciunt
791 1722 882 1746 suas
921 1709 1100 1746 fimbrias
1139 1722 1222 1746 esse
1257 1722 1434 1757 magnas,
1469 1721 1514 1746 ac
1605 1713 1611 1717 “

197 1767 226 1802 51
262 1767 426 1804 affeccio
461 1780 596 1804 corum
635 1769 767 1816 quoad
792 1767 1032 1816 temporalia
1064 1768 1124 1804 vel
1158 1770 1263 1804 bona
1297 1767 1514 1804 extrinseca

141 1825 245 1861 25511
296 1827 435 1862 celata.
489 1825 691 1874 Numquid
745 1826 945 1862 credimus
998 1834 1156 1863 nostros
1208 1825 1414 1873 phariseos
1459 1825 1515 1861 sic

199 1884 351 1921 facere?
393 1885 552 1920 Habent
586 1884 691 1920 enim
735 1885 908 1921 cartulas
942 1883 1130 1920 dilatatas
1164 1885 1311 1920 nedum
1346 1884 1393 1920 de
1427 1883 1515 1920 reli-

197 1942 312 1989 gione
359 1943 418 1978 vel
464 1942 604 1978 ordine
649 1955 722 1979 nec
767 1943 897 1979 solum
943 1943 990 1978 de
1035 1942 1114 1978 suis
1159 1941 1516 1978 adinvencionibus

199 2000 341 2048 quibus
389 2009 557 2037 onerant
604 2009 639 2036 et
685 2002 880 2037 seducunt
927 2000 1136 2037 ecclesiam
1184 2001 1252 2036 sed
1298 2001 1346 2036 de
1392 1999 1517 2036 literis

201 2058 494 2095 fraternitatum
535 2058 740 2106 spirituale
780 2058 1011 2106 suffragium
1047 2070 1162 2094 suum
1196 2057 1446 2104 testantibus,
1482 2066 1518 2094 ct

142 2116 330 2152 3001111115
364 2116 439 2153 ista
472 2116 682 2164 triplicitas
721 2129 800 2153 non
833 2117 961 2153 solum
1001 2129 1083 2153 non
1122 2125 1178 2153 est
1212 2116 1426 2164 decalogus
1453 2116 1519 2152 vel

201 2174 448 2222 evangelium
480 2176 548 2211 sed
577 2174 796 2222 plurimum
823 2174 1077 2211 mendacium
1103 2174 1349 2210 simulatum.
1379 2174 1520 2210 Amant

200 2233 296 2268 enim
338 2233 490 2281 primos
534 2232 725 2269 recubitus
769 2233 805 2268 in
845 2233 945 2269 cenis
983 2240 1018 2268 et
1051 2233 1204 2281 primas
1240 2233 1447 2268 cathedras
1484 2232 1519 2267 in

199 2291 422 2341 synagogis
454 2298 486 2326 et
520 2291 774 2327 salutaciones
806 2291 841 2325 in
864 2292 964 2340 soro
997 2298 1032 2327 et
1064 2291 1197 2326 vocari
1227 2291 1273 2326 ab
1308 2290 1521 2326 hominibus

202 2349 328 2400 Raby.
364 2348 568 2397 Numquid
603 2348 803 2385 credimus
837 2348 1045 2397 phariseos
1077 2357 1238 2385 nostros
1271 2347 1390 2385 istam
1424 2350 1520 2397 qua—

144 2410 184 2444 35
201 2406 422 2454 druplicem
470 2406 826 2443 deordinacionem
874 2415 1076 2455 appetere,
1123 2419 1212 2443 cum
1263 2406 1302 2442 in
1342 2405 1521 2454 prandiis

200 2464 279 2501 sive
309 2464 498 2501 conviviis
528 2465 667 2502 saltem
703 2464 866 2513 privatis
891 2464 929 2500 in
953 2464 1097 2514 quibus
1121 2472 1288 2513 possunt
1313 2473 1519 2513 tamquam

201 2522 307 2559 cenis
330 2536 443 2559 suam
462 2523 677 2571 ypocrisim
702 2523 892 2560 simulare
916 2531 1052 2559 amant
1073 2522 1276 2560 recubitus
1300 2522 1520 2571 singulares

271 2665 289 2683 1.
311 2655 379 2684 DE:
410 2661 436 2684 cl
458 2657 534 2685 istis.
652 2665 677 2684 2.
700 2658 743 2683 A:
783 2661 1011 2692 *insequentum
1133 2666 1162 2692 4.
1185 2657 1209 2684 E
1230 2656 1258 2684 iu
1281 2665 1396 2692 marga
1427 2656 1518 2684 Nota.

201 2691 225 2729 5.
248 2690 315 2719 DE:
338 2691 507 2720 secundum
528 2700 658 2719 morem.
722 2692 748 2720 0.
766 2666 832 2719 liin
850 2699 963 2731 marg:
985 2691 1028 2719 Dc
1050 2691 1212 2727 alligancia
1233 2700 1371 2719 oncrum.
1428 2691 1454 2719 8.
1474 2692 1518 2718 A:

202 2726 281 2753 idem
303 2726 396 2753 deest.
482 2735 511 2762 9.
533 2727 601 2754 DE:
625 2735 717 2762 quam
739 2726 1000 2754 confessionibus.
1084 2734 1123 2754 12.
1146 2727 1221 2754 DE2.
1237 2727 1304 2754 hoc.
1390 2725 1425 2754 13.
1447 2726 1516 2753 DE:

202 2769 258 2788 suo
279 2761 372 2788 deest.
458 2769 498 2796 14.
519 2762 564 2789 A:
585 2762 694 2789 nolunt
714 2761 808 2796 quod.
894 2761 932 2788 15.
954 2761 1024 2788 DE:
1047 2761 1114 2788 1106.
1202 2769 1243 2796 19.
1265 2761 1333 2788 DE:
1356 2760 1516 2796 symbaris:

201 2803 246 2822 20.
258 2796 301 2823 A:
313 2795 458 2823 Esteuim
471 2806 476 2827 ;
489 2796 602 2823 ib.Ei11
615 2804 710 2831 marg.
722 2806 727 2823 :
742 2795 947 2832 Phylaterium
959 2795 1031 2831 quid
1045 2796 1155 2831 signat.
1165 2795 1269 2824 Recte:
1283 2795 1517 2832 phylacterium.

201 2831 242 2858 25.
255 2831 320 2858 Diu
335 2839 447 2866 marg.:
461 2831 639 2859 Notandum
690 2835 737 2858 20.
749 2831 790 2858 A:
805 2831 924 2858 dilatas.
964 2831 1010 2860 28,
1022 2839 1067 2864 29.
1083 2830 1150 2857 DE:
1164 2831 1259 2858 literis
1271 2839 1364 2869 super
1376 2831 1517 2858 multum.

202 2873 249 2899 29.
269 2865 313 2893 A:
335 2874 423 2892 >uum
446 2865 539 2893 deest.
595 2865 641 2892 3¹».
664 2866 707 2893 A:
730 2865 858 2900 privatis
879 2865 973 2892 det-st.
1032 2867 1075 2899 157.
1098 2866 1142 2892 A:
1167 2865 1331 2900 singularis
1353 2865 1446 2892 deest.

277 2947 308 2981 6.
335 2948 498 2981 Matthaei
529 2949 652 2988 xxm,
678 2959 710 2990 4.
815 2949 863 2987 15‚-
897 2948 945 2980 16.
973 2949 1017 2980 ib.
1047 2950 1076 2980 5.
1183 2948 1329 2988 'js—34.
1359 2947 1404 2979 ib.
1431 2947 1520 2989 ‹3,17.

1342 3016 1376 3037 21
