1986 3380
185 329 261 365 292

187 850 246 878 We
267 858 316 877 are
339 849 441 876 bound

237 890 267 912 to
287 889 391 919 accept

250 920 382 948 Christ's

239 956 389 990 reaching.

476 324 611 352 sermo
633 314 711 373 xe]
944 330 1157 364 SECUNDA
1185 331 1310 364 PARS.

471 444 504 471 c!
543 448 655 471 servo
694 437 795 484 quod
831 437 878 472 sit
910 437 1006 473 sicut
1045 438 1234 487 magister
1265 438 1344 473 eius
1378 439 1438 474 vel
1469 439 1658 484 dominus,
1691 439 1783 488 quia

471 506 561 529 cum
595 494 777 542 superior
810 494 1109 531 racionabiliter
1142 504 1179 531 et
1212 495 1313 532 iuste
1345 505 1527 544 acceptat
1561 506 1597 533 et
1631 497 1783 545 appetit

471 553 588 588 talem
630 562 791 592 statum,
827 552 1007 589 minister
1040 553 1122 589 eius
1155 553 1257 589 foret
1290 553 1459 591 iniustus
1490 556 1674 603 negando
1708 555 1781 591 sibi

470 611 613 646 debere
653 620 883 658 competere
916 612 1036 647 talem
1070 619 1234 647 statum.
1275 611 1314 647 Si
1349 611 1453 648 enim
1487 612 1690 649 Christum
1725 625 1782 649 se-

470 670 644 704 cundum
691 669 827 705 omnia
872 668 1184 716 opprobriorum
1231 682 1375 717 genera
1415 672 1705 718 exprobrarunt
1743 671 1816 707 inf>

469 735 624 762 tantum
649 728 754 775 quod
780 740 863 762 eum
880 727 1072 778 Belzebub
1092 736 1279 763 vocarunt
1297 730 1486 776 quomodo
1510 729 1589 765 eius
1607 729 1786 778 discipuli

468 797 540 831 pro
573 797 645 820 suo
677 783 841 820 nomine
874 793 910 820 et
934 784 1098 832 propria
1131 785 1378 822 beatitudine
1409 798 1482 822 non
1504 787 1784 836 sicfacerent?

468 843 526 878 Ne
563 855 660 892 ergo
699 843 901 878 timueritis
929 839 933 896 Ι
962 855 1039 889 eos,
1079 842 1344 880 ministerium
1391 844 1556 881 ecclesie
1595 853 1632 881 et
1670 844 1782 881 vobis
1799 827 1878 906 {¹⁰32

467 909 548 936 tam
580 900 676 936 utile
712 900 908 936 serviliter
938 900 1175 938 omittendo.
1208 904 1248 937 In
1272 901 1348 938 isto
1371 911 1609 949 argumento
1633 902 1781 939 Christi

467 967 626 1006 oportet
642 971 923 1007 quemcunque
939 958 1113 995 viantem
1138 959 1177 995 in
1201 959 1478 996 infidelitatem
1503 961 1779 1009 blasphemam
1801 977 1839 998 10

467 1018 609 1053 cadere
642 1017 702 1053 vel
735 1016 1034 1053 conclusionem
1060 1017 1207 1053 Christi
1242 1019 1290 1054 de
1314 1018 1383 1054 tali
1417 1018 1640 1055 ministerio
1674 1018 1781 1055 fideli

467 1076 700 1111 concedere.
746 1074 786 1110 Si
825 1074 930 1111 enim
972 1075 1068 1111 dicit
1107 1088 1197 1112 curn
1230 1077 1336 1124 Egea
1376 1078 1484 1125 quod
1518 1076 1699 1114 Christus
1741 1076 1781 1113 in

466 1132 535 1168 tali
580 1132 766 1180 passione
816 1132 888 1168 fuit
934 1133 1065 1170 fatuus
1110 1142 1167 1170 est
1211 1135 1482 1182 blasphemus,
1529 1134 1560 1171 si
1604 1136 1781 1171 secundo

466 1190 561 1226 dicit
606 1192 713 1239 quod
760 1190 941 1227 Christus
985 1191 1041 1228 sic
1086 1193 1256 1228 debebat
1302 1192 1385 1240 pati
1429 1205 1503 1241 pro
1544 1192 1781 1229 excellencia

466 1248 644 1285 caritatis
683 1257 720 1285 et
758 1262 839 1285 non
883 1249 1049 1298 aliquod
1090 1251 1313 1286 membrum
1353 1263 1483 1296 suum,
1523 1259 1581 1287 est
1618 1251 1838 1288 insanus15

466 1306 677 1343 hereticus.
731 1307 828 1352 Quis
874 1307 979 1343 enim
1024 1316 1130 1344 recte
1177 1308 1406 1345 consenciet
1445 1310 1552 1357 quod
1592 1308 1781 1358 magister

466 1364 711 1413 purgacione
742 1366 803 1401 vel
842 1365 1068 1402 salvacione
1101 1365 1141 1401 in
1173 1379 1346 1415 persona
1383 1379 1454 1403 sua
1487 1379 1568 1404 non
1600 1367 1780 1415 indigens

466 1423 602 1459 debuit
633 1424 686 1459 ita
718 1423 814 1471 pati,
850 1431 886 1459 et
915 1432 1050 1460 tamen
1073 1424 1156 1460 eius
1186 1424 1371 1473 discipuli
1403 1425 1518 1461 valde
1550 1434 1709 1473 egentes
1742 1433 1780 1461 et

465 1481 520 1516 rei
554 1481 732 1517 criminis
764 1494 845 1517 non
878 1483 1098 1518 debuerant
1127 1481 1182 1519 ita
1214 1482 1311 1531 pati,
1337 1495 1427 1519 cum
1459 1483 1556 1520 fides
1588 1483 1638 1519 sit
1671 1484 1779 1532 quod

465 1552 545 1575 non
583 1539 699 1576 aliter
737 1548 828 1576 sunt
866 1539 1058 1576 salvandi.
1105 1540 1146 1577 Si
1184 1541 1310 1577 tercio
1350 1541 1389 1576 in
1420 1541 1550 1578 verbis
1584 1542 1778 1578 concedat
1796 1555 1837 1577 20

465 1598 536 1633 hec
569 1597 705 1634 omnia
738 1607 775 1634 et
808 1598 846 1634 in
879 1610 1002 1646 opere
1033 1611 1113 1634 non
1146 1600 1214 1635 dat
1245 1611 1410 1647 operam
1440 1600 1490 1635 ad
1514 1599 1777 1647 implendum,

465 1664 521 1691 est
561 1657 842 1704 dampnandus
880 1656 1131 1692 scismaticus
1171 1665 1207 1693 et
1246 1656 1436 1703 ingratus.
1480 1659 1548 1693 Est
1583 1657 1778 1705 (inquam)

465 1715 745 1763 dampnandus
778 1726 822 1750 ex
852 1714 982 1751 verbis
1015 1714 1202 1762 propriis,
1227 1724 1285 1751 est
1307 1716 1483 1751 secundo
1515 1714 1778 1757 scismaticus,

464 1771 557 1820 quia
608 1772 701 1808 facit
746 1772 981 1808 divisionem
1034 1772 1136 1808 inter
1182 1772 1385 1809 Christum
1438 1773 1502 1821 qui
1557 1782 1614 1809 est
1660 1782 1778 1820 caput

464 1830 628 1866 ecclesie
679 1839 716 1866 et
761 1830 844 1866 eius
895 1832 1089 1875 membra,
1131 1843 1268 1878 ymmo
1314 1831 1485 1879 imponit
1538 1831 1779 1878 martyribus
1799 1835 1837 1867 25

465 1888 613 1925 Christi
646 1888 877 1933 stulticiam,
918 1897 955 1924 et
988 1897 1045 1924 est
1078 1889 1202 1925 tercio
1236 1889 1543 1937 ingratissimus,
1585 1902 1674 1925 cum
1710 1890 1778 1925 do-

466 1946 595 1982 minus
625 1960 718 1983 suus
753 1947 820 1995 qui
850 1959 929 1983 non
960 1946 1130 1994 indiguit
1166 1960 1238 1995 pro
1270 1959 1316 1983 eo
1347 1956 1403 1983 tot
1440 1956 1477 1984 et
1514 1947 1606 1983 talin
1640 1959 1778 1995 passus

464 2004 555 2050 fuit3
608 2017 697 2040 cum
738 2004 821 2052 ipse
860 2017 933 2041 nec
973 2005 1159 2051 dignatur
1198 2005 1327 2053 ipsum
1368 2005 1477 2053 sequi
1519 2005 1557 2041 in
1600 2005 1778 2041 moribus

463 2075 535 2098 nec
567 2076 641 2110 pro
680 2062 762 2099 eius
802 2075 939 2099 amore
978 2072 1046 2098 aut
1079 2064 1194 2111 culpa
1230 2063 1394 2111 propria
1427 2063 1647 2112 quidquam
1681 2063 1776 2111 pati.

521 2124 725 2166 Quantum
776 2122 826 2157 ad
877 2120 1232 2157 confirmacionem
1279 2123 1326 2157 de
1371 2121 1570 2166 Scarioth,
1625 2130 1776 2157 certum
1795 2125 1837 2157 30

463 2187 519 2214 est
545 2180 652 2227 quod
684 2178 768 2226 ipse
791 2191 834 2215 ex
859 2178 981 2226 priori
1009 2188 1174 2226 peccato
1198 2179 1445 2227 dampnabili
1470 2188 1507 2215 et
1530 2179 1778 2215 infructuosa

464 2237 687 2284 penitencia
721 2238 848 2273 factus
888 2246 944 2273 est
983 2238 1140 2282 stultus,
1181 2238 1273 2273 dum
1308 2238 1452 2285 laqueo
1484 2249 1524 2273 se
1557 2237 1776 2285 suspendit,

462 2307 508 2330 ac
547 2295 577 2331 si
611 2295 712 2331 foret
746 2295 850 2331 filius
890 2296 1013 2342 Caym
1048 2295 1113 2343 qui
1148 2304 1238 2342 post
1271 2295 1514 2331 occisionem
1549 2296 1649 2331 Abel
1682 2294 1777 2330 dixit

463 2354 559 2389 Gen.
595 2355 678 2399 lV0,
710 2353 777 2390 13:
811 2354 944 2389 ,Maior
981 2361 1035 2389 est
1074 2353 1252 2401 iniquitas
1290 2366 1372 2389 mea
1413 2366 1524 2402 quam
1558 2360 1597 2388 ut
1630 2353 1776 2389 veniam

462 2424 627 2447 Πιενεαν.
680 2413 728 2447 Et
771 2411 826 2447 sic
871 2415 928 2457 (ut
967 2413 1103 2457 credo)
1142 2410 1352 2447 videbatur
1390 2411 1463 2447 sibi
1516 2410 1655 2447 melius
1693 2410 1834 2459 pati35

462 2469 571 2517 prius
612 2478 783 2506 mortem
826 2482 947 2518 quam
988 2482 1078 2505 cum
1121 2468 1351 2506 hominibus
1390 2477 1472 2505 tam
1513 2469 1701 2505 dolorose
1741 2477 1777 2504 et

462 2527 601 2563 timide
634 2527 874 2564 conversari.
909 2529 957 2563 Et
989 2527 1046 2563 sic
1078 2526 1258 2564 Christus
1291 2539 1470 2564 asserens
1503 2528 1612 2575 quod
1639 2527 1776 2563 bonum

461 2592 545 2620 erat
569 2585 680 2621 illisi
699 2593 811 2621 natus
833 2586 1063 2634 nonsuisset
1094 2584 1272 2633 loquitur
1300 2584 1463 2621 indubie
1492 2586 1540 2621 de
1569 2584 1777 2621 nativitate

461 2655 504 2678 ex
544 2652 658 2679 utero
697 2655 773 2691 que
812 2644 899 2679 sola
938 2644 1070 2691 quoad
1110 2642 1361 2679 nativitatem
1397 2642 1582 2679 animalis
1615 2641 1777 2690 proprie

529 2775 554 2803 3.
576 2775 646 2803 DE:
676 2776 741 2803 eius
762 2776 865 2807 deest:
896 2776 935 2803 ib.
958 2776 1026 2804 DE:
1058 2777 1217 2804 vcnandns
1239 2777 1307 2804 sibi.
1444 2785 1478 2804 11.
1500 2778 1544 2805 A:
1566 2777 1774 2804 conclusione.

461 2819 502 2846 ¹9·
526 2810 593 2838 l)[⁴]:
616 2816 659 2837 est
681 2811 774 2838 tuod.
848 2820 893 2838 20.
916 2812 958 2838 A:
982 2812 1057 2845 sinn
1090 2812 1129 2838 ib.
1153 2811 1220 2839 lili:
1243 2811 1301 2838 Sed
1325 2812 1429 2838 tercio.
1504 2819 1547 2838 22.
1573 2812 1616 2838 A:
1639 2812 1776 2838 inavarus

459 2851 515 2872 cst.
536 2845 599 2872 Est.
664 2819 706 2873 22³
730 2845 801 2872 Ab:
824 2851 848 2872 et
872 2846 1018 2884 seciuido.⁴
1083 2846 1128 2874 30.
1152 2847 1173 2873 Ε
1194 2846 1222 2873 iu
1246 2854 1358 2881 marga
1383 2846 1424 2873 he
1445 2846 1597 2875 Scau-ioth.
1663 2832 1708 2879 lsi.
1731 2848 1774 2873 A:

461 2880 537 2907 Gen.
560 2880 616 2907 lV⁰
636 2880 731 2907 deest,
816 2880 856 2908 35.
878 2881 922 2908 A:
946 2889 1067 2907 moriar.
1153 2880 1198 2908 36.
1221 2881 1294 2908 Ab:
1317 2886 1386 2915 post
1407 2885 1548 2908 mortem.

532 2952 583 2994 37.
612 2952 775 2984 Matthaei
806 2953 931 2992 XXVl,
960 2963 1013 2992 24.
