1986 3380
216 299 289 333 312
791 307 1014 339 JOHANNJS
1035 307 1216 338 wvcrir
1236 307 1490 340 srzmioxuu
1539 293 1690 352 [SERMO
1707 305 1810 332 xr-m-

503 414 724 452 tiranniset,
772 424 928 461 oportet
976 423 1131 449 servato
1177 426 1318 459 genere
1361 415 1466 462 quod
1509 415 1688 450 subditus
1730 417 1812 451 Deo

502 472 663 508 obediat
689 481 724 508 et
749 472 785 506 in
813 471 951 507 maiori
980 481 1091 519 parte
1117 471 1250 518 generi
1275 472 1513 508 secularium
1540 472 1810 509 dominorum.

249 539 442 576 lxi-mnenimi
560 531 701 575 Quoad
750 530 922 577 primum
965 539 1244 576 argumentum
1288 530 1391 565 illius
1432 530 1539 565 dubii
1580 530 1812 578 principalis

239 578 458 634 ¹¹¹¹„JssssJ'J”
501 587 655 624 ridetur
690 587 783 623 milii
820 588 925 634 quod
962 600 1039 623 uon
1076 597 1132 623 est
1168 587 1329 623 indubie
1364 589 1681 633 concedendum,
1722 602 1810 625 cum

387 640 390 643 .
500 647 571 681 sub
607 658 650 682 ea
685 645 923 681 condicione
958 645 1035 681 reci
1065 643 1068 695 l
1101 646 1209 692 piens¹
1244 646 1368 682 eciam
1395 658 1416 682 a
1442 658 1544 693 papa
1575 646 1811 683 beneficium
1832 629 1912 706 ἵιοὲῖ,

501 703 720 739 incurreret
768 702 969 750 utrimque
1016 703 1255 750 symoniam,
1303 716 1390 739 cum
1439 716 1510 740 nec
1558 704 1688 746 refert,
1735 705 1813 741 sive

500 761 684 798 condicio
709 761 756 796 sit
782 760 978 808 implicita
1012 761 1091 797 sire
1125 761 1308 809 explicita
1344 763 1400 797 (ut
1431 771 1539 810 patet
1573 762 1611 797 in
1647 763 1813 799 materia

500 822 556 856 De
581 818 802 867 Syn101iia).
837 820 884 854 Et
919 819 948 855 si
984 831 1062 855 non
1097 819 1229 867 primo
1263 820 1480 868 explicetur
1514 820 1711 863 condicio,
1747 822 1812 857 sed

498 878 756 925 postmodun]
783 878 957 925 quodam
990 877 1163 924 generali
1199 878 1405 914 involucro
1439 887 1688 923 annectatur,
1723 878 1812 915 licet

500 935 672 983 provisO,
696 947 834 982 ymmo
868 936 983 971 debet
1018 945 1233 983 antequam
1270 936 1549 973 condicionem
1586 938 1705 973 talem
1742 937 1872 973 im-lo

498 992 663 1041 pleverit
709 992 834 1029 eciam
882 994 1019 1029 datum
1067 993 1303 1030 beneficium
1352 994 1536 1035 refutare,
1583 995 1675 1043 quia
1721 1008 1813 1031 con-

498 1051 677 1087 senciens
701 1051 769 1087 tali
794 1051 867 1087 sibi
891 1060 971 1088 tam
998 1052 1120 1088 libere
1145 1052 1345 1088 exaccioni
1370 1052 1594 1100 primorum
1612 1053 1810 1089 fructuum

499 1109 698 1146 consentit
744 1109 993 1158 dampnabili
1039 1109 1220 1146 simonie.
1267 1112 1347 1147 Nec
1394 1120 1483 1147 sunt
1529 1111 1716 1147 audiendi
1757 1111 1812 1147 in-

500 1168 635 1204 fideles
670 1166 736 1215 qui
772 1168 970 1204 blaterant
1005 1169 1112 1216 quod
1147 1181 1251 1216 papa
1284 1181 1365 1205 non
1399 1178 1529 1217 potest
1561 1169 1813 1206 committere

498 1224 737 1273 symoniam,
772 1234 854 1261 tum
880 1225 973 1274 quia
997 1238 1164 1274 peccare
1186 1235 1317 1275 potest
1340 1227 1541 1266 facillime,
1577 1237 1659 1263 tum
1686 1227 1811 1264 eciam
1836 1231 1870 1264 ιδ

498 1283 591 1332 quia
625 1292 835 1331 peccatum
878 1296 920 1320 ex
959 1292 1070 1321 tanta
1109 1284 1302 1331 gravitate
1342 1294 1526 1333 pretensa
1568 1285 1608 1321 fit
1643 1284 1812 1333 gravius.

243 1346 291 1374 No
321 1347 445 1385 sension-
557 1342 700 1387 Quoad
736 1343 954 1378 secundum
990 1342 1145 1378 videtur
1179 1342 1274 1378 mihi
1310 1344 1369 1379 vel
1393 1345 1499 1391 quod
1524 1343 1614 1380 talis
1638 1344 1814 1392 prelatus

211 1382 468 1444 ⁵¹1‘guglssffdfifflfd
500 1400 615 1435 debet
653 1399 879 1436 ministrare
914 1400 1088 1447 legitime
1122 1402 1340 1437 secundum
1368 1401 1558 1438 noticiam
1583 1401 1731 1438 subditi
1753 1403 1813 1438 vel

219 1452 303 1513 {pfl
317 1451 473 1513 ἧιῗξςςῃξξ.
499 1458 638 1494 saltem
671 1457 832 1494 habebit
865 1458 1116 1506 probabilem
1152 1458 1397 1496 evidenciam
1434 1472 1476 1496 ex
1505 1459 1813 1497 conversacione

505 1515 646 1563 prelati
687 1514 745 1552 sui
787 1517 893 1564 quod
934 1516 988 1553 sic
1029 1516 1133 1554 facit.
1192 1519 1239 1553 Et
1279 1517 1334 1554 sic
1372 1517 1528 1554 videtur
1568 1518 1663 1554 mihi
1704 1519 1810 1567 quod
1830 1532 1871 1555 20

498 1573 701 1610 cardinale
743 1573 920 1622 exigente
959 1575 1038 1611 tale
1078 1575 1270 1611 tributum
1313 1589 1333 1612 a
1373 1588 1444 1612 suo
1490 1576 1684 1613 beneficio
1729 1576 1811 1612 sine

496 1643 757 1680 recompensa
793 1631 1002 1669 ministerii
1037 1632 1159 1670 debiti
1184 1646 1257 1681 pro
1280 1635 1436 1679 eodem,
1471 1647 1559 1671 cum
1584 1634 1810 1671 subtraccio

497 1689 708 1726 ministerii
742 1689 801 1726 sui
835 1690 883 1727 sit
919 1693 1069 1728 mundo
1102 1692 1240 1740 patula
1264 1701 1300 1728 et
1324 1691 1583 1740 indisposicio
1617 1704 1659 1729 ex
1693 1705 1810 1729 occu-

496 1748 665 1796 pacione
705 1748 914 1797 peregrina
953 1758 995 1785 ut
1035 1750 1093 1786 lex
1126 1749 1288 1786 Domini
1321 1750 1544 1792 vendicata,
1580 1751 1695 1787 debet
1735 1750 1809 1787 sibi

495 1805 634 1855 negari
678 1814 908 1844 constanter
942 1807 1080 1855 pensio
1114 1807 1362 1858 temporalis,
1395 1817 1437 1845 ut
1469 1808 1578 1845 verbi
1612 1808 1745 1856 gracia
1778 1808 1809 1845 si
1827 1811 1866 1844 25

496 1863 711 1901 cardinalis
745 1877 789 1901 ex
821 1864 1043 1902 collacione
1075 1878 1178 1914 pape
1213 1867 1330 1902 habet
1363 1866 1736 1903 archidiaconatum
1771 1866 1809 1903 in

493 1922 636 1970 Anglia
670 1931 706 1958 et
740 1934 811 1959 nec
843 1935 914 1971 per
947 1936 986 1960 se
1009 1935 1081 1960 nec
1105 1936 1174 1972 per
1198 1932 1502 1972 procuratorem
1527 1925 1566 1960 in
1590 1924 1658 1961 illo
1681 1925 1809 1962 archi-

496 1980 711 2017 diaconatu
751 1980 883 2018 visitat
920 1981 1022 2018 sicut
1061 1983 1190 2023 debet,
1237 1982 1379 2030 prelati
1419 1982 1626 2019 inferiores
1665 1984 1809 2020 debent

495 2038 830 2087 procuracionem
876 2038 949 2075 sibi
995 2052 1152 2087 negare,
1199 2039 1433 2088 profitentes
1473 2042 1579 2089 quod
1619 2041 1650 2077 si
1688 2040 1808 2078 faciat

495 2095 717 2133 formaliter
751 2096 1017 2134 ministerium
1052 2097 1124 2134 sibi
1155 2097 1332 2135 debitum
1364 2100 1413 2135 ad
1442 2099 1688 2136 solucionem
1716 2112 1808 2148 pro·
1825 2102 1866 2135 30

495 2154 720 2191 curacionis
743 2154 974 2192 huiusmodi
997 2164 1088 2192 sunt
1111 2156 1253 2204 parati.
1279 2158 1352 2193 Per
1369 2156 1474 2193 idern
1499 2156 1602 2194 enim
1629 2166 1808 2194 mortuus

493 2213 553 2249 vel
582 2213 717 2261 laycus
746 2212 785 2249 in
807 2213 971 2250 nomine
993 2227 1065 2250 suo
1088 2214 1149 2250 vel
1172 2214 1294 2251 bestie
1318 2223 1451 2263 posset
1475 2215 1805 2263 procuracionem

495 2271 614 2307 talem
662 2270 826 2319 exigere.
881 2273 929 2307 Et
973 2272 1003 2308 si
1049 2273 1097 2309 ad
1142 2272 1329 2309 ultimum
1375 2285 1523 2321 negans
1564 2274 1634 2310 hec
1676 2273 1808 2310 taliter

495 2328 690 2366 cardinali
724 2329 773 2365 sit
806 2330 1189 2374 excommunicatus,
1230 2343 1252 2367 a
1291 2330 1486 2368 beneficio
1527 2344 1598 2368 suo
1631 2331 1808 2380 privatus

493 2387 553 2423 vel
586 2388 953 2437 quomodocunque
986 2387 1101 2425 aliter
1129 2387 1356 2433 tribulatus,
1384 2388 1540 2426 videtur
1570 2389 1666 2425 mihi
1701 2391 1806 2438 quod
1825 2393 1863 2426 35

493 2453 697 2493 gratanter
729 2453 934 2494 pateretur
966 2446 1103 2483 omnia
1125 2446 1221 2483 talia
1244 2455 1281 2483 et
1305 2446 1472 2493 maiora,
1497 2446 1590 2496 quia
1614 2448 1807 2496 dampna-

493 2501 582 2539 bilis
614 2503 728 2549 foret‚
763 2503 793 2540 si
827 2503 967 2541 talium
991 2516 1094 2553 pena
1116 2505 1177 2541 vel
1199 2503 1452 2553 dispendium
1477 2504 1606 2554 ipsum
1633 2506 1807 2543 traheret

496 2561 544 2597 ad
579 2573 831 2598 consensum.

563 2763 587 2792 3.
608 2764 663 2792 ΑΕ
684 2764 712 2792 in
736 2773 850 2800 marg:
872 2765 921 2793 Ad
945 2765 1091 2801 primum.
1148 2775 1176 2799 4.
1199 2765 1267 2794 DE:
1290 2774 1349 2794 nou
1371 2766 1465 2795 deest.
1523 2768 1550 2794 «ὃ.
1571 2769 1615 2795 A:
1639 2776 1692 2795 nec
1712 2768 1805 2795 deest.

494 2800 520 2826 ὃ.
544 2799 612 2826 Ι)Ε;
635 2807 694 2826 non
717 2804 786 2834 post
807 2800 983 2835 explicetur.
1048 2808 1085 2828 12.
1103 2800 1170 2828 DE:
1193 2800 1250 2828 sibi
1271 2809 1380 2830 causa:
1401 2802 1444 2829 A:
1467 2802 1573 2830 libero.
1595 2802 1712 2830 Codd.:
1734 2811 1806 2830 con-

495 2834 633 2861 senciens
654 2833 694 2861 in.
782 2842 821 2869 17.
842 2834 898 2862 AB
917 2834 946 2862 in
969 2843 1082 2870 marg.:
1105 2835 1152 2863 Ad
1176 2835 1356 2863 secundum.
1448 2843 1491 2864 22.
1514 2837 1538 2864 l)
1559 2837 1588 2864 in
1611 2845 1726 2872 marga
1747 2837 1805 2866 Sti-

503 2868 605 2896 ‘cndia
628 2868 778 2903 recipiens
799 2869 836 2896 ab
857 2869 982 2897 ecclesia
1004 2869 1068 2905 sinc
1091 2870 1203 2897 labore.
1283 2869 1321 2898 31.
1344 2871 1388 2898 A:
1418 2871 1508 2899 *arati
1531 2871 1624 2899 deest.
1698 2871 1740 2900 32.
1764 2872 1804 2899 b:

496 2878 601 2964 'besum
704 2902 746 2931 33.
771 2903 793 2930 l)
817 2904 844 2930 in
867 2912 981 2939 marg:
1014 2904 1376 2932 lixcommimicae-ionem
1421 2906 1485 2933 ebct
1509 2907 1602 2933 bomo
1624 2907 1682 2942 puli
1707 2907 1804 2934 humi-

507 2943 570 2964 uer.
