1986 3380
185 268 321 297 SERMO
342 257 467 316 xxvt]
659 269 872 303 SECUNDA
898 269 1024 300 PARS.

187 390 230 413 ex
262 378 411 414 nichilo
446 386 482 413 et
516 378 707 412 mundum
745 375 916 412 finaliter
949 374 1140 410 iudicabit
1179 374 1239 410 vel
1277 374 1418 409 saltem
1453 374 1499 409 de

187 435 368 483 possibili
402 435 467 471 ille
500 436 621 470 homo
656 433 721 482 qui
757 433 812 469 sic
846 432 938 469 facit
964 431 1237 468 communicat
1268 431 1307 467 in
1331 443 1500 478 corpore

188 502 225 529 et
266 493 399 529 anima
438 505 482 529 ac
528 492 833 541 quibuscunque
876 490 1057 539 partibus
1102 503 1191 526 cum
1238 489 1401 534 eisdem,
1447 488 1500 524 sic

118 590 122 594 v
187 560 354 598 possunt
386 551 515 587 facere
549 551 656 598 quod
687 549 867 586 Christus
900 549 949 584 sit
979 557 1335 597 quantumcunque
1366 546 1501 582 diffor-

91 589 173 667 JO‘ss
189 608 306 644 miter
321 608 493 645 laniatus
517 617 553 644 et
577 608 616 643 in
640 607 852 643 virtutibus
881 603 885 660 Ι
915 615 1271 655 quantumcunque
1290 604 1502 652 dispariter

190 666 397 714 spoliatus.
432 669 532 702 Nam
566 665 697 714 posita
730 665 798 701 tali
833 664 1113 712 assumpcione
1138 662 1422 711 compossibile
1446 670 1502 698 est

189 737 279 760 curn
325 725 400 760 hoc
445 725 552 772 quod
598 724 778 759 membra
818 721 966 759 Christi
1011 730 1218 770 assumpta
1263 722 1310 757 de
1353 719 1504 768 virgine

190 783 408 819 secundum
454 790 640 818 naturam
680 782 727 817 de
771 794 810 817 se
856 780 953 828 ipsis
997 789 1243 828 assumptam
1291 787 1505 827 quantum-

190 840 286 876 libet
329 839 545 885 varientur,
592 848 628 875 et
674 852 763 875 cum
799 838 911 875 accio
945 851 1114 887 persone
1148 839 1316 873 debetur
1348 846 1504 879 nature,

137 914 175 934 10
192 907 301 946 patet
325 899 432 946 quod
456 910 628 946 persona
651 896 799 933 Christi
824 898 1124 944 depauperante
1139 895 1269 943 ipsum
1293 895 1506 931 virtutibus

192 965 229 992 et
268 955 480 991 inducente
512 955 614 991 vicia
646 956 769 1003 (quod
804 956 1051 991 contendunt
1075 954 1256 990 absolute
1279 952 1506 989 necessario

191 1026 308 1062 posse
342 1011 456 1061 esse),
492 1013 565 1060 ipsi
599 1022 766 1061 possunt
800 1012 969 1049 faciliter
1002 1012 1057 1048 sic
1090 1020 1263 1048 tractare
1297 1010 1505 1047 dominum

191 1074 323 1108 Jesum
372 1071 589 1107 Christum.
636 1073 712 1108 Sed
758 1071 898 1119 procul
932 1083 953 1106 a
999 1069 1184 1106 fidelibus
1229 1068 1507 1105 conclusiones

192 1128 422 1166 huiusmodi
457 1129 806 1177 blasphemorum,
845 1141 926 1165 non
966 1128 1070 1164 enim
1117 1136 1284 1175 possunt
1333 1140 1422 1163 eum
1470 1127 1507 1162 in

140 1193 176 1225 15
193 1200 364 1236 persona
408 1199 479 1223 sua
524 1187 708 1224 occidere
751 1187 812 1223 vel
857 1188 1091 1234 dampnare,
1138 1185 1229 1223 licet
1274 1186 1508 1233 blaspheme

194 1246 390 1282 blaterent
424 1247 675 1282 antecedens.

254 1302 430 1340 Ulterius
463 1312 597 1339 autem
621 1304 905 1352 prosequendo
928 1315 1090 1339 sensum
1116 1300 1309 1350 evangelii
1332 1302 1509 1337 notanda

196 1370 286 1398 sunt
317 1362 438 1398 verba
471 1360 633 1408 Christi,
668 1363 761 1398 dum
798 1361 853 1398 sic
876 1361 1075 1409 loquitur:
1117 1361 1194 1404 Qui
1213 1360 1371 1409 Suscipit
1395 1372 1509 1395 unum

197 1420 311 1456 talem
340 1419 551 1468 parvulum
585 1420 621 1455 in
654 1420 803 1455 nomine
835 1432 916 1455 meo
957 1432 1016 1455 me
1054 1418 1222 1467 suscipit.
1264 1420 1338 1453 Iste
1377 1426 1511 1453 autem

140 1477 384 1526 20parvu1us
434 1477 687 1525 sompniatur
732 1477 850 1513 fuisse
894 1478 1033 1513 beatus
1077 1475 1280 1512 Marcialis
1324 1475 1512 1523 parvulus

197 1544 300 1572 etate
324 1543 361 1571 et
386 1534 557 1579 malicia,
576 1548 693 1584 quem
719 1537 859 1571 beatus
877 1537 1015 1571 Petrus
1042 1533 1146 1569 misit
1170 1543 1260 1582 post
1284 1533 1323 1569 in
1340 1533 1509 1570 Galliam

196 1593 406 1642 predicare
445 1601 481 1628 et
514 1593 693 1630 fundavit
719 1592 1044 1629 Lemoicensibus
1078 1592 1211 1628 fidem.
1246 1592 1323 1628 Sed
1347 1591 1512 1627 dimisso

196 1652 272 1688 isto
305 1650 402 1699 ipsis
436 1649 503 1698 qui
537 1653 698 1688 credere
732 1651 829 1687 illud
862 1652 1013 1696 volunt,
1048 1651 1266 1686 tenendum
1300 1658 1357 1685 est
1391 1650 1512 1697 quod,

196 1709 298 1746 sicut
329 1707 516 1756 superbia
549 1709 755 1746 descendit
789 1710 982 1757 dyabolus
1017 1710 1064 1744 de
1097 1721 1231 1756 regno,
1266 1707 1321 1743 sic
1355 1707 1513 1743 humili-

141 1772 180 1804 25
196 1777 277 1805 tate
317 1774 478 1814 oportet
521 1769 749 1805 ascendere.
797 1768 967 1816 Oportet
1012 1779 1106 1814 ergo
1152 1766 1328 1815 prelatos
1373 1774 1514 1802 notare

197 1824 465 1862 humilitatem
512 1826 702 1875 precipue
746 1838 819 1863 nec
867 1827 1060 1862 carebunt
1112 1824 1168 1861 sic
1220 1823 1390 1860 humiles
1435 1823 1513 1859 vite

196 1881 443 1928 necessariis,
473 1884 567 1932 quia
595 1884 804 1921 subvenire
832 1883 910 1920 illis
934 1892 991 1920 est
1015 1882 1220 1920 Christum
1251 1881 1291 1918 in
1322 1880 1513 1918 membris

197 1942 277 1978 suis
321 1939 523 1988 suscipere
567 1939 627 1995 (ut
670 1951 781 1991 patet
824 1943 910 1978 Act.
957 1942 1027 1978 IXO
1074 1949 1111 1977 et
1155 1941 1296 1977 Matth.
1335 1941 1512 1987 XX1V0).

199 2001 305 2036 Idem
341 2010 435 2046 ergo
468 2001 570 2037 foret
594 2002 641 2037 de
674 2000 750 2037 isto
784 1999 965 2036 diffidere
1000 2008 1036 2036 et
1062 1998 1134 2036 Dei
1167 1997 1510 2046 omnipotenciam

141 2061 182 2093 30
198 2070 244 2095 ac
268 2055 595 2096 omniscienciam
622 2071 712 2095 cum
736 2057 893 2095 iusticia
916 2070 984 2094 sue
1006 2056 1264 2106 providencie
1286 2057 1511 2105 desperare.

145 2138 149 2143 ·
198 2118 279 2153 Nec
330 2114 460 2153 solum
511 2116 703 2165 puniendi
766 2124 857 2152 sunt
908 2115 975 2165 qui
1027 2115 1238 2163 corporale
1288 2113 1511 2150 subsidium

199 2174 373 2222 parvulis
405 2170 496 2224 ¹,istis
535 2183 696 2223 negant,
735 2175 803 2211 sed
842 2173 899 2210 illi
933 2173 1000 2222 qui
1040 2173 1148 2221 ipsos
1183 2174 1423 2221 exprobrant
1456 2171 1512 2207 in-

198 2233 328 2269 ferunt
372 2229 450 2269 illis
489 2232 678 2269 iniuriam
711 2233 772 2269 vel
805 2231 1111 2281 quomodolibet
1149 2230 1443 2274 scandalizant,
1477 2238 1513 2266 et

199 2291 238 2327 in
268 2290 344 2327 isto
375 2291 552 2340 capitulo
581 2299 672 2328 sunt
700 2303 839 2327 omnes
869 2289 1030 2338 superbi
1062 2297 1098 2325 et
1122 2288 1265 2337 prelati
1287 2287 1514 2336 specialiter

144 2353 182 2385 35
199 2361 240 2385 se
284 2349 392 2397 ipsos
438 2350 668 2395 exaltantes,
712 2348 963 2397 spiritualem
1009 2347 1234 2384 doctrinam
1280 2359 1302 2383 a
1345 2344 1514 2382 subditis

200 2407 493 2454 subtrahentes,
543 2416 580 2444 et
623 2416 666 2443 ut
711 2406 883 2444 breviter
935 2405 1104 2451 dicatur,
1157 2406 1233 2442 hoc
1278 2404 1513 2441 scandalum

271 2530 299 2558 8.
321 2529 389 2558 DE:
412 2538 443 2557 se
464 2529 556 2557 deest.
672 2537 700 2565 9.
722 2529 790 2557 DE:
813 2529 911 2556 detur.
1027 2535 1064 2555 12.
1087 2527 1154 2566 DE:
1179 2527 1222 2554 sic
1242 2527 1347 2566 deest,
1373 2526 1413 2554 ib.
1434 2526 1463 2554 A
1484 2526 1514 2553 in

201 2574 316 2604 marg:
338 2573 358 2592 1.
396 2600 400 2604 η
431 2572 478 2592 20.
494 2564 564 2604 DE:
586 2565 692 2603 beat-us
713 2564 807 2591 deest.
836 2598 840 2602 ⁸
880 2570 925 2590 22.
941 2563 1015 2590 AD:
1038 2562 1198 2601 predicare
1218 2561 1319 2594 deest;
1340 2561 1381 2588 1b.
1397 2560 1466 2600 ΠΕ]
1488 2564 1515 2599 et

201 2600 348 2662 &233⁰oe
368 2596 1027 2669 issssssf⁰225¹2¹gsss³nit1esssEtttssssihenssg’s·
1048 2597 1261 2659 dDe{{1.¹p⁵⁰·3ss.
1278 2595 1515 2658 S{·2I?2{E}13{E¹1T

277 2716 325 2749 ¹9·
352 2706 475 2738 Petrus
503 2706 687 2738 Comestor
724 2706 758 2736 in
797 2704 855 2737 the
889 2705 1044 2737 Historia
1072 2703 1292 2735 Scholastica
1324 2703 1413 2744 (cap.
1440 2701 1515 2742 XC)

202 2754 268 2784 and
299 2751 491 2784 Nicholaus
520 2753 561 2784 de
589 2753 692 2795 Lyra,
724 2751 810 2783 both
845 2751 923 2793 give
958 2750 1017 2782 the
1044 2750 1208 2781 tradition
1236 2749 1387 2781 referred
1416 2755 1452 2778 to
1481 2748 1513 2777 in

201 2799 262 2831 the
288 2806 369 2838 terit,
396 2798 469 2830 that
494 2797 563 2830 this
591 2799 678 2830 little
704 2798 799 2830 child
828 2807 922 2839 grew
948 2807 995 2840 up
1022 2803 1057 2828 to
1085 2797 1127 2828 be
1155 2806 1171 2827 a
1199 2795 1331 2828 certain
1356 2794 1405 2826 St.
1427 2795 1515 2825 Mar-

203 2845 309 2885 cialis,
342 2844 425 2876 who
459 2855 530 2877 was
563 2851 641 2876 sent
668 2844 740 2876 into
769 2844 856 2876 Gaul
884 2844 930 2887 by
956 2844 1002 2875 St.
1032 2843 1133 2874 Peter
1160 2842 1229 2874 and
1256 2840 1430 2885 preached
1457 2839 1516 2871 the

204 2891 289 2924 faith
317 2898 352 2922 to
380 2891 440 2923 the
466 2891 594 2934 people
622 2889 661 2922 of
683 2890 743 2922 the
770 2890 954 2922 Limousin
981 2888 1156 2931 (Arnold).

1338 2944 1376 2977 13

1712 258 1783 304 193

1541 496 1607 522 The
1628 501 1771 531 contras)⁷

1540 531 1667 564 opinion
1690 532 1773 558 leads

1566 571 1595 591 to
1617 575 1739 593 various

1544 601 1677 627 lieresies
1697 609 1768 627 con-

1561 635 1686 670 cerning
1707 636 1756 662 the

1553 670 1756 697 incarnation.

1591 1782 1741 1818 Huinility

1574 1817 1700 1852 binding
1719 1825 1757 1843 on

1598 1852 1738 1886 prelatos.
