1986 3380
182 1523 248 1550 hlar

192 1566 248 1593 pro

206 1592 327 1626 sinless,

289 1530 335 1548 xva
340 1531 353 1549 S

292 1557 342 1593 bly

163 1871 216 1898 but
236 1878 281 1897 we
301 1869 376 1897 need

134 1910 188 1933 not
208 1904 314 1933 decide
334 1904 406 1932 this.

708 304 931 336 JOHANle
952 304 1135 336 WYCLlF
1153 304 1409 336 SERMONUM
1475 290 1626 347 [SERMO
1648 300 1728 328 Vlll·

414 423 598 450 mortem.
635 414 726 448 ldeo
760 411 864 447 venit
899 420 992 446 tunc
1027 423 1069 447 ex
1102 412 1239 448 eadem
1278 410 1526 447 revelacione
1560 410 1599 446 in
1631 420 1729 447 tem-

414 473 523 521 plum
559 480 594 507 et
627 470 771 518 accepit
794 469 1003 504 Dominum
1037 469 1072 504 in
1107 470 1229 515 ulnas,
1253 470 1377 505 Deum
1413 468 1591 505 devocius
1622 470 1729 505 bene-

414 531 561 569 dicens:
600 528 831 564 desiderium
871 527 967 562 enim
1007 539 1091 562 cum
1130 528 1358 576 completum
1382 527 1525 576 suerit,
1570 527 1731 562 delectat

413 589 579 624 animam
617 587 675 633 (ut
699 585 843 621 dicitur
868 586 1197 630 Prox·e1·b.XlII“‚
1240 586 1315 632 19),
1351 585 1440 621 ideo
1474 583 1658 632 prorupit
1691 584 1731 620 in

416 645 631 690 canticum,
667 644 773 692 quod
809 642 954 679 sufficit
988 642 1061 679 sibi
1095 644 1142 679 de
1180 642 1371 691 preterita
1409 642 1489 679 vita
1529 643 1764 690 completa5

415 714 507 740 tunc
543 702 644 739 mori
678 701 718 737 in
750 713 860 749 pace.
895 700 999 737 Satis
1029 701 1130 737 enirn
1167 700 1238 736 fuit
1271 700 1344 737 sibi
1378 700 1433 737 sic
1467 699 1731 749 corporaliter

415 761 560 798 sentire
584 759 787 797 Christum
822 758 888 807 qui
913 759 984 794 fuit
1008 759 1172 796 Messias
1202 758 1330 795 dictus
1353 759 1526 795 salutare
1549 757 1729 795 omnium

415 820 674 869 populorum.
734 816 914 854 Christus
967 816 1071 853 enim
1127 816 1199 853 fuit
1243 816 1538 865 predestinatus
1582 817 1729 853 nedum

416 879 591 915 salvator
623 885 783 924 patrum
817 874 857 910 in
889 874 1014 911 limbo
1047 876 1114 911 sed
1154 874 1422 923 predicandus
1462 874 1610 911 noticie
1649 887 1729 910 om-

417 936 519 972 nium
547 935 798 986 populorum,
832 933 957 969 lumen
990 934 1041 969 acl
1073 933 1348 969 revelacionem
1377 933 1556 984 gentibus
1584 932 1789 969 cecatis10

416 994 625 1031 veritatem
663 990 841 1029 veritatis
881 990 972 1027 fidei
1017 1000 1052 1027 et
1090 991 1262 1041 gloriam
1302 990 1573 1040 cuiuscunque
1607 991 1731 1040 plebis

417 1051 585 1089 volentis
618 1050 658 1086 in
690 1050 820 1098 ipsum
855 1050 1029 1085 credere.

475 1109 592 1146 Circa
615 1109 691 1145 hoc
717 1106 964 1155 evangelium
992 1106 1197 1143 dubitatur
1220 1115 1353 1142 utrum
1381 1108 1497 1143 beata
1518 1105 1630 1154 virgo
1660 1106 1732 1143 fuit

418 1167 584 1205 omnino
619 1178 755 1215 expers
788 1164 957 1213 peccati,
993 1173 1028 1200 et
1060 1164 1217 1200 videtur
1240 1166 1347 1212 quod
1371 1177 1465 1210 non,
1501 1164 1594 1212 quia
1625 1164 1732 1201 vovit

417 1225 685 1273 virginitatem
720 1232 757 1260 et
790 1222 861 1258 fuit
894 1221 1093 1270 posterius
1126 1221 1302 1269 legitime
1345 1221 1558 1270 coniugata
1593 1230 1629 1257 et
1663 1234 1732 1270 per
1753 1222 1789 1254 15

418 1295 665 1331 consequens
689 1282 858 1317 debebat
882 1292 924 1316 ex
948 1280 1032 1327 lege
1068 1279 1314 1316 matrimonii
1348 1279 1526 1316 debitum
1561 1279 1732 1316 carnalis

418 1342 560 1389 copule
594 1340 678 1376 viro
711 1351 795 1375 suo.
835 1339 884 1373 Et
925 1350 1014 1373 cum
1062 1349 1105 1374 ex
1148 1346 1242 1374 voto
1286 1337 1358 1374 fuit
1405 1337 1515 1386 prius
1557 1337 1733 1386 obligata

418 1400 547 1436 virum
591 1410 672 1434 non
717 1407 973 1444 cognoscere,
1018 1395 1174 1432 videtur
1219 1397 1327 1444 quod
1372 1408 1415 1432 ex
1453 1395 1733 1433 inobediencia

419 1458 524 1494 facta
555 1456 702 1503 Joseph
734 1453 914 1502 peccavit
945 1453 1165 1490 venialiter.

479 1514 553 1551 Hic
576 1521 707 1562 potest
730 1511 855 1549 teneri
888 1511 1151 1559 probabiliter
1185 1513 1293 1560 quod
1326 1512 1442 1549 beata
1473 1511 1597 1559 virgo,
1631 1511 1733 1548 sicut
1751 1523 1792 1544 20

420 1572 492 1609 fuit
537 1583 674 1620 expers
719 1569 897 1607 criminis
942 1569 1122 1615 actualis,
1168 1569 1223 1606 sic
1276 1569 1346 1605 fuit
1399 1582 1535 1618 expers
1580 1569 1733 1617 peccati

424 1629 630 1678 originalis
654 1637 691 1665 et
715 1627 988 1676 cuiuscunque
1010 1627 1194 1674 venialis3
1228 1640 1307 1663 non
1331 1636 1466 1664 tamen
1488 1627 1603 1664 video
1627 1629 1734 1676 quod

421 1696 580 1737 oportet
613 1688 661 1723 de
692 1685 928 1723 necessitate
961 1685 1100 1722 salutis
1133 1685 1351 1734 quemlibet
1384 1686 1619 1722 salvandum
1660 1686 1735 1722 hoc

421 1747 596 1784 credere.
632 1746 723 1781 Ideo
756 1743 912 1781 videtur
944 1743 1119 1780 stulticia
1153 1743 1258 1780 eirca
1293 1744 1368 1780 hoc
1398 1743 1567 1779 nimium
1602 1744 1736 1780 decer-

421 1813 525 1850 tare3
548 1815 621 1840 nec
644 1802 791 1839 scimus
814 1802 845 1838 si
869 1803 983 1838 beate
1004 1801 1145 1849 virgini
1174 1797 1178 1855 Ι
1208 1801 1444 1850 displiceant
1467 1801 1676 1850 opiniones
1699 1810 1736 1838 et

421 1870 615 1899 tractatus
648 1859 760 1896 istius
795 1859 980 1905 materie;
1014 1859 1104 1896 ideo
1137 1872 1321 1896 securum
1346 1859 1503 1896 videtur
1526 1868 1734 1908 tamquam

422 1919 631 1969 probabile
676 1927 831 1967 partem
876 1926 1060 1954 neutram
1107 1930 1282 1954 asserere
1334 1926 1370 1954 et
1419 1917 1544 1954 nichil
1586 1926 1736 1954 temere

423 1977 609 2014 diffinire.
654 1978 784 2013 Tento
829 1988 923 2024 ergo
969 1984 1175 2024 tamquam
1224 1976 1422 2024 probabili
1468 1976 1576 2024 quod
1622 1979 1736 2012 beata

422 2035 533 2084 virgo
565 2047 723 2082 semper
755 2033 829 2070 fuit
862 2046 998 2082 expers
1031 2033 1185 2082 peccati
1209 2033 1354 2070 dicitur
1377 2035 1427 2071 ad
1455 2042 1736 2082 argumentum

424 2094 531 2142 quod
547 2094 664 2129 beata
678 2092 788 2139 virgo
803 2092 918 2128 valde
941 2091 1012 2128 fuit
1028 2091 1218 2128 obediens
1239 2091 1323 2128 viro
1345 2104 1416 2128 suo
1437 2091 1521 2128 sine
1542 2103 1737 2128 consensu
1753 2093 1796 2126 30

425 2149 596 2188 carnalis
635 2151 790 2199 copule,
830 2162 967 2197 ymmo
1000 2158 1141 2186 neuter
1178 2149 1358 2197 ipsorum
1392 2149 1510 2186 istam
1550 2150 1737 2197 copulam

425 2208 652 2254 affectabat,
668 2220 741 2244 nec
765 2216 822 2244 est
845 2209 893 2244 de
909 2219 992 2244 esse
1016 2208 1071 2244 rei
1088 2207 1348 2254 matrimonii,
1372 2207 1464 2244 licet
1479 2207 1528 2243 sit
1543 2208 1739 2256 quodam-

428 2267 549 2303 modo
583 2265 666 2302 eius
698 2265 868 2313 signum.
915 2267 963 2302 Et
1002 2265 1057 2302 sic
1090 2265 1317 2313 intelligunt
1349 2266 1454 2313 leges
1487 2277 1563 2314 que
1597 2277 1640 2302 ex
1673 2264 1740 2301 illa

427 2325 572 2373 copula
597 2323 829 2360 adiudicant
853 2323 1038 2371 coniugia
1062 2323 1221 2360 illorum
1246 2323 1312 2372 qui
1334 2323 1466 2360 taliter
1487 2323 1739 2371 copulantur,

427 2382 519 2419 licet
554 2381 651 2418 fides
681 2390 718 2418 et
740 2380 985 2429 sponsalicia
1009 2381 1047 2417 in
1070 2381 1157 2418 aliis
1184 2389 1472 2430 precesserunt,
1498 2393 1577 2417 non
1601 2392 1740 2417 carna·
1758 2385 1796 2419 35

428 2440 517 2476 liter
541 2439 803 2487 copulantur3
836 2447 1114 2476 verumtamen
1137 2438 1256 2475 nimis
1278 2451 1396 2487 grave
1418 2439 1520 2476 foret
1552 2438 1740 2486 theologo

428 2498 556 2546 legem
612 2497 691 2534 iam
737 2505 962 2534 currentem
1014 2498 1061 2533 de
1113 2496 1183 2534 tali
1236 2496 1422 2545 coniugio
1474 2495 1558 2533 sine
1606 2507 1740 2532 errore

428 2555 640 2592 defendere
670 2555 732 2591 vel
764 2554 949 2602 probare.

1754 1779 1826 1811 Fol.

1755 1829 1831 1870 190c

499 2664 518 2683 1.
539 2655 579 2682 E:
602 2663 692 2682 nunc.
775 2654 799 2682 5.
822 2654 890 2681 DE:
912 2653 1039 2681 sutfecit.
1115 2662 1155 2681 ιο.
1178 2653 1246 2681 DE:
1270 2654 1483 2688 revelandum;
1511 2653 1551 2681 ib.
1574 2652 1642 2680 DE:
1663 2653 1740 2680 ceci-

428 2690 514 2724 tatis;
544 2690 585 2717 ib.
606 2689 630 2717 E
651 2689 679 2717 in
702 2697 814 2725 marg:
836 2689 956 2716 cecatis.
989 2722 996 2725 ,
1057 2697 1089 2715 11.
1112 2688 1178 2715 DE:
1201 2692 1228 2715 ct
1248 2689 1343 2716 deest.
1436 2687 1472 2716 13.
1494 2688 1550 2716 Al)
1572 2687 1601 2715 in
1623 2695 1738 2722 marg.:

428 2725 581 2758 Dubium;
611 2724 651 2752 ib.
674 2723 712 2751 E:
735 2724 834 2751 fuerit.
967 2727 1007 2750 ιο.
1030 2723 1067 2750 li:
1090 2723 1231 2756 cedebat;
1260 2723 1334 2750 Ab:
1356 2727 1383 2750 et
1403 2723 1467 2757 lege
1488 2721 1738 2755 matrimonium;

428 2760 468 2788 ib.
490 2760 529 2787 E:
560 2759 680 2787 devota.
813 2767 851 2793 ¹7-
873 2758 898 2785 l)
919 2757 949 2784 in
971 2765 1084 2793 marg:
1115 2757 1210 2785 Maria
1240 2765 1361 2793 semper
1390 2757 1446 2785 fuit
1474 2766 1510 2784 ex
1536 2765 1584 2784 ers
1614 2756 1738 2792 peccati.

428 2802 474 2822 20.
490 2795 545 2822 ΑΕ
563 2794 592 2821 in
616 2801 730 2829 marg:
750 2792 932 2828 Responsio.
1006 2799 1044 2819 21.
1061 2793 1089 2819 A
1105 2791 1133 2819 in
1151 2799 1246 2827 marg.
1268 2792 1316 2824 (bl.
1333 2792 1421 2823 inim:
1442 2800 1503 2827 quo
1547 2792 1632 2818 beata
1653 2791 1739 2825 virgo

427 2829 484 2856 fuit
503 2837 612 2864 expers
633 2827 772 2855 criminis
791 2827 918 2854 actualis
939 2831 966 2854 et
988 2826 1100 2862 peccati
1121 2826 1280 2862 originalis
1302 2831 1401 2863 potest
1416 2826 1616 2862 probabiliter
1631 2825 1736 2860 teneri,

427 2864 496 2892 licet
516 2871 577 2891 non
598 2863 637 2890 sit
657 2867 711 2890 ete.
734 2861 912 2890 necessitate
932 2861 1039 2889 salutis
1059 2861 1116 2888 hoc
1136 2861 1269 2889 credere.
1397 2868 1445 2902 ,²7·
1466 2861 1510 2888 A:
1533 2859 1736 2896 probabilem.

425 2897 471 2926 28.
492 2898 516 2925 D
537 2897 567 2926 in
588 2905 701 2932 marg:
723 2896 954 2925 Matrimonium
975 2895 1069 2924 Mai-ie
1089 2900 1117 2923 et
1135 2895 1261 2930 Joseph.
1323 2895 1362 2924 31.
1384 2895 1407 2923 E
1429 2895 1458 2923 in
1480 2903 1595 2930 marg.-
1617 2894 1738 2930 Copula

425 2932 555 2961 earnalis
576 2939 636 2960 non
657 2936 702 2960 est
722 2931 758 2959 de
778 2940 844 2959 esse
865 2930 1064 2959 matrimonii.
1138 2929 1186 2958 30.
1207 2931 1246 2960 E:
1269 2930 1357 2959 Unde
1376 2938 1447 2958 cum
1469 2930 1578 2958 nimis.
