1986 3380
153 895 299 930 laxiunple
319 895 352 921 ιη’

164 931 268 956 &linis
291 934 342 956 not

183 964 319 998 binding.

121 1426 259 1454 lic-'ends
280 1430 308 1453 oi
332 1426 381 1453 tlie

155 1461 344 1489 (Aurmeliles.

125 2169 211 2204 Fony
234 2170 263 2195 υί
285 2167 391 2202 aput-al

137 2208 167 2230 10
190 2211 319 2230 unrecor
345 2202 379 2229 ed

137 2242 200 2266 acts
221 2238 255 2265 os
273 2237 385 2265 Christ.

699 316 924 350 JOHANNis
946 315 1126 347 WYCLlF
1146 313 1401 346 samonum
1465 296 1616 354 [sumo
1638 306 1718 336 vul.

404 426 517 464 alteri
553 428 599 462 ad
636 424 928 462 obedienciam,
964 423 1057 471 quia
1091 434 1180 458 cum
1215 420 1380 469 quilibet
1415 420 1530 455 debet
1555 417 1718 454 obedire

404 485 579 529 cuilibet,
626 496 765 519 omnes
821 480 1013 529 prepositi
1058 480 1137 516 suis
1189 478 1357 515 subditis
1405 477 1459 513 sic
1512 484 1717 517 voverent2

404 555 539 591 ymmo
574 554 663 578 cum
698 539 890 588 prepositi
924 547 1014 574 sunt
1043 539 1130 586 plus
1155 536 1280 585 ignari
1305 535 1573 572 communiter
1597 546 1716 582 quam

404 600 463 637 sui
501 608 689 636 voventes
723 607 759 634 et
791 610 813 634 a
847 596 918 633 Dei
960 595 1195 632 obediencia
1232 594 1364 643 sepius
1403 591 1602 637 tardativi,
1643 604 1718 639 que

406 657 626 706 prudencia
670 657 772 693 foret
817 654 962 692 talibus
1007 653 1136 690 stultis
1189 651 1402 701 prepositis
1454 650 1509 687 sic
1554 650 1752 686 vovere‘rfi

406 715 562 754 Sufficit
595 727 689 762 ergo
721 725 863 750 vovere
896 714 980 748 Deo
1013 711 1080 760 qui
1114 712 1230 747 debet
1263 722 1345 747 esse
1379 709 1518 745 unicus
1551 720 1720 756 sponsus

405 773 528 811 animi
563 772 742 817 humani,
776 780 813 808 et
846 771 877 807 si
902 769 988 819 quis
1021 782 1103 806 non
1135 768 1252 805 fuerit
1286 780 1374 804 cum
1407 776 1500 803 voto
1534 775 1720 802 extraneo

406 830 645 868 infundabili
678 830 927 867 cathenatus.

464 892 544 926 Nec
583 896 742 925 moveat
780 888 888 936 quod
928 885 1041 923 multi
1081 885 1160 922 iam
1201 883 1327 921 sancti
1368 883 1407 919 in
1454 883 1539 919 celo
1578 880 1721 918 famosi

406 948 446 984 in
484 947 618 984 seculo
657 946 714 983 sic
744 953 950 991 voverunt,
985 944 1078 993 quia
1117 942 1230 979 multi
1263 951 1345 979 tam
1388 940 1494 978 beati
1527 952 1646 988 quam
1682 939 1749 975 ini

406 1006 542 1042 seculo
580 1004 724 1042 famosi
769 1004 810 1040 in
855 1004 931 1039 hoc
971 1011 1007 1039 et
1047 1001 1208 1038 aliunde
1246 999 1403 1048 gravius
1441 1006 1719 1047 peccaverunt.

409 1065 499 1100 Ideo
538 1062 640 1099 sicut
673 1071 781 1099 secta
813 1061 982 1098 fratrum
1016 1069 1083 1097 aut
1123 1072 1262 1096 eorum
1298 1066 1551 1093 monstruosa
1585 1056 1720 1102 regula

405 1134 487 1159 non
520 1122 638 1157 habet
670 1119 999 1169 probabilitatem
1032 1118 1092 1154 vel
1115 1115 1399 1154 fundacionem
1433 1127 1477 1151 ex
1508 1114 1720 1161 scriptura,

407 1192 497 1216 cum
528 1178 642 1216 aliter
672 1179 902 1215 laborarent
931 1176 1131 1224 superflue
1160 1176 1210 1211 ad
1233 1186 1382 1222 papam
1404 1185 1477 1221 pro
1506 1171 1586 1208 suis
1615 1171 1722 1207 ordi-

407 1237 523 1274 nibus
562 1235 863 1280 confirmandis,
898 1235 953 1271 sic
993 1233 1119 1270 eciam
1159 1230 1358 1279 obligacio
1392 1239 1428 1266 et
1459 1238 1597 1266 votum
1631 1241 1771 1265 cumi-

409 1295 543 1331 multis
591 1294 677 1331 aliis
722 1292 960 1330 ceremoniis
1001 1291 1144 1339 quibus
1192 1287 1429 1325 obnubilant
1466 1287 1722 1324 fratrifactos.

408 1355 485 1390 Sed
523 1352 624 1388 sicut
658 1351 785 1399 peiori
818 1363 939 1398 quam
972 1347 1120 1386 simiali
1158 1346 1321 1395 argucia
1353 1354 1524 1394 arguunt
1558 1344 1723 1393 quidam

409 1412 549 1447 fratres
589 1411 697 1458 quod
741 1417 848 1445 secta
894 1420 1034 1444 eorum
1074 1406 1147 1443 fuit
1187 1414 1278 1442 ante
1316 1403 1643 1441 incarnacionem
1682 1401 1723 1438 in

409 1477 545 1504 monte
590 1467 778 1512 Carmeli,
824 1465 918 1515 quia
951 1464 1086 1502 Helias
1131 1463 1275 1512 legitur
1318 1462 1372 1498 ibi
1418 1462 1574 1510 aliquos
1619 1460 1722 1496 filios

408 1525 651 1562 imitacionis
685 1524 884 1569 habuisse,
908 1524 964 1560 sic
997 1531 1168 1571 arguunt
1201 1520 1398 1558 conformi
1431 1519 1593 1567 argucia
1616 1519 1724 1567 quod

408 1593 498 1621 sunt
531 1584 672 1620 fratres
704 1584 819 1619 beate
850 1581 1027 1629 virginis,
1061 1580 1154 1629 quia
1186 1579 1407 1616 induuntur
1439 1577 1539 1614 albis
1573 1576 1723 1624 cappis,

409 1651 446 1679 et
469 1642 612 1679 albedo
642 1641 771 1689 signat
802 1639 944 1677 mentis
975 1638 1236 1683 mundiciam,
1261 1649 1337 1685 que
1367 1636 1406 1672 in
1436 1637 1551 1672 beata
1574 1634 1724 1681 virgine

411 1699 557 1736 dicitur
585 1698 826 1747 precellisse.
856 1700 905 1734 Et
934 1697 990 1734 sic
1018 1697 1058 1733 in
1087 1697 1232 1733 baculo
1262 1693 1484 1731 arundineo
1517 1691 1724 1729 stabiliunt

410 1759 519 1806 quod
543 1757 702 1794 Christo
734 1756 789 1793 sic
811 1764 1005 1793 voverunt
1028 1754 1200 1803 apostoli
1222 1753 1283 1790 vel
1306 1753 1429 1799 Helye
1453 1759 1521 1788 aut
1547 1749 1724 1787 Samueli

411 1815 470 1852 sui
495 1815 692 1863 discipuli.
727 1816 775 1850 Et
799 1822 993 1862 quantum
1019 1814 1067 1849 ad
1091 1811 1319 1860 sompniata
1343 1809 1537 1846 miracula
1560 1816 1725 1857 propter
1741 1822 1756 1842 2

411 1886 550 1910 eorum
595 1872 960 1909 infundabilitatem
1005 1869 1231 1907 instabilem
1277 1868 1375 1905 nulli
1421 1866 1620 1904 catholico
1666 1874 1723 1902 est

412 1932 649 1977 curandum,
673 1943 809 1978 ymmo
838 1942 909 1978 per
936 1930 1070 1966 locum
1100 1941 1122 1964 a
1151 1927 1294 1964 maiori
1325 1924 1586 1963 similitudine
1616 1925 1723 1972 quod

412 1989 552 2026 fratres
591 1988 693 2037 nigri
733 1997 770 2024 et
802 1988 843 2024 in
875 1988 1081 2035 sculptura
1112 1985 1281 2023 vestium
1315 1983 1528 2021 deformati
1561 1990 1652 2018 sunt
1685 1981 1725 2018 in

412 2055 629 2095 patronatu
652 2046 812 2094 dyaboli
835 2045 1014 2091 stabiliti,
1040 2043 1133 2093 quia
1156 2043 1251 2080 talia
1280 2040 1510 2080 accidencia
1533 2039 1725 2088 dyabolos

414 2105 522 2154 ipsos
554 2104 724 2152 signant.
1742 2100 1757 2132 5

472 2164 520 2198 Et
558 2162 589 2199 si
629 2161 810 2210 signatur
842 2162 950 2210 quod
990 2161 1116 2197 multa
1148 2159 1240 2196 fecit
1271 2160 1382 2195 Jesus
1415 2169 1491 2206 que
1523 2169 1605 2193 non
1636 2163 1726 2192 sunt

414 2220 564 2268 scripta
602 2220 642 2256 in
681 2221 756 2256 hoc
796 2219 1001 2267 evangelio
1037 2219 1094 2266 (ut
1125 2218 1212 2254 Joh.
1246 2216 1421 2264 ultimo),
1456 2223 1492 2251 et
1531 2226 1602 2263 per
1634 2226 1727 2250 con-

415 2290 597 2328 sequens,
623 2277 804 2314 Christus
827 2277 1007 2314 fundavit
1031 2277 1102 2312 hos
1132 2275 1305 2319 ordines,
1331 2273 1421 2310 licet
1451 2273 1518 2309 illa
1540 2270 1728 2308 fundacio

1741 1531 1781 1552 20

1760 953 1780 970 Ο

1765 1230 1779 1257 ‚3

1764 1810 1780 1843 5

1763 2110 1783 2131 0

415 2348 497 2372 non
529 2335 578 2371 sit
611 2335 651 2372 in
685 2335 889 2383 evangelio
922 2342 1166 2384 expressata:
1200 2345 1337 2370 revera
1360 2344 1429 2380 per
1458 2332 1560 2367 hanc
1593 2341 1728 2366 cecam
1763 2367 1768 2373 ,

417 2392 622 2441 arguciam
649 2389 656 2447 Ι
683 2401 916 2442 sequeretur
940 2393 1048 2441 quod
1077 2391 1208 2428 omnis
1237 2390 1395 2427 novella
1424 2397 1531 2426 secta
1560 2388 1727 2424 fratrum
1746 2367 1818 2444 ξω·

487 2547 506 2566 1.
522 2539 567 2566 A:
589 2537 673 2566 alteri
694 2537 820 2565 obedire
839 2542 867 2565 et
887 2537 1027 2570 cuilibet:
1048 2537 1089 2565 ib.
1105 2537 1134 2564 A
1153 2536 1182 2563 in
1205 2544 1320 2571 marg:
1342 2535 1385 2563 De
1405 2533 1592 2562 obediencia.
1643 2542 1671 2566 4.
1688 2532 1727 2560 Ε·

415 2573 452 2601 ad
474 2572 529 2600 l)ei
550 2572 778 2606 obedienciam3
809 2572 848 2600 ib.
870 2573 915 2600 A:
937 2571 1058 2599 tardati.
1191 2571 1219 2598 τ’).
1240 2571 1283 2598 A:
1306 2578 1439 2605 sponsus
1461 2568 1560 2603 deest3
1590 2568 1630 2595 ib.
1653 2568 1676 2595 1)
1698 2567 1727 2594 in

418 2615 531 2643 marg:
555 2607 674 2634 Sufficit
694 2615 805 2634 vovere
827 2607 904 2640 Deo;
927 2606 951 2634 E
971 2606 1001 2633 in
1023 2614 1138 2640 marga
1162 2605 1280 2632 Vovere
1302 2605 1364 2632 Deo
1384 2603 1506 2631 sufficit.
1590 2611 1629 2630 ιο.
1652 2602 1676 2630 l)
1698 2602 1727 2630 in

418 2650 531 2677 marga
552 2641 745 2676 Religionum
768 2641 957 2676 privatarum
980 2641 1226 2668 fundamentum.
1319 2646 1356 2666 12.
1378 2639 1405 2666 A
1426 2638 1456 2665 in
1478 2646 1544 2665 mar
1569 2647 1591 2665 .:
1613 2636 1729 2665 Contra

417 2677 543 2711 fratres;
573 2676 613 2704 ib.
635 2677 677 2703 A:
711 2680 921 2711 monstruosa:
952 2675 981 2702 in
1013 2683 1127 2710 marga
1159 2673 1314 2701 mardosa.
1448 2673 1493 2701 .15.
1517 2673 1586 2700 Dm
1616 2671 1660 2699 sic
1688 2676 1727 2700 et.

419 2720 457 2751 ¹7·
480 2711 524 2739 A:
546 2719 638 2746 quam
660 2710 754 2738 deest.
829 2710 868 2737 18.
889 2710 933 2737 A:
956 2710 1087 2737 fuerunt.
1166 2716 1212 2736 20.
1233 2709 1261 2736 A
1281 2708 1310 2736 in
1333 2715 1448 2742 marga
1469 2707 1583 2735 Contra
1604 2706 1729 2734 Carme-

417 2747 503 2780 litas-3
523 2745 547 2773 E
567 2745 596 2772 in
620 2753 733 2780 marg:
757 2743 992 2772 Carmelitarum
1013 2744 1213 2779 impugnatur
1233 2743 1344 2782 regula.
1401 2749 1447 2776 211.
1469 2743 1512 2770 A:
1535 2747 1561 2769 et
1583 2741 1728 2769 Samueli.

417 2780 461 2809 25.
482 2781 527 2808 A:
550 2778 812 2815 sempiternateo)
832 2778 989 2806 miracula.
1132 2778 1178 2805 26.
1199 2777 1244 2805 A:
1271 2766 1468 2810 infinitatem;
1498 2777 1538 2804 ib.
1560 2777 1604 2804 A:
1633 2777 1727 2804 nullo.

417 2814 463 2843 28.
484 2815 528 2843 A:
551 2814 659 2842 fratres
681 2822 729 2841 ma
753 2813 828 2840 istri.
902 2811 940 2840 31.
961 2814 990 2840 A
1010 2813 1038 2840 in
1061 2820 1174 2848 marg:
1197 2811 1354 2839 Obieccio.
1427 2810 1471 2839 32.
1487 2812 1531 2839 A:
1555 2815 1584 2838 iit
1605 2810 1725 2838 dicitur.

416 2848 463 2884 34.
484 2850 513 2878 A
533 2848 564 2877 in
584 2856 699 2885 marg.:
744 2847 907 2884 esponsio;
928 2847 952 2875 E
972 2847 1002 2875 in
1023 2854 1137 2883 marg:
1158 2846 1249 2875 Nota.

489 2943 542 2966 20.
569 2931 621 2966 Cf.
647 2931 724 2966 1²01.
745 2931 887 2974 Works,
913 2941 992 2974 pag.
1020 2940 1098 2974 274.

1766 2412 1826 2457 90⁴
