1986 3380
215 302 352 331 samio
374 291 441 349 ιιι]
688 302 898 335 sECUNDA
927 302 1052 334 PARs.

216 425 261 449 ac
312 420 587 459 contemptum
639 409 778 446 talium
830 409 1132 445 declarandum.
1190 409 1279 444 {deo
1330 411 1386 449 (ut
1438 421 1529 455 sepe

216 470 532 519 prenosticatum
566 470 638 515 est)
674 480 834 504 necesse
868 475 924 503 est
958 475 999 502 ut
1033 478 1153 513 regna
1186 466 1224 501 in
1259 478 1298 502 se
1333 466 1456 502 divisa
1481 468 1527 502 ad

216 528 274 565 sui
310 526 617 564 internicionem
652 538 695 562 ex
728 525 796 562 tali
831 524 1006 561 stulticia
1041 525 1285 560 desolentur.

275 589 355 623 Nec
388 586 492 622 valet
524 585 745 622 vecordans
779 582 986 620 excusacio
1010 581 1244 618 Antichristi
1275 594 1353 630 qua
1387 581 1531 617 dicitur

184 646 323 694 §quod
346 657 427 681 non
460 643 550 680 licet
585 641 758 679 dominis
791 640 1082 690 temporalibus
1114 639 1416 676 ordinacionem
1453 639 1530 675 iam

217 711 442 740 currentem
488 700 690 749 corrigere
736 708 772 736 et
817 700 865 735 ad
906 698 1212 735 ordinacionem
1252 697 1399 734 Christi
1441 697 1531 733 huic

217 760 460 798 contrariam
508 759 723 796 exercitum
761 770 875 794 suum
918 758 1122 803 reducere,
1163 766 1246 792 tum
1289 755 1383 804 quia
1418 755 1531 791 multi

216 828 306 855 sunt
347 817 472 855 sancti
513 826 646 866 patres
685 816 752 865 qui
793 816 1013 852 secundum
1059 816 1179 852 talem
1227 813 1530 850 ordinacionem

216 876 363 915 Christi
397 875 590 913 exercitus
624 874 939 922 triumpharunt,
981 882 1064 909 tum
1106 872 1232 909 eciam
1272 871 1366 920 quia
1400 873 1533 908 hostes

163 934 334 973 ionimis
368 933 482 970 multi
517 942 658 971 contra
691 941 947 980 acceptantes
981 930 1285 967 ordinacionem
1321 931 1440 966 talem
1477 929 1533 965 in-

215 1001 434 1041 surgerent.
476 993 618 1038 Quoad
659 990 834 1039 primum
876 998 986 1038 patet
1020 1002 1041 1026 a
1074 998 1257 1037 tempore
1291 1001 1370 1037 quo
1411 987 1534 1024 intro-

216 1053 336 1088 ducta
381 1059 438 1087 est
482 1049 573 1087 talis
619 1048 813 1086 exercitus
854 1047 1001 1084 Christi
1048 1046 1311 1092 reversancia,
1360 1046 1534 1082 decrevit

215 1122 286 1146 sua
312 1108 472 1151 milicia,
508 1117 544 1145 et
577 1109 676 1145 tales
710 1106 862 1156 pugiles
896 1105 962 1155 qui
997 1104 1301 1142 deordinacioni
1335 1104 1406 1141 tali
1441 1117 1535 1140 con-

215 1175 421 1205 senserant
453 1166 626 1215 graviter
649 1173 928 1215 peceaverunt.
963 1166 1044 1200 Nec
1067 1173 1158 1200 sunt
1181 1163 1220 1200 in
1243 1164 1319 1200 hoc
1343 1162 1534 1211 sequendi

163 1227 282 1264 15sed
323 1225 362 1262 in
402 1224 632 1261 huiusmodi
681 1222 909 1273 penitencia
955 1231 991 1258 et
1037 1221 1318 1259 satisfaccione
1363 1234 1436 1269 pro
1477 1233 1535 1257 re-

216 1283 444 1333 pugnancia
483 1282 558 1331 legi
597 1281 760 1319 Christi.
807 1282 899 1318 ldeo
940 1281 1070 1317 solum
1116 1279 1200 1328 ipse
1243 1280 1305 1316 vel
1349 1278 1416 1316 alii
1463 1280 1534 1315 sub

218 1341 378 1379 racione
411 1353 490 1390 qua
522 1349 711 1377 secuntur
744 1340 874 1389 ipsum
909 1351 930 1376 a
964 1338 1147 1375 fidelibus
1181 1347 1272 1375 sunt
1303 1337 1484 1374 notandi.

276 1401 367 1437 Ideo
411 1399 514 1436 absit
559 1411 581 1435 a
627 1398 809 1435 fidelibus
854 1397 929 1433 ista
975 1396 1238 1445 blasphemia,
1284 1404 1327 1432 ut
1371 1395 1536 1432 dimissa

218 1457 365 1495 Christi
406 1456 718 1494 conversacione
751 1465 871 1504 atque
905 1454 1088 1491 doctrina
1123 1454 1355 1491 intendatur
1387 1453 1464 1490 vite
1499 1462 1536 1490 et

160 1515 345 1553 zoverbis
397 1514 508 1551 ducis
560 1514 757 1551 errabilis.
805 1513 870 1550 Sic
915 1512 1020 1549 enim
1066 1513 1348 1561 blasphemant
1394 1513 1536 1549 fratres

217 1575 325 1623 quod
359 1572 498 1621 religio
530 1585 601 1609 sua
634 1572 683 1609 sit
717 1570 967 1621 prestancior
1000 1584 1121 1619 quam
1146 1570 1373 1607 communis
1397 1569 1536 1618 religio

223 1631 454 1676 christiana,
496 1632 564 1667 sed
605 1642 648 1667 ex
688 1629 764 1667 fide
803 1638 845 1666 ut
878 1638 1072 1678 patronus
1107 1637 1164 1665 est
1196 1628 1350 1677 pocior,
1388 1627 1537 1665 milicia

217 1702 287 1727 sua
319 1689 573 1738 triumphans
606 1697 664 1725 est
696 1687 911 1737 gloriosior
944 1696 981 1723 et
1013 1687 1150 1735 regula
1183 1699 1261 1736 qua
1296 1686 1447 1735 regitur
1480 1695 1537 1723 est

217 1747 451 1798 perfeccior.
485 1749 534 1784 Et
567 1748 701 1796 quoad
735 1747 956 1784 seeundum
989 1744 1193 1782 obiectum
1228 1744 1395 1782 concedi
1420 1745 1537 1781 debet

162 1811 200 1844 25
217 1807 326 1856 quod
360 1807 435 1843 hoc
467 1814 669 1855 temptans
702 1818 776 1854 pro
809 1812 923 1854 parte
957 1803 1106 1840 Christi
1138 1803 1301 1840 habebit
1340 1802 1537 1852 plurimos

217 1866 487 1911 adversantes,
539 1863 632 1913 quia
682 1876 762 1901 non
805 1864 936 1900 solum
978 1861 1272 1899 Antichristum
1318 1870 1355 1898 et
1398 1873 1538 1898 omnes

217 1923 301 1960 eius
345 1922 565 1972 discipulos
618 1923 687 1959 sed
739 1921 871 1971 ipsum
918 1920 1134 1968 dyabolum
1181 1928 1218 1957 et
1262 1932 1402 1956 omnes
1446 1932 1538 1956 suos

217 1981 381 2030 angelos
414 1980 482 2031 qui
516 1992 672 2017 summe
705 1980 847 2018 odiunt
881 1979 989 2028 quod
1024 1978 1171 2015 Christi
1212 1977 1422 2015 ordinacio
1463 1986 1538 2014 stet

218 2039 258 2076 in
290 2039 420 2077 terris.
467 2040 545 2077 Sed
578 2038 809 2076 consolacio
841 2036 1009 2075 virtuosi
1042 2036 1290 2085 agonizantis
1325 2036 1432 2073 circa
1465 2035 1538 2072 dif-

160 2101 201 2135 30
218 2097 322 2136 ficile
360 2110 442 2135 non
482 2098 600 2134 debet
637 2097 865 2134 vecorditer
905 2108 949 2132 ex
990 2095 1066 2132 isto
1111 2095 1294 2141 deficere,
1327 2103 1411 2131 tum
1446 2093 1540 2143 quia

218 2156 400 2194 Christus
440 2165 477 2193 et
516 2164 600 2193 tota
641 2168 712 2192 sua
744 2154 897 2192 familia
931 2166 1007 2202 que
1041 2162 1098 2190 est
1131 2153 1256 2202 priori
1289 2152 1541 2202 prestancior

218 2214 408 2252 fortificat
451 2222 675 2263 pugnantes
714 2226 788 2262 pro
828 2225 948 2250 causa
981 2224 1052 2248 sua
1086 2220 1122 2248 et
1156 2211 1340 2248 beatifice
1373 2219 1540 2248 coronat

218 2273 258 2310 in
297 2272 383 2322 ipsa
422 2281 616 2310 mortuos.
657 2273 734 2309 Sed
773 2273 820 2309 de
859 2279 1011 2320 quanto
1051 2271 1123 2307 hec
1163 2282 1282 2307 causa
1324 2269 1538 2309 extollitur.

219 2333 267 2368 de
299 2340 413 2368 tanto
447 2329 641 2368 exercitus
674 2329 834 2378 dyaboli
867 2337 1099 2378 superatur;
1133 2337 1171 2365 et
1200 2329 1250 2365 ad
1279 2328 1539 2377 pugnandum

162 2389 260 2428 35in
299 2390 374 2427 hac
413 2401 533 2427 causa
566 2388 748 2426 Christus
787 2387 958 2426 armavit
996 2399 1089 2424 suos
1129 2385 1275 2423 milites
1317 2387 1451 2423 dando
1484 2385 1540 2422 eis

219 2448 446 2498 temporale
479 2446 705 2485 dominium
739 2445 1026 2496 conquisitum.

289 2602 315 2623 2.
343 2595 388 2623 A:
411 2594 675 2630 pronosticatum;
709 2593 749 2621 ib.
771 2593 815 2623 A:
838 2592 882 2620 sic
902 2592 942 2621 in.
1069 2590 1094 2620 3.
1116 2591 1185 2620 DE:
1207 2590 1474 2621 interfeccionem;
1496 2589 1541 2617 in-

220 2634 315 2658 torem
341 2629 462 2658 cionem
484 2629 514 2657 in
536 2637 632 2665 marg.
706 2638 735 2663 4.
757 2629 802 2656 A:
824 2627 996 2656 vecordans
1017 2626 1118 2662 deest;
1148 2626 1189 2654 ib.
1211 2626 1236 2654 D
1257 2625 1288 2653 in
1310 2633 1426 2660 marg:
1448 2623 1540 2652 Nota.

219 2664 247 2693 8.
269 2665 294 2693 D
331 2674 338 2692 ε
360 2669 431 2692 sunt
452 2686 458 2692 .
475 2685 482 2692 .
498 2685 504 2691 .
522 2685 528 2692 .
550 2664 601 2700 qui
623 2663 725 2698 deest3
746 2663 787 2690 ib.
802 2662 858 2691 AD
881 2662 910 2690 in
932 2670 1045 2697 marg:
1068 2670 1088 2690 ι.
1191 2669 1220 2697 9.
1242 2660 1298 2688 AD
1319 2660 1349 2687 in
1372 2668 1485 2698 marg:
1508 2666 1540 2689 2:

220 2699 264 2728 D:
285 2699 466 2727 Dotacionis
486 2698 634 2727 defensio.
756 2706 797 2726 ιο.
819 2697 888 2726 DE:
911 2701 1140 2732 attemptantes,
1262 2703 1297 2726 ιι,
1320 2702 1358 2723 12.
1379 2695 1423 2722 A:
1445 2698 1541 2721 intro-

219 2734 331 2763 ductus
348 2756 354 2762 .
371 2756 378 2762 .
395 2755 401 2761 .
418 2755 424 2760 .
482 2741 520 2762 12.
535 2734 580 2762 A:
603 2733 795 2761 reversancia
811 2732 904 2760 deest.
963 2732 998 2760 ¹5.
1014 2731 1082 2760 DE:
1105 2730 1189 2759 modi
1206 2730 1300 2758 deest.
1358 2729 1394 2758 15.
1413 2728 1454 2756 16.
1471 2728 1540 2756 DE:

221 2774 249 2796 ct
270 2768 478 2805 repugnancia
498 2768 583 2804 legis.
718 2775 765 2796 20.
787 2768 815 2795 A
836 2767 864 2794 in
887 2775 1002 2802 marg:
1035 2766 1151 2794 Contra
1172 2765 1298 2799 fratres:
1328 2764 1353 2792 D
1375 2763 1403 2791 in
1427 2771 1539 2797 marg:

223 2803 315 2832 Nota.
390 2811 430 2832 21.
453 2803 522 2831 DE:
544 2802 648 2830 omnis
670 2802 777 2837 religio
798 2802 846 2829 sit.
921 2809 965 2829 22.
986 2802 1031 2829 A:
1055 2805 1204 2836 patronus
1224 2799 1325 2832 dees13
1353 2803 1383 2826 ut
1405 2798 1543 2833 sequitur

224 2839 342 2867 lacuna.
373 2838 431 2866 Hic
453 2839 540 2866 locus
560 2842 726 2873 corruptus
747 2846 815 2865 csse
836 2836 967 2864 videtur.
998 2835 1126 2864 Rcccius
1153 2835 1197 2862 sic
1225 2833 1402 2861 habebitur:
1434 2834 1485 2860 sed
1507 2841 1541 2859 ex

224 2873 283 2902 fide
302 2873 460 2902 credimus
479 2872 562 2909 quod
585 2877 636 2900 ut.
654 2893 660 2899 .
678 2893 706 2899 ..
793 2879 840 2906 24.
862 2871 887 2899 D
909 2871 938 2899 in
961 2879 1074 2906 marg:
1096 2869 1145 2898 Ad
1168 2869 1349 2897 secundum.
1434 2875 1479 2903 27.
1501 2867 1540 2894 L':

223 2907 290 2936 eius
308 2923 343 2928 —
362 2916 437 2936 suos
456 2907 551 2936 deest.
695 2905 740 2935 28.
762 2907 807 2935 A:
833 2913 904 2934 cum
926 2913 1058 2933 summe.
1201 2902 1244 2932 33.
1266 2904 1310 2931 A:
1338 2906 1452 2938 quanto
1474 2902 1540 2929 hoc.

223 2941 272 2977 34.
292 2942 332 2971 E:
353 2947 382 2971 et
401 2942 497 2971 deest.
570 2940 612 2971 35.
633 2941 678 2970 A:
699 2941 858 2970 animavit.

1595 589 1649 614 l-ux
1678 590 1773 614 rulers

1609 621 1709 649 i‘tilllld
1734 628 1762 648 lt·

1562 664 1676 684 curret-1
1700 658 1808 683 :tliuses

1566 694 1592 719 iu
1617 693 1663 719 the
1684 693 1808 719 clun-th.

1565 1399 1668 1426 Christ
1691 1399 1737 1425 the
1761 1403 1824 1424 true

1559 1434 1649 1468 guide-
1666 1438 1694 1460 10
1711 1434 1824 1461 follow.
