1986 3380
0 3248 10 3380 -g-v-mv2
0 3180 8 3227 -τν
0 3142 3 3159 ’-

106 729 179 760 ΡΟΙ.

101 775 180 806 218³

141 935 179 957 10

143 1216 177 1248 15

139 1517 179 1537 20

140 2088 180 2119 ’,ἕο

139 2378 178 2409 35

195 292 329 321 sssRmo
352 280 460 339 xm]
670 294 881 326 SECUNDA
910 294 1034 325 PARS.

196 401 437 450 principium
497 401 683 437 dominus
732 402 843 437 Jesus
900 400 1080 436 Christus
1132 400 1198 448 qui
1249 400 1411 436 indubie
1463 404 1510 437 ad

197 460 501 507 exemplandum
537 468 815 507 paupertatem
848 458 889 494 in
921 458 1027 494 clero
1056 458 1128 494 fuit
1152 471 1224 506 pro
1258 467 1363 494 statu
1396 459 1512 495 huius

195 517 535 565 peregrinacionis
569 518 692 553 homo
726 516 1019 564 pauperrimus,
1054 524 1226 552 testante
1259 517 1456 564 Apostolo
1481 519 1510 552 ΙΙ

196 576 287 612 Cor.
322 577 442 621 V1110,
479 588 522 621 9:
563 575 753 616 Christus,
794 574 935 622 inquit,
964 586 1041 623 pro
1076 574 1180 610 vobis
1212 587 1355 624 egenus
1376 575 1513 623 factus

195 640 262 677 est,
296 640 335 668 ut
367 633 470 668 illius
502 633 627 681 inopia
660 644 726 668 vos
750 632 885 668 divites
917 632 1058 668 essetis.
1094 634 1174 668 Nec
1207 631 1373 668 dubium
1407 632 1513 668 fideli

195 691 291 739 quin
337 699 552 738 paupertas
593 688 740 726 Christi
779 689 851 725 fuit
890 689 1104 726 laudabilis
1144 702 1187 726 ex
1223 689 1381 736 virtute,
1422 703 1512 726 cum

195 761 355 785 omnem
400 748 523 784 vitam
562 746 782 784 virtuosam
828 760 949 796 quam
978 743 982 800 Ι
1011 756 1241 796 susceperat
1280 747 1435 796 accepit
1473 748 1514 785 in

195 819 367 851 summo,
407 805 461 842 ita
501 806 607 854 quod
646 806 756 841 nulla
801 805 880 842 alia
919 815 1103 842 creatura
1142 814 1273 853 potest
1313 807 1362 843 ad
1402 805 1511 842 illam

196 863 403 912 attingere.
461 863 628 900 Videtur
685 864 793 912 quod
843 863 916 899 fuit
972 863 1075 900 inter
1125 863 1308 900 homines
1358 877 1514 900 summe

195 934 361 970 pauper,
394 934 486 958 nam
522 934 612 958 cum
647 934 729 958 esse
762 920 817 957 sic
847 934 1065 969 pauperem
1100 922 1148 958 sit
1173 934 1256 958 esse
1278 922 1512 963 virtuosum.

195 989 303 1028 patet
333 981 441 1028 quod
470 992 553 1016 esse
585 979 639 1016 sic
669 991 824 1015 summe
846 979 1069 1016 virtuosum
1101 980 1150 1016 sit
1174 992 1257 1016 esse
1280 979 1335 1016 sic
1359 993 1514 1016 summe

195 1050 411 1086 pauperem
448 1046 484 1074 et
514 1047 689 1074 econtra.
730 1039 935 1083 Quantum
970 1037 1075 1074 enim
1109 1038 1291 1075 Christus
1325 1040 1443 1075 habet
1467 1040 1513 1074 de

195 1096 355 1133 racione
384 1095 496 1132 istius
527 1095 775 1144 paupertatis
804 1104 959 1132 tantum
990 1097 1109 1132 habet
1134 1098 1180 1132 de
1210 1096 1371 1133 racione
1401 1096 1514 1133 istius

194 1154 349 1190 virtutis
389 1163 425 1190 et
459 1166 528 1202 per
561 1166 807 1202 consequens
845 1155 1013 1202 gradum
1054 1154 1242 1190 ultimum
1280 1154 1513 1203 possibilem

195 1212 234 1248 in
267 1221 450 1260 utroque.
486 1213 579 1249 Ideo
602 1212 820 1260 Apostolus
853 1211 1148 1260 signantissime
1181 1213 1277 1249 dicit
1310 1212 1512 1250 Christum

195 1283 275 1307 non
304 1271 434 1307 solum
460 1282 673 1320 pauperem
702 1271 770 1306 sed
792 1283 953 1320 egenmn
984 1278 1017 1307 e!
1040 1271 1202 1320 inopem.
1237 1271 1375 1319 Inopia
1406 1270 1510 1308 enim

195 1328 290 1365 dicit
313 1328 550 1376 simpliciter
566 1328 792 1365 carenciam
812 1328 1097 1377 temporalium
1123 1329 1191 1365 illo
1211 1330 1346 1374 modo,
1363 1329 1515 1366 scilicet

195 1388 327 1435 quoad
353 1387 532 1423 seculare
556 1386 794 1432 dominium,
819 1386 910 1423 licet
933 1386 1114 1423 Christus
1139 1389 1260 1423 modo
1284 1387 1363 1423 alio
1386 1388 1515 1424 fuerat

194 1457 351 1481 summe
385 1444 512 1487 dives;
546 1454 583 1481 et
616 1444 707 1481 hinc
732 1444 827 1481 dicit
849 1445 1030 1490 (Matthei
1055 1446 1175 1491 V1110,
1202 1449 1268 1491 20)
1301 1447 1408 1494 quod
1442 1458 1514 1481 non

196 1504 307 1538 habet
329 1503 460 1539 taliter·
482 1503 545 1538 ulai
565 1510 679 1552 caput
711 1516 819 1538 suum
846 1503 1014 1539 reclinet.
1051 1505 1151 1540 Cum
1177 1516 1270 1551 ergo
1294 1505 1513 1540 secundum

195 1561 435 1609 Apostolum
460 1561 670 1610 quicunque
692 1568 746 1597 est
768 1561 972 1597 anathema
996 1562 1059 1609 qui
1080 1574 1151 1597 non
1176 1562 1305 1612 diligit
1320 1561 1513 1597 dominum

193 1620 322 1655 ,lesum
361 1619 573 1662 Christum,
614 1627 723 1667 patet
768 1620 875 1666 quod
922 1618 1150 1668 quicunque
1196 1619 1363 1656 clericus
1409 1619 1514 1656 ordi-

196 1676 355 1714 nacioni
389 1676 538 1713 Christi
580 1676 618 1713 in
658 1676 733 1713 isto
773 1677 998 1714 contrarius
1039 1687 1095 1713 est
1131 1678 1359 1714 anathema.
1406 1679 1512 1714 Idem

196 1735 301 1771 enim
343 1743 400 1771 est
434 1734 637 1772 Christum
678 1734 844 1783 diligere
884 1744 920 1772 et
953 1735 1206 1772 ordinacioni
1247 1748 1314 1772 sue
1347 1736 1407 1772 vel
1439 1735 1514 1783 legi

141 1808 173 1828 2.
196 1806 236 1829 se
274 1793 396 1841 gratis
435 1792 628 1829 subicere.
668 1795 716 1829 Et
748 1802 857 1841 patet
891 1794 999 1842 quod
1040 1793 1153 1830 multi
1194 1793 1337 1841 prelati
1374 1793 1515 1830 cesarii

196 1860 286 1887 sunt
330 1851 617 1888 anathematici
661 1864 682 1887 a
725 1853 821 1897 Deo,
869 1853 977 1900 quod
1017 1861 1074 1888 est
1112 1851 1313 1888 infinitum
1358 1851 1515 1900 gravius

195 1922 316 1958 quam
358 1909 740 1956 excommunicacio,
787 1919 823 1946 et
865 1910 966 1946 forte
1012 1923 1055 1947 ex
1096 1910 1172 1947 isto
1215 1911 1403 1947 thesauro
1444 1923 1515 1946 suo

196 1967 352 2004 infinito
387 1977 547 2004 emanat
581 1977 662 2005 tam
696 1967 925 2004 voluntaria
959 1977 995 2004 et
1028 1968 1255 2017 improvida
1288 1981 1516 2005 excommu-

195 2025 365 2062 nicacio.
402 2028 474 2062 Per
499 2027 573 2062 hoc
603 2025 707 2062 enim
740 2035 949 2075 tamquam
981 2039 1052 2075 per
1076 2027 1266 2063 malleum
1296 2026 1514 2069 incuciunt‚

195 2083 401 2120 stabiliunt
435 2093 471 2120 et
507 2084 752 2132 profundant
785 2097 825 2120 se
864 2084 904 2120 in
937 2084 1360 2122 excommunicacione
1393 2097 1513 2133 quam

196 2155 216 2178 a
257 2141 417 2178 Christo
460 2141 568 2190 prius
616 2151 864 2190 receperant,
905 2152 941 2178 et
980 2143 1036 2179 sic
1074 2143 1285 2180 deficiente
1325 2142 1379 2179 eis
1419 2155 1516 2179 voce

197 2209 233 2236 et
258 2200 396 2237 habitu
426 2199 661 2248 predicandi
689 2201 780 2237 loco
811 2200 916 2237 illius
946 2202 1165 2238 secundum
1196 2210 1323 2237 artem
1355 2199 1515 2248 dyaboli

196 2258 235 2294 in
282 2258 704 2296 excommunicacione
748 2258 823 2295 ista
867 2258 1041 2295 tinniunt
1082 2271 1290 2308 quousque
1329 2271 1368 2295 se
1407 2258 1516 2307 ipsos

197 2329 321 2364 usque
372 2316 412 2353 in
464 2316 583 2353 finem
630 2316 967 2365 consumpserint.
1021 2319 1068 2353 Et
1112 2326 1223 2366 patet
1267 2316 1421 2353 solucio
1466 2317 1515 2353 ad

197 2383 478 2422 argumentum
510 2374 690 2421 dyaboli3
722 2375 850 2411 clerus
882 2374 986 2411 enim
1012 2383 1102 2423 post
1126 2374 1382 2412 dotacionem
1407 2387 1516 2410 men-

195 2431 291 2468 titur
329 2445 369 2469 se
410 2445 493 2469 esse
534 2432 741 2477 humilem,
782 2433 876 2482 quia
915 2432 946 2468 si
980 2433 1082 2470 foret
1115 2445 1205 2470 cum
1239 2433 1319 2469 suis
1353 2432 1516 2481 paribus

193 2502 284 2527 vere
322 2490 497 2536 humilis,
539 2500 633 2528 tunc
671 2500 905 2540 sequeretur
939 2491 1143 2528 Christum
1181 2491 1222 2528 in
1254 2490 1386 2540 specie
1419 2503 1516 2539 pau-

195 2548 361 2596 pertatis
402 2562 522 2597 quam
565 2548 648 2598 ipse
687 2549 797 2598 prius
836 2558 1059 2598 acceperat,
1100 2550 1168 2586 sed
1208 2548 1318 2586 illam
1359 2557 1517 2597 reputat

196 2619 351 2643 summe
385 2607 662 2644 detestabilem
698 2617 735 2644 et
768 2607 964 2644 insanam.

264 2737 289 2761 7.
307 2729 373 2757 DE:
397 2729 476 2756 viam
498 2730 680 2758 virtuosam.
737 2738 764 2765 9.
782 2730 849 2757 DE:
871 2738 993 2757 summe
1008 2730 1103 2757 deest.
1161 2738 1195 2757 11.
1212 2730 1257 2757 A:
1280 2737 1400 2756 summe
1422 2729 1516 2756 deest.

196 2762 233 2791 13.
256 2764 324 2791 DE:
346 2768 464 2791 tantum
485 2780 518 2783 —-
537 2764 626 2792 istius
647 2764 741 2792 deest.
816 2773 860 2800 27.
882 2764 951 2792 DE:
997 2773 1066 2792 uam
1090 2773 1154 2791 sua.
1227 2772 1275 2801 29.
1297 2765 1342 2791 A:
1365 2764 1515 2791 mallium.

194 2797 237 2826 32.
261 2799 328 2826 DE:
350 2799 380 2826 in
402 2799 517 2826 ha'bitu.
582 2798 624 2828 33.
646 2799 720 2827 AD:
741 2799 822 2835 ipso.
888 2798 934 2827 36.
956 2799 981 2826 D
1020 2809 1026 2826 :
1047 2799 1127 2826 foret
1146 2807 1225 2826 vere.
1289 2797 1333 2834 37.
1354 2798 1424 2826 DE:
1446 2798 1518 2834 quia

196 2837 384 2868 sequeretur.
458 2833 502 2861 38.
526 2833 548 2861 Ε
568 2834 598 2861 in
621 2842 735 2869 marg:
757 2833 921 2870 vyzpylnje
941 2834 1025 2861 verb.
1048 2834 1187 2861 tsohech.
1209 2834 1228 2861 i.
1250 2842 1275 2860 e.
1298 2834 1394 2868 prius.

267 2927 319 2948 20.
348 2917 358 2948 1
388 2897 465 2948 οἱ.
494 2917 586 2955 xvi,
616 2928 668 2949 22.

1335 2985 1375 3006 20

1724 290 1795 325 305

1581 585 1682 612 Christ
1699 586 1751 625 *the

1530 626 1653 654 poorcst
1671 624 1701 648 ot
1720 629 1799 648 men.

1605 2209 1737 2235 Prclatcs

1579 2251 1757 2278 pronounce

1546 2278 1795 2305 excommunica-

1531 2313 1612 2339 tions
1633 2313 1752 2340 instead
1774 2317 1806 2340 ot

1591 2356 1742 2374 sermons.
