1986 3380
195 268 330 298 smnio
348 259 499 316 χχχιιι]
669 272 813 304 securi
824 272 880 303 im
910 271 1033 302 inuis.

195 378 254 415 sui
288 381 395 428 quod
428 387 485 416 est
524 378 792 415 necessarium
828 378 881 414 ita
916 377 1010 426 pati.
1046 378 1266 424 Compar-at
1300 385 1433 413 autem
1468 390 1507 413 se

1716 272 1786 309 '24¹

1603 385 1724 412 l'arallel

1561 419 1694 447 between
1718 420 1766 447 the

194 436 324 485 ipsum
359 450 482 485 grano
516 436 703 472 frumenti
738 444 901 484 propter
935 447 1074 472 causas
1109 434 1349 482 multiplices
1384 434 1507 470 misti·
1535 454 1619 487 ἕψω,
1641 455 1789 482 oswheat

194 507 271 541 cas,
313 503 449 543 captas
493 507 514 531 a
560 493 820 530 similitudine
869 493 1055 539 naturali,
1090 501 1127 529 et
1165 501 1329 540 propter
1368 505 1507 529 causas

194 552 422 589 consimiles
465 551 590 588 voluit
634 551 672 587 in
718 552 847 588 forma
898 550 1011 600 panis
1062 563 1207 599 corpus
1252 563 1367 587 suurn
1414 552 1508 587 dare

161 610 388 656 5fidelibus,
413 609 595 658 quamvis
628 609 792 646 heretici
822 609 955 646 dicant
984 610 1091 658 quod
1125 610 1241 645 datur
1273 609 1402 645 solum
1436 609 1508 644 sub

193 668 465 705 accidentibus
505 680 580 716 que
620 667 819 715 ignorant.
874 667 1102 715 Proprietas
1141 666 1276 715 itaque
1315 666 1509 703 naturalis

192 726 305 774 grani
328 725 517 762 frumenti
547 734 617 772 est,
643 726 751 774 quod
782 725 1007 774 proiectum
1038 724 1077 761 in
1106 733 1255 761 terram
1288 725 1508 761 secundum

193 784 363 821 formam
400 783 571 820 sacionis
611 792 771 832 oportet
796 783 926 831 primo
955 782 1110 829 siccari,
1137 782 1330 819 maturari
1360 790 1397 818 et
1426 794 1509 819 esse

195 851 397 878 mortuum
429 843 562 890 quoad
591 841 777 878 virtutem
809 841 1085 889 vegetativam.
1122 843 1250 877 Nemo
1281 840 1385 877 enim
1415 840 1509 876 serit

141 913 361 948 xogranum
408 899 637 937 huiusmodi
683 901 777 936 dum
824 899 940 936 fuerit
986 898 1211 945 herbidum,
1258 900 1426 935 crudum
1473 907 1509 935 et

192 958 338 1008 vivum,
372 958 465 1006 quia
505 959 555 995 ad
588 958 893 1006 producendum
928 970 998 1005 per
1033 958 1196 993 modum
1231 955 1507 1003 generacionis

194 1016 379 1052 deficeret
404 1015 477 1052 sibi
502 1016 639 1063 virtus,
665 1024 701 1053 et
723 1028 794 1064 per
817 1028 1077 1063 consequens,
1102 1015 1185 1051 sine
1210 1014 1508 1062 germinacione

191 1075 251 1110 vel
290 1073 631 1122 multiplicacione
670 1074 730 1110 sui
767 1073 908 1110 similis
950 1082 1128 1110 maneret
1160 1072 1386 1109 solitarium
1425 1072 1508 1109 sine

192 1132 335 1169 fructu.
375 1131 439 1169 Sic
472 1132 698 1180 specialiter
731 1141 788 1169 est
822 1133 869 1168 de
903 1131 1064 1168 Christo
1099 1131 1166 1179 qui
1207 1139 1263 1167 est
1304 1144 1506 1167 summum

139 1190 361 1238 15granum
386 1190 507 1227 divini
531 1190 665 1227 horrei
694 1190 805 1227 cuius
835 1190 1016 1239 exemplo
1047 1198 1083 1226 et
1106 1189 1250 1227 virtute
1280 1188 1508 1237 germinant

192 1248 269 1285 alia
304 1257 449 1285 cuncta
481 1262 617 1296 grana.

251 1308 299 1342 Et
342 1306 544 1355 signanter
588 1306 733 1343 dicitur
777 1307 884 1355 quod
925 1306 1085 1342 cadebat
1128 1306 1163 1341 in
1209 1312 1371 1351 terram,
1416 1318 1505 1342 cum

193 1377 272 1401 non
302 1364 373 1400 fuit
406 1378 475 1413 per
506 1378 646 1401 manus
676 1364 885 1401 hominum
916 1363 1156 1400 seminatum
1194 1365 1260 1400 sed
1292 1376 1334 1400 ex
1364 1364 1508 1400 virtute

192 1422 357 1470 propria
389 1430 582 1459 mortuum
616 1422 902 1470 descenditque
937 1422 1174 1470 profundius
1210 1423 1259 1458 ad
1294 1422 1506 1458 infernum.

136 1492 178 1514 20
193 1480 233 1516 Si
257 1489 389 1517 autem
424 1490 626 1517 mortuum
653 1481 770 1517 suerit
795 1481 927 1528 quoad
954 1481 1162 1525 mundum,
1189 1481 1321 1528 quoad
1346 1492 1507 1516 carnem

193 1546 230 1574 et
269 1540 402 1587 quoad
448 1548 657 1587 peccatum
700 1539 895 1587 premissa
935 1538 1167 1574 maturitate
1205 1537 1279 1574 sibi
1318 1550 1506 1586 congrua,

193 1597 363 1632 multum
414 1597 586 1633 fructum
638 1596 752 1633 affert
797 1596 975 1633 ecclesie.
1029 1599 1108 1632 Nec
1162 1604 1321 1644 oportet
1367 1596 1508 1632 timere

97 1633 371 1712 53¹.1verbales
421 1654 553 1692 instan
582 1653 585 1707 Ι
616 1655 696 1692 cias
752 1655 1025 1703 sophistarum
1077 1656 1183 1703 quod
1241 1667 1322 1691 non
1374 1663 1508 1691 manet

192 1712 298 1749 idem
338 1726 506 1761 granum
546 1713 654 1762 prius
694 1712 825 1750 vivum
867 1721 903 1749 et
944 1721 1032 1760 post
1072 1721 1290 1758 mortuum,
1326 1712 1418 1760 quia
1452 1712 1508 1748 sic

136 1771 176 1805 25
192 1783 360 1819 granum
398 1771 500 1809 foret
539 1772 707 1818 culmus,
741 1771 851 1820 spica
891 1779 927 1807 et
961 1770 1136 1819 quelibet
1169 1770 1247 1807 alia
1286 1770 1507 1818 disparium

193 1829 431 1877 specierum.
471 1831 549 1866 Sed
582 1829 789 1878 supposita
829 1828 1086 1877 philosophia
1129 1838 1165 1865 et
1198 1829 1327 1876 logica
1368 1826 1507 1878 (quam

192 1886 270 1923 dixi
299 1884 409 1939 sepe)
441 1896 498 1924 est
527 1888 643 1925 facile
682 1889 937 1936 respondere,
963 1900 1055 1923 nam
1086 1900 1166 1923 non
1195 1887 1325 1923 solum
1356 1886 1508 1935 species

190 1945 303 1993 grani
340 1945 530 1982 frumenti
568 1955 625 1983 est
663 1945 871 1995 quodlibet
910 1945 992 1982 eius
1031 1945 1299 1993 suppositum,
1339 1946 1407 1981 sed
1441 1944 1508 1982 illa

179 2012 404 2051 ‘aggregata
448 2004 585 2041 onmia
630 2003 749 2041 simul
793 2012 884 2040 sunt
932 2016 1022 2040 vere
1067 2004 1287 2040 secundum
1335 2002 1507 2051 logicam

135 2062 177 2095 30
191 2074 315 2098 unum
347 2075 529 2110 granum.
562 2062 707 2099 Tercio
740 2071 874 2099 tamen
907 2062 1137 2099 accedendo
1170 2062 1219 2098 ad
1253 2061 1507 2110 propositum

192 2119 425 2156 conceditur
475 2122 596 2169 quod,
653 2120 754 2156 sicut
806 2119 1101 2156 architriclinus
1145 2119 1317 2167 gustavit
1361 2132 1506 2168 aquam

190 2177 326 2215 vinum
351 2178 497 2215 factam
520 2178 725 2223 (johannis
742 2180 822 2223 110),
847 2177 903 2214 sic
927 2179 1066 2214 eadem
1092 2177 1310 2214 materialis
1333 2176 1510 2214 essencia

193 2244 251 2272 est
280 2235 411 2284 primo
444 2249 611 2284 granum
646 2235 834 2272 frumenti
867 2236 1039 2272 naturali
1073 2235 1213 2272 ordine
1248 2244 1508 2281 maturatum,

192 2295 368 2331 secundo
402 2303 606 2331 mortuum
649 2303 684 2330 et
723 2294 931 2340 siccatum,
972 2293 1097 2330 tercio
1129 2306 1223 2330 vero
1264 2293 1509 2330 fructificans

135 2353 176 2386 35
194 2351 328 2388 celesti
367 2351 512 2392 virtute
550 2352 701 2401 spicam
744 2353 969 2400 producens
1010 2361 1046 2388 et
1085 2360 1259 2388 attractu
1290 2364 1393 2388 nove
1427 2363 1510 2388 ma-

193 2409 291 2446 terie
323 2410 551 2458 germinans
586 2411 731 2447 multas
764 2410 914 2459 spicas3
954 2418 990 2446 et
1028 2409 1084 2446 sic
1117 2411 1256 2446 eadem
1291 2409 1509 2446 materialis

193 2467 371 2505 essencia
404 2477 461 2505 est
493 2482 565 2517 pro
601 2467 765 2506 diversis
798 2467 1048 2516 temporibus
1081 2480 1253 2516 corpora
1287 2467 1506 2516 disparium

192 2526 431 2574 specierum.
465 2526 586 2564 Cuius
609 2526 863 2575 philosophie
886 2534 1103 2563 tractatum
1128 2534 1165 2562 et
1189 2525 1509 2562 declaracionem

194 2596 285 2621 cum
317 2584 522 2622 solucione
555 2584 787 2622 obiectuum
820 2583 884 2621 hic
916 2597 1115 2633 suppono.
1160 2584 1342 2622 Christus
1376 2592 1507 2620 autem

135 2655 180 2687 40
195 2641 349 2679 mistice
382 2651 439 2679 est
468 2643 769 2680 antonomatice
792 2655 961 2691 granum
986 2642 1173 2679 frumenti
1200 2655 1222 2679 a
1245 2655 1325 2691 quo
1348 2654 1510 2690 germen

263 2773 283 2792 1.
303 2765 348 2792 A.
378 2764 450 2800 quid
472 2769 527 2793 est.
656 2765 680 2793 5.
702 2765 745 2793 A:
776 2773 868 2800 quam
891 2765 1031 2799 heretici3
1062 2764 1102 2792 ib.
1123 2765 1151 2792 A
1172 2764 1201 2792 in
1226 2772 1340 2799 marg:
1373 2764 1454 2792 Nota
1475 2763 1511 2791 de

193 2799 395 2827 Eucharistia.
479 2808 518 2827 ιο.
540 2800 584 2827 A:
605 2801 733 2827 crudum
756 2799 851 2827 deest.
927 2808 967 2833 ¹9-
990 2801 1034 2827 A:
1058 2799 1217 2827 descendit
1238 2799 1319 2835 quia.
1403 2806 1444 2826 21.
1464 2799 1509 2826 A:

193 2834 251 2861 sibi
267 2834 367 2869 deest;
388 2834 428 2862 ib.
444 2834 516 2862 Ain
534 2842 619 2868 marg
641 2844 646 2862 :
669 2834 808 2862 Mortuus
823 2834 994 2870 tripliciter.
1060 2842 1106 2868 21.
1122 2834 1195 2862 Ain
1212 2842 1325 2869 marg:
1349 2833 1510 2861 Obieccio.

193 2868 237 2897 25.
257 2869 300 2896 D:
321 2869 486 2905 quotlibet:
506 2869 545 2896 13:
567 2869 735 2910 quodlibet.
826 2870 872 2898 26.
893 2870 921 2897 Α
942 2869 971 2897 iu
994 2877 1107 2903 marga
1127 2868 1310 2904 Responsio.
1396 2876 1443 2904 29.
1464 2868 1508 2896 A:

194 2908 396 2940 aggregatam.
470 2902 512 2942 33.
535 2904 604 2931 luz:
627 2908 815 2932 naturatum.

1335 2950 1373 2984 16

1568 489 1625 516 :ind
1648 489 1761 517 Christ,

1576 2183 1643 2212 The
1665 2192 1748 2211 same

1600 2227 1724 2246 essence

1593 2254 1734 2282 becomes

1559 2289 1764 2318 successivelv

1525 2323 1664 2351 ditl'erent
1682 2319 1798 2351 bodies.
