1986 3380
182 282 318 311 SERMO
340 271 436 328 xm]
654 282 867 315 SECUNDA
897 282 1024 313 PARS.

183 394 356 430 dendum
398 399 454 428 est
487 390 691 427 Christum
732 401 814 425 esse
848 387 887 424 in
920 396 1033 436 patre
1067 398 1103 424 et
1137 396 1292 436 patrem
1328 388 1366 424 in
1399 389 1499 436 ipso,

182 464 262 488 non
296 450 396 487 sicut
429 461 591 486 causam
626 456 823 483 remotam
857 446 897 482 in
930 459 1002 482 suo
1036 455 1200 482 causato
1222 446 1283 482 vel
1317 446 1502 483 accidens

184 510 222 545 in
267 508 460 553 subiecto,
506 508 575 543 sed
620 518 711 542 cum
756 513 871 552 pater
916 505 965 540 sit
1005 504 1076 540 Dei
1115 504 1303 552 potencia
1342 514 1378 541 et
1419 505 1502 541 eius

182 566 376 603 naturalis
408 565 511 601 filius
543 564 721 601 eiusdem
746 562 817 599 Dei
849 562 1051 610 sapiencia
1085 571 1122 599 et
1154 574 1224 610 per
1254 575 1502 611 consequens

150 627 241 662 5est
264 624 471 672 utriusque
505 623 644 659 eadem
679 620 868 666 essencia,
903 620 959 657 sic
988 628 1073 657 tota
1096 620 1168 656 Dei
1192 621 1378 668 potencia
1412 634 1501 657 cum

183 683 232 719 sit
264 681 514 718 indivisibilis
548 689 605 717 est
638 679 678 715 in
710 691 781 715 sua
815 678 1017 727 sapiencia
1047 687 1084 714 et
1115 691 1185 715 sua
1219 678 1422 726 sapiencia
1446 689 1503 716 est

184 741 223 777 in
260 741 340 785 illa,
381 752 471 776 cum
512 739 551 775 in
590 746 785 787 quantum
819 738 926 773 Deus
968 737 1088 773 habet
1120 737 1349 784 potenciam
1384 738 1503 774 habet

184 808 221 836 et
259 797 504 846 sapienciam
545 805 582 833 et
621 803 798 841 econtra,
838 803 951 843 patet
984 796 1190 844 quomodo
1224 795 1352 831 fidelis
1386 796 1502 832 debet

182 866 339 906 patrem
373 855 585 903 concipere
618 866 701 891 esse
734 853 774 889 in
807 853 890 890 filio
924 861 961 889 et
993 861 1171 890 econtra.
1205 853 1271 889 Isti
1303 853 1503 890 sentencie

128 930 167 951 10
184 915 300 952 debet
351 913 459 951 credi
504 912 607 949 sicut
651 911 800 949 Christi
850 910 1092 948 humanitati
1138 924 1214 961 que
1259 920 1317 948 est
1362 913 1501 948 eadem

182 985 355 1022 persona
393 984 482 1008 cum
522 983 593 1007 sua
632 969 792 1015 deitate,
827 969 922 1018 quia
952 982 1034 1006 non
1073 982 1095 1006 a
1132 982 1173 1006 se
1206 969 1292 1018 ipso
1326 970 1504 1018 loquitur

182 1032 258 1068 ista
288 1031 408 1067 verba
448 1028 680 1066 humanitus
719 1028 787 1064 sed
820 1040 891 1076 per
929 1039 969 1064 se
1002 1027 1133 1076 ipsum
1168 1027 1357 1064 divinitus
1390 1037 1427 1065 et
1461 1041 1504 1065 ex

182 1098 307 1138 patre.
342 1090 391 1124 Et
423 1095 704 1135 argumentum
738 1098 810 1134 pro
832 1085 1000 1122 veritate
1033 1085 1146 1122 istius
1179 1086 1379 1123 sentencie
1414 1087 1502 1135 capi

183 1149 299 1184 debet
343 1159 386 1183 ex
436 1145 547 1182 omni
586 1144 735 1183 Christi
779 1156 913 1193 opere,
957 1157 1051 1180 nam
1097 1152 1211 1192 pater
1251 1144 1291 1180 in
1329 1144 1502 1190 Christo,

129 1209 347 1242 15manens
392 1204 497 1241 idem
542 1201 879 1248 substancialiter‚
926 1202 1010 1250 ipse
1053 1202 1148 1239 facit
1188 1202 1335 1240 Christi
1381 1216 1504 1252 opera

183 1262 449 1311 originaliter3
489 1262 576 1310 ipsa
615 1273 708 1309 ergo
749 1273 873 1309 opera
906 1260 1054 1297 Christi
1094 1260 1338 1297 miraculosa
1373 1261 1503 1298 modis

183 1322 262 1359 suis
297 1321 468 1358 fideliter
498 1321 639 1357 darent
666 1318 787 1365 viam,
810 1318 1022 1355 veritatem
1057 1328 1094 1355 et
1124 1319 1262 1365 vitam,
1296 1328 1339 1355 ut
1371 1319 1502 1368 ipsum

183 1387 489 1428 cognoscerent3
540 1378 631 1414 ideo
682 1376 903 1425 subiungit:
955 1376 1133 1426 Alioquin
1175 1385 1343 1428 propter
1386 1390 1504 1428 opera

182 1439 264 1488 ipsa
303 1437 458 1474 credite.
499 1435 680 1473 Christus
719 1434 824 1471 enim
867 1447 911 1471 ex
943 1434 1183 1472 auctoritate
1215 1435 1381 1484 propria
1413 1435 1505 1473 fecit

126 1510 169 1532 20
183 1496 379 1533 miracula
409 1503 446 1531 et
475 1494 516 1531 in
539 1493 622 1530 eius
655 1492 818 1529 nomine
841 1493 1020 1530 fecerunt
1044 1493 1217 1542 apostoli
1244 1493 1505 1531 effectualiter

183 1553 396 1602 ampliora,
436 1561 479 1589 ut
518 1560 750 1589 convertere
789 1559 848 1587 tot
887 1559 1036 1599 gentes,
1077 1551 1287 1600 predicare
1320 1552 1360 1588 in
1393 1552 1503 1589 omni

182 1612 330 1660 lingua,
376 1622 518 1648 sanare
569 1609 754 1646 infirmos
798 1609 849 1646 ad
900 1618 1053 1646 tactum
1099 1610 1242 1646 umbre
1289 1611 1411 1657 (velut
1457 1612 1504 1647 de

185 1673 302 1707 Petro
336 1669 480 1718 legitur
511 1669 599 1706 Act.
631 1665 721 1719 VO).

240 1730 296 1765 Ex
334 1728 478 1777 quibus
517 1725 719 1775 colligitur
757 1726 866 1775 quod
899 1724 1047 1763 Christi
1080 1725 1267 1763 divinitas
1307 1739 1350 1763 ex
1389 1726 1505 1763 dictis

126 1790 166 1823 25
183 1786 371 1836 operibus
405 1798 495 1823 cum
529 1784 609 1822 suis
642 1783 960 1822 circumstanciis
993 1784 1113 1821 habet
1146 1784 1339 1833 apostolis
1378 1785 1505 1822 mani-

183 1845 324 1882 festum
365 1843 559 1881 iudicium
599 1851 637 1880 et
679 1842 908 1880 invincibile
946 1851 1247 1890 argumentum3
1286 1844 1391 1880 unde
1430 1843 1505 1892 sig-

183 1912 324 1940 nanter
362 1911 399 1939 et
437 1901 695 1939 subtilissime
734 1900 830 1938 dicit
870 1900 1052 1938 Christus
1092 1909 1174 1937 tam
1214 1901 1414 1938 hortando
1454 1903 1504 1939 ad

185 1974 298 1999 suam
329 1961 447 1998 fidem
472 1972 593 2009 quam
623 1960 870 1996 excludendo
893 1958 1166 2008 sophistarum
1190 1959 1372 2007 argucias
1395 1961 1504 2009 quod

186 2032 303 2069 opera
327 2031 397 2068 que
425 2018 604 2055 Christus
615 2017 735 2067 facit,
765 2018 927 2055 credens
950 2018 986 2054 in
1009 2017 1134 2067 ipsum
1146 2018 1274 2067 faciet
1296 2025 1331 2054 et
1352 2018 1503 2055 maiora

128 2083 170 2115 30
186 2079 324 2114 horum
338 2077 475 2127 faciet.
501 2078 543 2113 In
567 2076 678 2113 cuius
702 2075 833 2124 prima
855 2084 970 2125 parte
991 2084 1156 2112 notatur
1178 2076 1372 2124 apostolis
1395 2078 1504 2125 quod

186 2135 322 2173 omnia
366 2147 490 2184 opera
535 2134 780 2171 miraculosa
813 2146 889 2183 que
945 2133 1022 2183 ipsi
1067 2133 1108 2170 in
1152 2134 1315 2171 nomine
1356 2134 1504 2172 Christi

185 2195 363 2231 fecerunt
387 2192 567 2231 Christus
599 2192 707 2239 facit,
741 2205 832 2230 cum
872 2191 1045 2241 apostoli
1076 2204 1158 2229 non
1191 2201 1282 2229 sunt
1314 2192 1389 2229 nisi
1422 2193 1504 2230 eius

186 2253 452 2289 instrumenta
483 2251 545 2289 vel
578 2251 760 2288 membra
791 2251 832 2288 in
865 2250 1008 2300 quibus
1038 2250 1232 2297 Christus,
1264 2250 1389 2288 virtus
1418 2251 1503 2298 Dei,

186 2319 377 2360 operatur
414 2318 624 2359 perpetuo.
668 2310 718 2346 Et
755 2308 796 2346 in
835 2310 1011 2346 secunda
1047 2318 1161 2357 parte
1199 2317 1364 2346 notatur
1396 2311 1504 2358 quod

131 2373 169 2406 35
187 2368 359 2418 apostoli
399 2367 547 2405 Christi
590 2368 770 2405 fecerunt
812 2366 968 2405 maiora
1012 2379 1136 2416 opera
1174 2380 1296 2416 quam
1335 2368 1505 2416 ipsemet

186 2427 278 2464 fecit
310 2439 518 2476 umquam,
551 2435 595 2463 ut
626 2434 737 2475 patet
769 2426 818 2463 de
849 2426 989 2463 mundi
1022 2425 1245 2472 creacione,
1280 2427 1328 2463 de
1357 2425 1504 2463 Christi

187 2485 471 2523 incarnacione
501 2493 539 2522 et
562 2486 611 2522 de
634 2484 718 2522 eius
741 2483 943 2522 autentica
965 2483 1164 2531 faccione;
1198 2483 1289 2521 ideo
1320 2485 1504 2522 vocando

255 2642 280 2671 5.
301 2642 343 2671 D:
365 2646 410 2670 est
430 2642 495 2671 eius
515 2642 614 2670 utrius
639 2651 692 2677 ue;
722 2643 762 2670 ib.
784 2642 825 2670 E:
847 2647 875 2670 et
896 2642 940 2670 sic
959 2647 1032 2670 tota.
1108 2643 1136 2670 ὁ.
1157 2643 1202 2671 A:
1224 2647 1253 2671 et
1273 2651 1327 2670 sua
1349 2642 1504 2678 sapiencia

187 2677 289 2712 deest3
316 2677 357 2706 ib.
376 2677 403 2705 E
422 2677 453 2706 in
474 2685 591 2713 marg.:
613 2651 783 2714 {uomodo
804 2682 889 2713 pater
909 2682 955 2705 est
974 2678 1005 2705 in
1027 2677 1088 2705 filio
1109 2682 1137 2705 et
1157 2682 1292 2706 econtra.
1366 2677 1393 2705 8.
1416 2677 1455 2705 E:
1476 2681 1505 2704 et

187 2713 281 2740 deest.
390 2712 418 2744 8.
440 2720 469 2748 9.
489 2712 534 2740 A:
557 2716 639 2748 patet
662 2713 821 2748 quomodo
840 2728 873 2732 —
894 2717 1018 2740 econtra
1039 2712 1133 2740 deest.
1244 2710 1345 2740 11—13.
1366 2713 1410 2739 A:
1433 2712 1504 2747 quia

188 2755 249 2774 non
268 2763 302 2766 —
321 2746 448 2775 veritate
468 2747 561 2775 deest.
718 2747 755 2775 13.
776 2748 850 2775 AD:
872 2756 907 2774 ex
929 2747 1070 2782 veritate3
1099 2747 1140 2775 ib.
1160 2748 1205 2776 A:
1227 2747 1318 2775 huius
1340 2747 1502 2774 sentencie.

189 2790 230 2815 14.
250 2782 295 2809 A:
316 2782 402 2809 omni
423 2781 524 2816 deest;
544 2781 584 2810 E:
606 2781 722 2810 Christi
744 2782 844 2817 deest;
876 2782 916 2810 ib.
937 2783 982 2809 A:
1005 2786 1090 2818 pater
1110 2782 1210 2817 deest;
1231 2782 1271 2810 ib.
1293 2782 1317 2809 E
1337 2781 1366 2809 in
1389 2790 1502 2817 marg:

187 2817 275 2843 Pater
293 2816 323 2844 in
345 2816 470 2844 Christo
490 2821 644 2853 operatur.
728 2816 769 2845 16.
790 2818 835 2845 A:
857 2817 929 2845 facit
949 2817 1144 2845 miraculose.
1219 2825 1261 2857 19.
1283 2818 1326 2845 A:
1350 2825 1386 2843 ex
1406 2816 1500 2844 deest.

186 2851 228 2879 25.
248 2851 292 2879 A:
313 2851 404 2879 habet
422 2851 522 2879 habet.
595 2851 640 2880 28.
656 2853 700 2880 A:
723 2851 977 2888 sophisticorum.
1051 2859 1099 2888 29.
1116 2851 1161 2880 A:
1182 2851 1213 2879 in
1233 2860 1337 2887 ipsum
1358 2866 1391 2870 —-
1411 2851 1500 2879 faciet

186 2885 300 2926 deest-³
375 2884 421 2913 30.
442 2886 472 2914 A
490 2885 521 2914 in
542 2894 657 2922 marg.:
679 2895 699 2914 1.
794 2885 834 2915 31.
856 2887 901 2915 A:
923 2887 954 2914 in
975 2886 1069 2914 deest.
1166 2885 1213 2921 34.
1234 2888 1264 2914 A
1283 2887 1314 2914 in
1335 2894 1448 2921 marg:
1472 2893 1496 2914 2.

185 2919 227 2949 35.
247 2919 317 2949 Dh:
337 2928 400 2948 non
418 2920 565 2949 fecerunt.
639 2920 684 2950 36.
706 2921 746 2949 E:
767 2926 799 2950 et
819 2921 856 2949 de
876 2921 1003 2950 Christi.

1738 287 1779 321 91

1534 1912 1613 1940 How
1635 1912 1781 1940 believers

1568 1956 1638 1983 may
1658 1948 1746 1975 work

1581 1982 1730 2010 miracles
