1986 3380
184 292 319 321 SERMO
342 280 482 337 xxxin]
658 290 867 323 SECUNDA
898 289 1021 320 PARS.
1710 290 1753 325 19
1763 291 1782 326 7

186 402 270 438 istis
323 398 642 437 circumstanciis
694 395 876 444 aperiens
927 408 971 431 os
1023 407 1135 430 suum
1192 395 1362 429 docebat
1414 403 1495 430 tam

186 459 392 507 apostolos
424 470 515 494 suos
549 468 668 505 quam
703 454 910 503 populum.
965 455 1019 488 Ex
1058 453 1133 487 hoc
1172 450 1277 487 enim
1317 464 1387 487 ore
1425 464 1497 488 suo

187 519 257 553 hec
290 515 439 561 docuit,
473 523 515 551 ut
546 522 707 550 notetur
730 510 957 559 signancius
982 510 1041 546 lex
1062 522 1182 558 quam
1206 518 1339 545 tantus
1362 508 1498 556 legifer

187 574 406 623 impressit3
430 586 510 609 non
528 571 634 608 enim
657 572 841 615 dabatur,
860 577 902 605 ut
926 568 965 604 in
988 569 1071 615 lege
1094 566 1230 611 veteri,
1251 579 1320 614 per
1343 567 1495 608 tubam,

153 637 381 669 §terrorem
428 640 464 668 et
509 629 708 678 angelum,
761 628 828 664 sed
880 626 986 663 iuxta
1030 638 1169 661 vocem
1216 625 1410 672 prophete
1454 638 1497 660 os

187 689 347 727 Domini
367 690 546 726 locutum
573 695 629 723 est
653 687 738 723 hec.
763 688 844 721 Nec
864 683 1023 732 scripsit
1039 682 1220 720 Christus
1245 683 1346 719 hanc
1369 682 1495 730 legem
1542 686 1645 724 Christ
1669 692 1762 725 »τοῖς

186 748 225 784 in
257 747 403 785 tabulis
441 747 501 783 vel
545 744 717 793 pellibus
762 751 1015 779 mortuorum
1061 740 1298 778 animalium
1343 741 1411 776 sed
1457 740 1496 776 in
1521 721 1775 785 ξ’ἐξῑὲξᾙᾙὲῗ

186 806 374 843 cordibus
409 803 616 841 huminum
650 811 858 849 tamquam
894 799 1082 848 magister
1121 798 1298 847 optimus
1337 807 1374 835 et
1406 800 1496 834 sub-

186 864 392 900 tilissimus
426 870 626 899 scrutator
660 859 843 896 cordium
887 868 923 894 et
963 857 1128 905 illapsor
1168 856 1379 904 capacium
1413 855 1497 892 ani-

130 936 168 957 10
187 935 356 959 marum.
392 922 506 957 Unde
528 920 592 963 (ad
616 918 701 954 Gal.
726 918 811 963 1110,
838 917 905 963 24)
930 915 1076 952 dicitur
1107 916 1165 951 lex
1197 923 1308 950 vetus
1331 922 1497 962 propter

185 993 297 1016 suam
332 978 547 1015 ruditatem
582 974 877 1012 intolerabilem
896 974 1146 1024 pedagogus,
1176 972 1269 1020 quia
1293 984 1387 1020 ergo
1411 980 1496 1008 tota

185 1039 244 1074 lex
277 1036 458 1073 consistit
491 1035 530 1071 in
562 1033 775 1071 virtutibus
809 1041 846 1069 et
886 1044 1024 1069 earum
1058 1030 1247 1079 operibus
1292 1042 1338 1066 ac
1372 1029 1496 1066 beati-

185 1095 321 1132 tudine
347 1094 519 1131 finaliter
542 1099 824 1140 consequente,
859 1090 949 1126 ideo
973 1088 1174 1138 promittit
1198 1087 1380 1125 Christus
1402 1096 1495 1124 octo

185 1152 453 1190 beatitudines
486 1164 575 1200 que,
618 1150 710 1187 licet
743 1149 824 1185 sint
857 1147 995 1184 ultime
1034 1147 1075 1184 in
1114 1145 1364 1192 execucione,
1406 1154 1497 1182 sunt

133 1215 319 1248 15tamen
352 1210 480 1259 prime
513 1209 553 1245 in
585 1207 824 1245 intencione.
870 1205 1062 1253 Adiungit
1094 1213 1228 1242 autem
1261 1203 1427 1241 virtutes
1461 1212 1498 1240 et

185 1282 307 1318 opera
341 1282 416 1318 que
451 1267 581 1304 media
621 1275 710 1303 sunt
744 1266 792 1302 ad
827 1264 932 1301 illas:
970 1264 1095 1310 Beati,
1134 1262 1276 1311 inquit,
1304 1275 1499 1312 pauperes

184 1328 337 1377 spiritu,
359 1325 535 1375 quoniam
559 1326 730 1374 ipsorum
755 1331 809 1360 est
833 1335 996 1372 regnum
1021 1322 1204 1358 celorum.
1236 1323 1313 1357 Ista
1336 1320 1499 1369 quidem
1617 1322 1685 1361 The⁴

187 1394 401 1434 paupertas
434 1383 596 1432 spiritus
631 1392 687 1419 est
720 1394 812 1418 vera
845 1379 1049 1416 humilitas
1083 1392 1158 1427 que
1192 1387 1330 1415 contra
1361 1391 1498 1426 super-
1526 1357 1778 1427 ιὺῗῗξὲιῇἴὲῧῗῆᾗ

186 1443 292 1480 biam
327 1441 452 1490 magis
492 1440 667 1489 disponit
709 1439 912 1475 hominem
952 1439 1002 1474 ad
1042 1436 1331 1473 beatitudinem
1374 1436 1498 1472 intur·
1531 1427 1776 1494 {insilitiiuinkiisse

129 1514 170 1534 20
187 1503 295 1546 bate,
329 1500 419 1536 ideo
452 1507 618 1548 propter
651 1496 954 1534 similitudinem
990 1504 1026 1532 et
1065 1494 1409 1543 propinquitatem
1443 1493 1499 1530 sic
1599 1493 1605 1497 ’
1765 1483 1769 1488 ’

185 1558 351 1596 virtuosi
385 1559 434 1594 ad
469 1556 759 1593 beatitudinem
793 1554 939 1591 dicitur
972 1554 1080 1602 quod
1114 1553 1169 1589 sic
1194 1565 1346 1600 pauper
1380 1553 1499 1588 habet

187 1630 258 1666 pro
304 1629 375 1653 suo
420 1624 602 1664 tempore
648 1626 811 1661 regnum
847 1612 937 1653 Dei;
984 1612 1088 1647 unde
1124 1610 1307 1658 (Matthei
1340 1611 1499 1656 XV1110)

97 1675 333 1732 ¹:Ol-dicitur
376 1678 435 1722 (ut
475 1682 584 1721 patet
621 1684 807 1709 sermone
841 1667 1043 1722 proximo)
1090 1670 1199 1717 quod
1238 1667 1429 1704 humilior
1462 1667 1501 1703 in

91 1745 171 1779 205b
187 1736 258 1770 bea
288 1729 293 1785 Ι
322 1731 493 1769 titudine
534 1740 591 1768 est
633 1743 678 1767 eo
721 1729 848 1766 maior
881 1737 917 1765 et
952 1724 1014 1781 (ut
1047 1727 1143 1763 dicit
1179 1722 1501 1774 Lyncolniensis)

130 1793 169 1825 25
186 1800 345 1840 oportet
390 1790 497 1839 quod
537 1802 559 1826 a
591 1789 646 1825 sic
681 1787 821 1824 humili
865 1787 1098 1823 excludatur
1139 1783 1283 1821 mentis
1316 1783 1500 1820 iactacio.

186 1851 300 1887 Unde
333 1848 397 1885 ille
421 1847 567 1884 dicitur
592 1859 744 1895 pauper
768 1845 835 1894 qui
860 1846 979 1881 habet
1002 1856 1145 1891 parum
1172 1844 1219 1879 de
1242 1841 1312 1879 tali
1336 1850 1501 1878 ventosa

185 1906 384 1945 iactancia
428 1918 549 1954 opere
592 1905 653 1942 vel
691 1916 896 1949 sermone3
942 1903 1046 1938 unde
1082 1902 1197 1947 (Yob.
1231 1901 1406 1945 XXX110,
1440 1900 1502 1947 18)

185 1965 329 2012 legitur
363 1965 410 2000 de
444 1964 513 2000 illo
558 1962 792 2012 pompatico
824 1959 1084 1998 Themanite:
1126 1959 1268 1995 Plenus
1299 1970 1383 1994 sum
1417 1970 1499 1994 ser·-

187 2024 360 2060 monibus
401 2030 435 2059 et
473 2029 625 2058 coartat
672 2033 730 2057 me
779 2020 939 2069 spiritus
983 2018 1084 2054 uteri
1126 2017 1209 2053 mei.
1262 2016 1330 2052 Ille
1376 2015 1501 2052 eciam

128 2084 171 2116 30
187 2081 333 2118 dicitur
365 2093 518 2129 pauper
550 2079 692 2128 spiritu
726 2077 794 2127 qui
827 2077 866 2113 in
901 2085 1033 2113 mente
1066 2084 1103 2113 et
1137 2073 1389 2123 cogitacione
1412 2087 1503 2111 cum

187 2138 440 2189 quietacione
493 2147 529 2174 et
583 2135 845 2174 ordinacione
890 2134 1024 2171 divina
1072 2147 1111 2170 se
1160 2132 1308 2180 cogitat
1360 2145 1503 2181 parum

187 2210 322 2246 posse,
357 2196 448 2233 talis
482 2204 616 2233 autem
644 2202 860 2243 paupertas
884 2192 1047 2241 spiritus
1071 2201 1127 2228 est
1151 2192 1284 2228 solum
1308 2190 1348 2226 in
1372 2190 1503 2239 patria

187 2257 296 2293 clara
328 2255 412 2291 sine
446 2263 555 2302 peste
589 2252 794 2301 superbie3
828 2264 902 2288 nec
935 2259 993 2287 est
1026 2249 1218 2298 possibile
1251 2248 1374 2285 talem
1406 2248 1504 2284 fina—

188 2313 278 2350 liter
311 2312 367 2349 sic
401 2312 594 2348 humilem
629 2324 650 2348 a
685 2323 807 2359 regno
841 2309 1025 2346 deficere.

131 2374 171 2407 35
247 2372 456 2408 Secundus
489 2371 637 2418 gradus
670 2366 930 2405 beatitudinis
970 2366 1009 2402 in
1054 2364 1325 2414 perpetuitate
1370 2363 1505 2413 quieta
1543 2377 1567 2397 2.
1589 2370 1657 2397 The
1678 2369 1776 2401 meek,

190 2429 413 2467 consistens
446 2428 486 2464 in
520 2427 692 2464 mititate
726 2434 867 2464 contra
900 2424 1093 2461 invidiam
1127 2422 1364 2472 acquiritur.
1411 2423 1505 2458 Ideo

258 2540 283 2569 3.
304 2541 351 2568 A:
373 2540 539 2573 legislator.
636 2547 665 2571 4.
688 2538 715 2565 A
735 2538 764 2564 in
787 2545 902 2571 marg.:
925 2535 1061 2571 Apercio
1082 2535 1155 2562 oris.
1254 2534 1282 2561 6.
1305 2534 1348 2561 A:
1371 2538 1415 2561 est
1437 2534 1505 2561 hoc.

188 2585 214 2611 7.
226 2576 270 2603 A:
288 2575 467 2602 animalium
480 2575 574 2612 deest.
625 2573 652 2600 ὃ.
666 2573 709 2600 A:
726 2577 757 2599 ut
773 2571 928 2607 magister.
980 2569 1094 2598 13.Ein
1109 2578 1221 2603 marg:
1240 2568 1321 2596 Tota
1333 2569 1379 2596 lex
1391 2569 1506 2596 Christi

189 2610 340 2638 consistit.
422 2609 457 2636 15.
479 2608 503 2635 E
523 2616 553 2635 in
574 2616 688 2643 marg:
712 2607 813 2634 Prima
836 2605 1004 2633 beatitudo.
1087 2613 1125 2639 ¹7·
1148 2605 1176 2631 A
1196 2604 1225 2631 in
1248 2612 1362 2638 marg:
1385 2604 1506 2631 Primus

189 2688 311 2742 dicitur.
376 2721 424 2749 29.
440 2713 483 2740 A:
506 2699 593 2740 utris..
652 2685 700 2740 ⁸371..
717 2712 761 2739 A.
784 2697 813 2738 in
835 2695 1045 2737 ordinacione.
1089 2696 1154 2736 “3'2.
1171 2708 1239 2735 DE:
1262 2681 1391 2742 spirgiius
1412 2682 1508 2735 &2133

189 2748 230 2777 35.
252 2749 282 2776 A
301 2749 332 2776 in
353 2756 466 2783 marg:
488 2747 650 2774 Secundus
671 2747 802 2782 gradus;
823 2745 847 2773 E
868 2745 897 2772 in
919 2753 1033 2779 marg:
1056 2751 1081 2771 2.
1155 2742 1202 2771 36.
1224 2742 1291 2770 DE:
1314 2742 1344 2770 in
1366 2742 1458 2770 deest.

265 2820 314 2853 16.
341 2819 462 2852 Matth.
483 2821 524 2859 V,
552 2820 580 2851 3.
678 2829 730 2859 24.
760 2818 811 2850 Cf.
831 2817 1052 2857 Trialogum‚
1079 2826 1157 2858 pag.
1181 2813 1254 2847 166.
1340 2814 1392 2846 28.
1411 2814 1508 2846 The-

192 2868 331 2898 manite.
373 2866 505 2908 Wyclif
547 2866 609 2897 has
648 2864 881 2897 confounded
924 2864 1002 2895 Elin
1040 2862 1118 2904 (Job
1157 2862 1300 2901 XXXIl,
1342 2861 1372 2902 2)
1418 2861 1503 2892 with

190 2913 336 2957 Eliphaz
362 2912 591 2944 Themanites
615 2911 707 2953 (Job.
734 2911 774 2952 11,
804 2910 874 2953 11).
