1986 3380
165 285 245 322 274

190 397 281 425 nuth.
304 405 318 423 a
341 405 409 423 niun

231 432 371 458 becomes

215 466 380 493 bardened.

161 1039 184 1066 It
206 1040 231 1066 is
252 1040 433 1075 impossible

160 1075 208 1102 sor
228 1075 276 1102 ilie
301 1075 431 1102 damned

210 1115 242 1137 to
264 1109 377 1136 submit

195 1145 340 1180 willingly
363 1150 392 1170 to

257 1180 335 1206 their

189 1214 397 1249 punishment.

707 281 931 313 JOHANNIS
952 281 1136 312 WYCLIF
1155 280 1413 313 SERMONUM
1439 267 1590 323 [SERMo
1608 279 1760 307 XXXVII-

453 386 622 423 infatuat
657 396 693 424 et
727 387 878 435 obligat
919 387 1187 423 insolubiliter
1227 388 1275 422 ad
1315 399 1458 434 penam
1501 387 1762 435 multiplicius

452 444 731 481 sufferendam.
782 447 895 481 [nde
935 457 1074 481 omnes
1120 444 1279 492 dyaboli
1319 445 1379 480 vel
1425 445 1631 493 dampnati
1672 454 1762 481 sunt

451 502 718 539 insolubiliter
751 503 966 550 redarguti.
1015 505 1053 538 ln
1095 515 1172 550 qua
1213 501 1501 550 redargucione
1535 507 1593 549 (ut
1633 504 1762 551 placet

451 561 706 609 quibusdam)
741 560 923 597 consistit
956 561 1201 608 perpetuitas
1235 572 1303 596 sue
1336 572 1448 608 pene.
1483 561 1623 597 Omnis
1657 561 1760 597 enim

451 620 693 667 dampnatus
723 620 838 655 debet
871 619 969 654 velle
1003 631 1114 654 suam
1149 617 1486 666 dampnacionem
1512 628 1761 667 perpetuam,

452 689 540 713 cum
576 677 623 713 sit
658 677 759 712 iusta
793 686 828 712 et
852 676 925 712 sibi
961 676 1173 724 proficiens
1207 686 1243 712 et
1269 678 1374 712 Deus
1407 689 1452 712 ac
1483 689 1624 713 omnes
1659 677 1760 713 beati

452 735 489 770 in
513 734 807 782 dampnacione
831 734 1061 771 huiusmodi
1095 743 1184 770 sunt
1219 734 1378 782 placati.
1416 736 1502 779 Que
1535 746 1629 781 ergo
1663 735 1762 771 foret

450 792 612 829 libertas
645 792 684 828 in
717 791 786 828 tali
820 793 1042 840 dampnato
1066 794 1172 840 quod
1203 805 1282 828 non
1307 793 1468 828 deberet
1490 793 1604 828 subdi
1630 792 1763 828 huius-

452 850 559 887 modi
593 850 815 886 voluntati}
854 863 989 898 ymmo
1029 851 1164 887 volens
1211 851 1285 886 hoc
1326 850 1624 898 complacentes
1663 851 1763 886 foret

449 909 753 957 quodammodo
787 909 938 954 beatus,
979 909 1071 957 quia
1104 921 1184 945 non
1219 910 1402 944 obstante
1447 921 1548 956 pena
1583 909 1763 957 corporis

449 966 577 1014 qualis
612 966 772 1002 Christo
805 966 921 1002 infuit
956 967 1056 1003 foret
1090 967 1127 1002 in
1162 966 1297 1003 anima
1329 965 1542 1014 quietatus.

507 1025 581 1060 Sed
624 1023 662 1059 in
707 1024 938 1072 oppositum
987 1038 1060 1073 pro
1106 1023 1507 1073 impossibilitacione
1552 1024 1762 1061 volicionis

452 1091 531 1118 tam
579 1081 836 1118 racionabilis
883 1092 991 1130 patet
1037 1085 1143 1130 quod
1190 1095 1350 1119 omnem
1397 1083 1657 1129 dampnatum
1707 1092 1763 1118 est

450 1139 697 1187 impossibile
737 1140 791 1176 ita
830 1141 928 1176 velle
968 1154 1079 1177 suam
1115 1140 1466 1189 dampnacionem,
1507 1140 1638 1187 primo
1671 1141 1762 1188 quia

449 1208 541 1233 tunc
576 1198 676 1234 soret
709 1198 827 1234 simul
861 1200 1104 1247 dampnatus
1138 1208 1174 1235 et
1209 1200 1382 1235 salvatus
1407 1199 1515 1246 quod
1550 1207 1606 1234 est
1636 1211 1763 1246 oppo-

448 1255 566 1291 situm
603 1255 641 1291 in
667 1255 842 1301 adiecto:
876 1258 1053 1293 secundo
1077 1257 1170 1305 quia
1202 1258 1334 1292 nullus
1358 1258 1599 1304 dampnatus
1632 1265 1762 1304 potest

448 1315 545 1350 velle
592 1314 804 1361 dampnari
849 1314 922 1350 nisi
966 1317 1038 1351 sub
1085 1315 1247 1351 racione
1292 1327 1369 1364 qua
1415 1314 1490 1350 hoc
1530 1314 1762 1362 apparuerit

449 1371 521 1407 sibi
556 1373 719 1409 bonum.
754 1373 830 1408 Sed
857 1372 923 1409 illa
957 1372 1066 1410 racio
1089 1386 1170 1409 non
1194 1381 1324 1421 potest
1349 1384 1446 1419 esse,
1481 1385 1570 1408 cum
1596 1372 1762 1409 includit

447 1429 830 1475 contradiccionem,
866 1440 995 1478 potest
1019 1444 1112 1478 ergo
1135 1432 1234 1467 velle
1256 1430 1413 1476 salvari,
1438 1432 1506 1466 sed
1529 1443 1609 1467 non
1633 1439 1762 1478 potest

446 1489 546 1525 velle
586 1488 719 1524 taliter
764 1501 804 1525 se
850 1489 1074 1537 dampnari.
1123 1489 1300 1535 Quilibet
1345 1497 1478 1525 autem
1519 1490 1762 1537 dampnatus

446 1546 577 1594 potuit
621 1546 766 1583 salvari
812 1555 848 1583 et
893 1560 963 1595 per
1009 1560 1258 1596 consequens
1305 1555 1434 1595 potest
1482 1556 1670 1595 appetere
1722 1559 1762 1582 se

447 1604 604 1650 salvari,
656 1606 725 1641 sed
769 1617 975 1653 nunquam
1030 1605 1160 1654 potnit
1204 1606 1304 1642 velle
1351 1617 1390 1641 se
1437 1604 1662 1653 dampnari.
1715 1606 1762 1640 Et

446 1663 590 1710 loquor
629 1663 676 1698 de
713 1662 910 1699 volicione
956 1663 1153 1712 explicita,
1199 1663 1293 1712 quia
1336 1668 1393 1709 <ut
1439 1663 1574 1699 multis
1618 1663 1762 1711 placet)

446 1733 585 1757 omnes
625 1720 787 1768 presciti
820 1722 991 1758 volendo
1031 1734 1198 1770 peccare
1238 1722 1522 1758 antecedenter
1564 1722 1613 1757 ad
1647 1733 1760 1757 suam

446 1779 781 1826 dampnacionem
828 1780 966 1816 volunt
1010 1779 1206 1828 implicite
1250 1780 1359 1816 illam
1405 1788 1650 1827 sequentem.
1698 1778 1762 1814 Sic

446 1837 550 1873 enim
585 1837 724 1872 volunt
757 1837 967 1886 dampnati
991 1837 1360 1874 contradiccionem
1395 1850 1516 1886 quam
1542 1839 1648 1874 Deus
1680 1849 1762 1873 non

445 1903 575 1942 potest
607 1894 789 1943 implere.

503 1952 648 1989 Tercio
681 1952 712 1989 si
746 1954 989 2002 dampnatus
1012 1954 1102 1991 talis
1125 1954 1242 1990 vellet
1266 1953 1449 2001 explicite
1472 1965 1584 1989 suam
1620 1953 1760 2000 damp-

445 2010 671 2056 nacionem,
703 2023 793 2047 cum
819 2012 937 2048 habet
963 2011 1072 2048 illam
1097 2021 1248 2060 parate,
1271 2023 1341 2060 per
1364 2011 1470 2047 idem
1493 2011 1609 2047 vellet
1634 2011 1760 2058 quod-

446 2081 602 2117 cunque
641 2069 690 2104 ad
732 2068 841 2105 illam
882 2082 1149 2118 consequens:
1185 2079 1221 2106 et
1254 2082 1343 2106 cum
1377 2070 1595 2106 secundum
1628 2069 1760 2115 Augu-

445 2126 593 2162 stinum
628 2127 760 2163 beatus
792 2135 847 2163 est
885 2128 950 2176 qui
979 2128 1091 2165 habet
1123 2128 1301 2177 quicquid
1341 2128 1422 2163 vult
1453 2135 1488 2163 et
1520 2127 1637 2163 nichil
1669 2125 1761 2161 mali

447 2185 540 2231 vult,
584 2183 740 2221 videtur
785 2186 894 2234 quod
939 2187 1181 2235 dampnatus
1227 2185 1457 2222 huiusmodi
1503 2184 1551 2221 sit
1606 2185 1759 2220 beatus.

446 2244 546 2278 Cum
582 2242 686 2279 enim
721 2243 966 2292 dampnacio
1006 2257 1077 2281 sua
1116 2243 1165 2281 sit
1203 2253 1285 2281 tam
1324 2243 1425 2280 iuste
1463 2242 1574 2280 illata
1607 2255 1628 2278 a
1663 2244 1759 2280 Deo.

444 2300 601 2337 videtur
632 2302 740 2349 quod
773 2302 945 2339 volendo
979 2302 1107 2350 ipsam
1142 2303 1223 2339 vult
1257 2303 1421 2347 bonum,
1464 2302 1511 2338 de
1545 2312 1623 2349 quo
1656 2301 1761 2336 Deus

445 2367 483 2394 et
521 2371 662 2395 omnes
703 2359 833 2407 angeli
867 2369 960 2396 sunt
992 2361 1118 2407 letati,
1159 2373 1296 2408 ymmo
1329 2359 1486 2396 videtur
1525 2359 1633 2407 quod
1672 2357 1761 2394 talis

445 2416 688 2465 dampnacio
722 2417 795 2454 sibi
820 2418 1020 2466 proficiat,
1055 2418 1148 2467 quia
1173 2426 1330 2455 constat
1355 2430 1398 2454 ex
1424 2417 1500 2454 fide
1533 2417 1641 2465 quod
1676 2415 1762 2463 ipsa

514 2546 539 2566 2.
560 2540 589 2566 A
609 2538 638 2566 in
661 2547 774 2574 marg.:
797 2539 877 2567 Nota
898 2540 1128 2568 conclusionem
1150 2540 1186 2568 de
1208 2539 1392 2575 dampnatis.
1499 2547 1528 2573 4.
1551 2537 1575 2565 13
1595 2537 1625 2565 in
1647 2546 1760 2573 marg:

446 2573 635 2609 l'crpctuitas
657 2582 733 2608 pene
753 2574 970 2602 damnatorum
994 2576 1090 2609 nnde;
1121 2575 1146 2602 Ι)
1168 2575 1197 2602 in
1220 2583 1333 2610 marg:
1364 2574 1558 2608 Dampnatns
1578 2572 1666 2600 debet
1687 2572 1762 2611 vel-le

446 2617 531 2636 snam
553 2608 821 2643 dampnacionem.
909 2609 936 2637 6.
959 2609 1028 2637 DE:
1051 2615 1079 2637 ct
1099 2618 1217 2637 omnes.
1304 2609 1330 2637 ὃ.
1352 2609 1420 2636 DE:
1443 2608 1541 2636 debet.
1624 2615 1660 2635 12.
1682 2607 1710 2634 A
1732 2615 1760 2634 in

446 2651 559 2677 mai-‚qa
580 2643 613 2669 In
636 2643 826 2678 oppositum.
928 2652 969 2679 14.
992 2644 1060 2672 DE:
1083 2653 1169 2672 snam
1192 2644 1449 2679 dampnacionem
1472 2643 1572 2674 deest:
1594 2642 1622 2669 in
1644 2642 1711 2669 cod.
1733 2643 1761 2668 A

445 2678 539 2705 addit.
561 2677 590 2704 in
613 2685 708 2712 marg.
731 2678 787 2705 snb
809 2678 897 2713 signo
917 2687 954 2711 o:
986 2679 1025 2706 ib.
1058 2679 1080 2706 li
1111 2679 1138 2706 in
1171 2687 1284 2706 marn:
1314 2678 1485 2706 Damnatus
1516 2677 1620 2704 volens
1651 2684 1760 2712 penam

446 2721 531 2739 snam
555 2712 782 2747 complacente-1·
801 2713 880 2740 foret
895 2713 1010 2740 beatus.
1033 2714 1092 2741 Sed
1110 2688 1301 2749 impossii'iile
1316 2718 1361 2740 est
1375 2713 1476 2748 ipsum
1496 2712 1534 2739 ita
1551 2710 1716 2750 relleffiAE
1732 2710 1759 2737 in

446 2755 558 2774 maru:
583 2755 602 2774 1.
699 2747 739 2774 16.
761 2747 816 2774 ΑΕ
837 2747 865 2774 in
889 2756 1001 2783 marg:
1023 2756 1048 2776 2.
1141 2756 1180 2783 17.
1202 2748 1271 2775 DE:
1294 2752 1430 2783 apparet.
1523 2747 1563 2774 18.
1585 2747 1629 2773 A:
1651 2754 1760 2773 inesse.

445 2789 490 2808 20.
512 2756 536 2809 i}
557 2781 585 2808 in
610 2789 723 2817 marg:
745 2781 836 2809 Nota.
893 2790 933 2817 21,
955 2790 998 2810 22.
1021 2784 1066 2810 A:
1089 2787 1116 2810 et
1137 2791 1192 2818 per
1210 2798 1244 2802 —
1265 2782 1426 2818 dampnari
1449 2782 1542 2809 deest.
1599 2780 1644 2808 28.
1662 2779 1759 2819 AEin

447 2824 560 2850 marga
583 2814 607 2843 3.
682 2823 730 2852 29,
752 2815 797 2843 30.
819 2817 863 2844 A:
886 2817 967 2852 qnod
991 2817 1166 2853 quicunqne
1187 2817 1222 2845 :id
1246 2817 1340 2844 illum.
1415 2816 1456 2844 35.
1479 2815 1547 2843 1315:
1569 2820 1638 2842 sunt
1660 2815 1718 2842 leti.

520 2899 574 2932 31.
602 2899 692 2941 Aug.
719 2900 812 2943 Opp.
841 2907 928 2933 tom.
955 2901 978 2942 Ι,
1008 2900 1085 2933 302.
1113 2900 1166 2933 Cf.
1194 2908 1239 2932 et.
1265 2910 1343 2944 pag.
1373 2900 1450 2941 252,
1477 2899 1551 2932 31¹.

1785 921 1821 943 10

1784 1201 1819 1232 15

1779 1502 1821 1523 20

1779 1782 1819 1814 25

1777 2072 1819 2105 30

1779 2362 1818 2394 35
