1986 3380
218 282 297 325 μὴ)

227 577 329 603 filiis>
351 578 424 603 ⁴*low
447 582 476 603 10

240 620 286 638 sax
315 612 395 638 ulmi
417 612 464 638 {he

294 647 361 674 host
384 647 418 674 is.

248 1053 335 1089 They
356 1062 449 1093 agree

227 1097 296 1116 now
318 1093 348 1115 to
370 1097 422 1124 say
443 1094 465 1116 it

225 1123 250 1150 is
271 1132 286 1150 a
308 1123 419 1150 bundle
440 1124 474 1151 of

240 1158 406 1189 accidents,
428 1159 457 1185 in

215 1193 315 1221 which
331 1193 485 1221 Christis.

233 1507 320 1542 They
340 1515 390 1534 are
411 1511 464 1534 not

230 1541 322 1569 asked
344 1542 427 1569 what
444 1542 470 1569 is

801 291 1023 322 JOHANNIS
1043 290 1225 322 WYCMF
1246 290 1502 322 SERMONUM
1567 277 1718 334 [SERMO
1741 289 1815 317 lixl.

505 406 800 432 sacramentum
849 408 932 433 esse
973 408 1109 432 verum
1150 408 1296 444 panem
1338 396 1405 444 qui
1444 396 1687 434 offerebatur
1726 406 1816 434 ante

506 454 873 500 consecracionem,
914 463 950 490 et
991 453 1168 490 defendit
1208 453 1466 502 pertinaciter
1499 464 1654 503 partem
1688 468 1815 502 suam,

505 521 561 549 est
596 513 804 549 manifeste
837 512 1025 548 heretica.

564 571 655 607 Ideo
689 571 1029 607 communicando
1069 582 1159 606 cum
1200 569 1389 606 fratribus
1421 583 1502 606 non
1536 571 1698 607 confero
1739 571 1817 607 illis

505 629 775 665 communiter
809 641 1053 677 quamquam
1096 628 1357 665 elemosinam
1398 628 1471 664 nisi
1512 628 1680 665 dixerint
1719 629 1849 665 mihi5

505 687 600 735 quid
624 686 663 723 in
686 696 828 724 natura
851 699 921 722 sua
945 685 993 722 sit
1017 687 1091 723 hoc
1114 696 1410 723 sacramentum
1436 688 1542 735 quod
1568 697 1815 724 consecrant.

506 747 553 781 Et
586 745 715 793 reperi
750 745 896 781 multos
929 744 968 781 in
992 744 1069 781 fide
1091 757 1161 781 sua
1185 744 1396 793 dyabolica
1428 744 1596 791 variare,
1629 745 1685 782 sic
1708 747 1815 794 quod

503 803 563 839 vix
597 804 696 840 duos
729 802 859 851 reperi
892 802 931 838 in
965 804 1133 839 eandem
1167 803 1411 840 sentenciam
1447 803 1684 840 consentire.
1739 805 1815 840 Sed

505 862 626 898 modo
660 861 797 898 dicunt
830 860 1084 897 concorditer
1124 861 1238 897 multi
1278 870 1315 898 et
1355 860 1487 909 magni
1527 873 1666 898 eorum
1709 863 1815 910 quod

504 921 579 956 hoc
612 928 908 956 sacramentum
943 918 1065 955 nichil
1098 918 1159 965 sit,
1193 931 1265 956 nec
1299 919 1434 956 album
1467 931 1541 956 nec
1575 920 1719 956 durum
1742 932 1815 956 nec
1837 934 1874 955 10

503 979 721 1014 rotundum
756 986 792 1013 et
826 977 881 1013 sic
915 978 962 1013 de
1001 976 1087 1013 aliis
1121 976 1524 1014 denominacionibus
1558 977 1813 1026 qualitatum,

503 1037 571 1072 sed
624 1045 680 1072 est
732 1036 889 1081 albedo,
937 1034 1121 1081 duricies,
1175 1035 1402 1072 rotunditas
1448 1044 1484 1071 et
1527 1035 1583 1072 sic
1628 1037 1675 1072 de
1728 1035 1814 1072 aliis

502 1093 713 1142 generibus
753 1092 1027 1130 accidencium
1074 1093 1310 1141 aggregatis,
1352 1102 1389 1129 et
1434 1093 1488 1130 ita
1534 1093 1672 1130 dicunt
1716 1093 1815 1130 illud

503 1151 626 1188 nichil
659 1163 743 1188 esse
782 1163 854 1188 nec
893 1163 1010 1199 posse
1049 1163 1131 1188 esse
1172 1164 1317 1200 corpus
1350 1151 1498 1188 Christi
1538 1164 1610 1188 nec
1650 1164 1733 1189 esse
1765 1153 1814 1188 ab

503 1210 638 1259 aliquo
672 1211 945 1255 adorandum3
984 1209 1164 1246 venerari
1203 1219 1339 1246 tamen
1378 1210 1494 1246 debet
1532 1218 1698 1258 propter
1739 1211 1872 1247 hoci5

503 1269 610 1317 quod
644 1281 789 1316 corpus
824 1267 971 1305 Christi
1004 1267 1265 1316 spiritualiter
1299 1276 1356 1304 est
1389 1267 1429 1305 in
1461 1267 1542 1304 illo.
1597 1267 1815 1316 Applicans

502 1335 636 1363 autem
682 1326 799 1363 istam
845 1325 1056 1363 materiam
1102 1327 1151 1362 ad
1196 1335 1389 1374 punctum
1436 1325 1683 1363 difficultatis
1722 1338 1815 1374 sepe

503 1384 592 1422 dico
633 1385 741 1433 quod
778 1397 860 1421 non
899 1383 1079 1432 queritur
1127 1384 1223 1433 quid
1257 1384 1307 1421 sit
1345 1383 1412 1430 ibi,
1453 1383 1546 1432 quia
1584 1383 1667 1421 scio
1706 1385 1814 1433 quod

503 1452 560 1479 est
607 1442 660 1479 ibi
707 1451 793 1479 tota
835 1442 1025 1488 Trinitas,
1071 1454 1146 1491 que
1191 1450 1248 1479 est
1291 1442 1410 1490 longe
1457 1442 1599 1479 melior
1644 1454 1814 1490 corpore

503 1500 651 1538 Christi
674 1501 734 1537 vel
758 1500 836 1537 alia
860 1509 1056 1537 creatura.
1090 1501 1167 1537 Sed
1190 1509 1318 1537 totam
1342 1500 1620 1537 difficultatem
1654 1499 1814 1549 applico
1831 1515 1872 1538 20

215 1577 310 1611 there,
333 1577 385 1604 but
405 1577 487 1604 what
503 1560 553 1596 ad
586 1560 691 1595 hunc
723 1567 916 1607 punctum
950 1558 1047 1607 quid
1084 1558 1135 1595 sit
1169 1560 1245 1595 hoc
1283 1558 1469 1595 sensibile
1502 1567 1813 1604 sacramentum,

312 1611 333 1640 it
353 1612 390 1639 is.

231 2375 313 2404 That
334 2375 465 2404 Christ's

234 2411 315 2447 body
336 2411 362 2439 is
382 2411 464 2438 there

224 2446 298 2474 does
320 2450 372 2474 not
392 2447 480 2473 make

226 2481 276 2508 the
297 2481 365 2508 host
386 2489 471 2509 more

267 2516 435 2543 venerable.

503 1618 611 1666 quod
643 1618 831 1654 sacerdos
864 1616 919 1654 sic
953 1625 1099 1653 tractat
1133 1625 1170 1653 et
1202 1617 1374 1665 populus
1407 1616 1462 1653 sic
1495 1617 1680 1654 honorat.
1733 1619 1815 1653 Nec

501 1675 617 1712 video
650 1676 759 1724 quod
782 1684 947 1724 propter
979 1676 1055 1711 hoc
1088 1676 1196 1723 quod
1230 1687 1374 1723 corpus
1399 1674 1547 1712 Christi
1581 1683 1638 1711 est
1669 1674 1709 1711 in
1731 1673 1814 1720 illo,

502 1733 594 1770 licet
646 1733 778 1782 ipsum
829 1733 879 1770 sit
932 1732 1134 1769 infinitum
1179 1732 1460 1781 imperfeccius
1514 1745 1633 1781 quarn
1679 1732 1815 1781 aliqua

503 1791 723 1828 materialis
746 1791 989 1837 substancia,
1014 1792 1121 1840 quod
1148 1790 1278 1839 ipsum
1303 1790 1351 1827 sit
1374 1790 1507 1827 taliter
1528 1792 1814 1828 venerandum.
1831 1796 1870 1829 25

502 1852 603 1886 Nam
638 1851 857 1887 secundum
883 1849 1054 1886 heresim
1088 1848 1249 1886 illorum
1274 1849 1449 1897 quelibet
1474 1848 1692 1886 materialis
1725 1850 1815 1885 sub-

503 1907 656 1945 stancia
689 1916 747 1944 est
779 1907 867 1956 ipso
900 1907 1141 1956 perfeccius;
1187 1916 1224 1944 et
1256 1915 1451 1956 quantum
1492 1908 1542 1944 ad
1575 1907 1673 1943 illud
1706 1907 1815 1955 quod

503 1966 542 2002 in
587 1965 673 2015 ipso
714 1965 842 2002 existit
881 1965 1057 2014 quelibet
1095 1974 1229 2002 creata
1267 1964 1498 2002 substancia
1538 1966 1657 2002 habet
1695 1964 1735 2002 in
1774 1976 1814 2001 se

503 2036 603 2072 eque
648 2024 865 2072 perfectam
915 2036 997 2060 rem
1044 2022 1145 2060 sicut
1190 2024 1265 2060 hoc
1310 2032 1621 2060 sacramentum.
1666 2025 1715 2059 Et
1758 2022 1814 2060 sic

501 2082 658 2119 videtur
692 2081 788 2118 mihi
828 2083 935 2131 quod
974 2090 1081 2118 totus
1122 2083 1294 2118 mundus
1332 2082 1553 2118 secundum
1593 2080 1814 2130 quamlibet
1831 2087 1872 2120 30

503 2140 586 2176 eius
619 2148 775 2189 partem
811 2139 860 2176 sit
894 2152 994 2188 eque
1016 2141 1266 2177 venerandus
1297 2139 1587 2188 genuflexione,
1621 2151 1812 2176 manuum

503 2198 730 2235 elevacione
763 2207 800 2234 et
824 2197 966 2247 capitis
999 2197 1278 2245 inclinacione,
1312 2197 1414 2235 sicut
1436 2197 1610 2247 populus
1642 2198 1815 2234 honorat

503 2258 578 2293 hoc
610 2256 836 2293 venerabile
869 2265 1182 2302 sacramentum,
1216 2255 1310 2305 quia
1336 2264 1418 2293 tam
1452 2255 1660 2293 continens
1693 2267 1813 2305 quarn

503 2323 737 2352 contentum
772 2323 829 2351 est
862 2323 944 2351 tam
979 2316 1249 2363 approbatum
1283 2315 1391 2363 apud
1423 2316 1565 2351 Deum.

561 2375 641 2409 Nec
675 2372 829 2409 dicetur
862 2374 969 2422 quod
1004 2372 1197 2409 habitudo
1229 2372 1361 2410 verior
1394 2371 1611 2421 superioris
1644 2371 1713 2418 rei,
1738 2383 1815 2420 que
1832 2378 1870 2412 35

504 2439 561 2467 est
592 2439 738 2468 natura
771 2430 904 2468 divina
937 2443 1057 2479 quam
1092 2430 1237 2468 realius
1270 2431 1347 2467 hoc
1380 2438 1679 2467 sacramentum
1712 2429 1752 2466 in
1774 2441 1814 2466 se

504 2488 696 2535 continet,
730 2501 810 2526 non
843 2489 991 2526 faceret
1024 2489 1100 2526 hoc
1133 2497 1430 2526 sacramentum
1469 2489 1558 2537 plus
1590 2486 1815 2525 venerabile

503 2559 623 2595 quam
658 2547 806 2584 faceret
839 2546 1034 2584 habitudo
1068 2547 1250 2596 corporis
1274 2546 1422 2584 Christi
1456 2546 1495 2583 in
1518 2546 1605 2595 ipso
1639 2544 1815 2583 contenti

502 2604 760 2653 improprius.
795 2604 835 2642 Si
860 2605 966 2642 enim
989 2605 1200 2642 veneracio
1223 2605 1285 2642 vel
1310 2604 1503 2642 adoracio
1537 2605 1654 2641 debet
1677 2602 1813 2640 referri

572 2750 596 2777 3.
618 2750 659 2777 D:
681 2758 747 2777 esse
762 2771 768 2777 .
785 2771 792 2778 .
810 2771 816 2777 .
833 2751 1007 2778 hereticam.
1100 2759 1125 2786 7.
1148 2750 1215 2778 DE:
1238 2750 1359 2778 variari.
1450 2750 1477 2778 8.
1498 2751 1527 2778 A
1547 2749 1577 2777 in
1599 2757 1712 2785 marg:
1733 2748 1814 2777 Nota

502 2785 538 2812 de
560 2789 752 2812 sacramento
773 2785 886 2813 altaris.
944 2793 977 2813 11.
999 2784 1068 2813 DE:
1089 2790 1117 2813 et
1137 2785 1254 2813 ceteris.
1311 2792 1348 2813 12.
1369 2784 1438 2813 DE:
1460 2789 1487 2812 et
1508 2784 1625 2812 ceteris.
1682 2792 1723 2819 14.
1743 2783 1813 2812 DE:

503 2819 593 2847 nichil
616 2827 679 2847 nec.
747 2818 786 2847 18.
801 2821 845 2848 A:
867 2819 959 2847 dicto.
1026 2828 1066 2855 ις).
1087 2820 1112 2848 D
1133 2820 1163 2848 in
1186 2828 1298 2859 marg:
1319 2820 1352 2847 In
1374 2824 1566 2847 sacramento
1586 2818 1749 2847 eukaristie
1769 2823 1814 2846 est

503 2858 565 2881 tota
584 2853 732 2882 Trinitas.
807 2854 852 2882 26.
874 2855 918 2882 A:
941 2855 1110 2882 secundum
1132 2855 1233 2889 deest3
1254 2855 1294 2882 ib.
1316 2854 1384 2882 DE:
1406 2862 1530 2888 eorum;
1558 2854 1598 2882 ib.
1620 2853 1644 2881 D
1665 2853 1695 2881 in
1716 2861 1812 2889 marg.

504 2896 583 2915 man.
606 2893 702 2924 post.:
731 2889 913 2923 Intelligitur
939 2889 975 2916 de
996 2889 1164 2920 divinitate.
1186 2897 1243 2926 que
1264 2897 1339 2925 eque
1360 2889 1490 2924 perfecte
1511 2893 1556 2917 est
1576 2889 1606 2916 in
1627 2887 1711 2917 omni
1732 2895 1813 2916 crea-

503 2927 580 2958 tura,
603 2931 662 2950 non
684 2923 722 2951 sit
742 2931 856 2960 corpus
877 2924 1003 2952 Christi.
