1986 3380
211 286 346 315 SERMO
362 276 516 333 xxxiv]
679 287 891 320 SECUNDA
919 286 1045 318 PARs.

211 395 296 432 istis
329 394 535 443 discipulis
575 395 747 441 gaudere
786 392 825 428 in
858 404 926 440 spe
960 393 1007 428 de
1040 391 1285 428 beatitudine
1318 392 1366 427 ad
1400 390 1521 427 vitam

211 467 324 490 suam
365 452 611 489 meritoriam
653 459 977 499 consequentem.
1018 451 1124 486 Istud
1163 458 1296 486 autem
1334 448 1522 496 gaudium

213 513 334 548 modo
381 509 554 547 mirabili
594 522 675 545 non
714 518 771 545 est
811 509 1054 556 culpandum
1094 507 1195 544 sicut
1234 520 1307 543 nec
1346 506 1522 548 virtutes,

212 569 304 606 licet
337 581 380 606 ex
411 568 489 604 illis
521 566 829 604 occasionaliter
862 566 1011 602 malum
1046 564 1193 614 poterit
1224 564 1453 613 provenire3
1489 574 1524 601 et

180 627 287 664 Sista
330 626 503 664 formido
543 625 604 662 vel
648 624 769 661 timor
813 623 944 661 filialis
990 633 1046 660 est
1084 624 1239 660 frenum
1285 622 1438 659 homini
1477 636 1524 659 ne

213 684 418 734 superbiat
462 696 505 720 ex
549 684 655 719 bono
695 682 959 719 determinate
997 681 1070 718 sibi
1110 681 1283 729 cognito.
1329 683 1377 716 Et
1415 689 1524 728 patet

214 742 367 781 solucio
407 743 457 779 ad
495 740 686 790 primum,
721 753 811 777 cum
850 749 928 777 stat
968 739 1171 777 hominem
1212 740 1386 788 gaudere
1418 738 1525 775 licite

215 803 262 838 de
307 800 375 837 illo
414 800 522 849 quod
562 798 766 845 formidat,
807 800 901 835 dum
941 807 1075 835 tamen
1114 810 1225 846 spem
1265 796 1449 834 habuerit
1489 805 1525 833 et

215 860 374 896 firmum
419 856 672 906 propositum
712 857 820 905 quod
863 856 994 905 ipsum
1035 856 1207 892 finaliter
1246 863 1524 903 consequetur.

160 931 199 954 10
271 918 333 954 Ad
376 917 596 953 secundum
636 914 732 951 dicit
770 913 922 962 logicus
961 915 1070 963 quod
1114 914 1258 951 falsum
1297 913 1524 959 assumitur,

215 988 304 1013 cum
343 987 461 1011 nemo
501 972 679 1022 superbit
713 973 760 1009 de
798 971 962 1018 nichilo,
996 971 1088 1021 quia
1128 971 1184 1009 sic
1223 971 1447 1020 superbiret
1480 972 1527 1007 de

215 1033 392 1070 chimera
431 1041 468 1069 et
502 1031 682 1081 quolibet
713 1030 982 1076 nominand03
1017 1039 1053 1067 et
1086 1029 1142 1067 sic
1176 1031 1223 1066 de
1255 1038 1347 1066 actu
1379 1028 1526 1077 gaudii.

213 1094 262 1128 Et
305 1099 415 1140 patet
459 1091 566 1139 quod
616 1101 735 1126 nemo
786 1097 917 1138 potest
967 1089 1141 1137 gaudere
1184 1087 1322 1125 illicite
1366 1089 1413 1124 de
1457 1100 1528 1123 sua

213 1148 460 1186 beatitudine
504 1147 579 1185 nisi
621 1146 780 1184 veniam
825 1155 1106 1195 consequatur.
1160 1147 1237 1184 Sed
1282 1147 1329 1182 de
1373 1145 1527 1182 actibus

160 1206 334 1257 ifilapsis
379 1206 419 1243 in
457 1205 693 1255 preteritum
740 1213 778 1242 et
816 1207 865 1242 de
902 1204 1016 1242 bonis
1055 1204 1319 1242 determinate
1357 1203 1527 1252 cognitis

213 1274 344 1315 potest
373 1266 495 1302 homo
523 1265 697 1313 gaudere
719 1262 826 1301 licite
855 1272 892 1301 et
915 1262 1141 1312 dampnari.
1176 1262 1216 1300 Si
1245 1261 1351 1299 enim
1381 1263 1528 1310 gaudet

215 1324 303 1373 quis
338 1325 385 1360 de
418 1335 489 1360 sua
521 1321 882 1371 predestinacione,
915 1330 1011 1358 tunc
1042 1321 1110 1358 illa
1142 1320 1438 1370 predestinacio
1471 1328 1528 1356 est

216 1392 365 1428 eterna,
411 1390 448 1418 et
491 1393 562 1429 per
607 1392 868 1429 consequens,
910 1393 1000 1416 curn
1053 1388 1213 1428 oportet
1256 1379 1387 1428 ipsum
1433 1387 1527 1415 tunc

216 1438 437 1478 beatificari
470 1439 837 1488 quomodocunque
876 1438 916 1474 in
954 1437 1017 1475 via
1056 1437 1292 1486 peccaverit,
1326 1437 1528 1474 fructuose

158 1513 200 1535 20
216 1498 388 1536 finaliter
431 1496 638 1545 penitebit,
684 1505 721 1533 et
765 1498 840 1533 hoc
884 1509 965 1533 non
1008 1504 1168 1544 oportet
1208 1497 1256 1532 de
1297 1494 1528 1532 inordinato

215 1556 362 1605 gaudio
396 1554 663 1592 determinato
703 1554 777 1591 sibi
811 1554 972 1603 cognito
1005 1567 1078 1602 pro
1110 1553 1299 1602 presenti.
1339 1555 1387 1589 Et
1420 1561 1529 1602 patet

215 1615 422 1664 quomodo
462 1621 659 1661 repugnat
698 1612 903 1649 hominem
943 1613 1116 1660 gaudere
1154 1621 1236 1649 tam
1277 1611 1529 1660 culpabiliter

215 1674 263 1710 de
308 1685 378 1709 sua
428 1670 777 1719 predestinacione
823 1684 944 1720 quam
993 1670 1246 1719 culpabiliter
1290 1671 1437 1718 gaudet
1481 1670 1528 1705 de

215 1730 288 1768 sibi
322 1729 484 1778 cognito
512 1728 789 1775 determinate,
815 1728 908 1778 quia
940 1742 1014 1778 pro
1049 1729 1166 1777 culpa
1198 1728 1361 1765 secundi
1393 1726 1528 1776 gaudii

157 1795 197 1828 25
217 1788 401 1826 damnari
435 1786 596 1836 poterit,
628 1800 711 1823 non
743 1800 816 1836 pro
849 1787 993 1836 prima.

272 1849 321 1883 Et
353 1845 384 1882 si
422 1844 595 1882 obicitur
627 1847 735 1894 quod
775 1845 889 1882 multi
921 1858 1021 1883 vane
1053 1846 1228 1893 gaudent
1259 1857 1333 1893 pro
1365 1843 1528 1890 nichilo,

215 1905 317 1942 sicut
349 1903 465 1940 multi
498 1903 565 1952 qui
599 1903 916 1951 cogitacionibus
949 1912 986 1940 et
1014 1903 1126 1941 vanis
1157 1901 1530 1952 ymaginacionibus

214 1963 375 2000 illorum
415 1974 492 2010 que
537 1961 666 1998 sciunt
710 1974 795 1998 esse
834 1961 1100 2010 impossibilia
1138 1970 1400 2010 occupantur,
1435 1959 1531 1997 dicit

215 2021 367 2070 logicus
407 2021 515 2069 quod
561 2020 751 2067 gaudium
799 2029 855 2057 est
895 2021 942 2057 de
981 2020 1184 2066 existente,
1219 2019 1313 2069 quia
1352 2020 1399 2055 de
1439 2027 1531 2055 actu

158 2077 522 2128 3oimaginaci0nis
567 2078 656 2115 talis
702 2079 916 2127 superflue.
971 2081 1019 2115 Et
1058 2078 1170 2115 addit
1210 2077 1362 2126 logicus
1409 2078 1530 2126 quod,

216 2137 319 2174 sicut
349 2149 470 2173 nemo
503 2145 635 2184 potest
669 2136 845 2184 cogitare
878 2136 1029 2186 aliquid
1065 2136 1192 2173 maius
1225 2138 1310 2174 Deo
1345 2138 1403 2184 (ut
1436 2135 1532 2171 dicit

215 2196 456 2232 Anshelmus
489 2194 529 2230 in
561 2194 696 2231 libello
729 2207 801 2231 suo
825 2196 975 2232 Contra
1004 2194 1291 2243 Insipientem),
1325 2193 1381 2230 sic
1413 2205 1531 2230 nemo

216 2262 348 2303 potest
401 2252 577 2300 cogitare
627 2253 688 2289 vel
732 2252 956 2301 ymaginari
1005 2252 1156 2302 aliquid
1200 2253 1261 2289 vel
1305 2251 1533 2300 aliqualiter

217 2313 325 2361 quod
354 2311 415 2347 vel
444 2310 616 2359 qualiter
644 2323 725 2348 non
752 2319 884 2359 potest
909 2324 1004 2348 esse.
1037 2313 1120 2348 Nec
1151 2310 1331 2359 sequitur
1354 2309 1386 2346 si
1409 2311 1532 2346 homo

160 2375 200 2410 35
216 2369 272 2407 sic
310 2368 460 2417 cogitat
495 2368 637 2405 ‘maius
676 2371 760 2406 Deo
800 2370 883 2415 est’,
917 2378 1012 2405 tunc
1056 2369 1204 2417 cogitat
1243 2368 1386 2405 ‘maius
1419 2368 1531 2413 Deo’,

215 2440 288 2465 nec
326 2427 491 2476 aliquod
529 2427 687 2475 signum
727 2426 952 2476 significare
990 2427 1138 2476 poterit
1171 2426 1298 2464 maius
1331 2428 1429 2472 Deo,
1463 2427 1532 2462 sed

217 2485 477 2535 exprimendo
516 2485 637 2522 talem
677 2485 969 2534 cogitacionem
1003 2485 1186 2522 frivolam
1226 2493 1386 2533 oportet
1419 2484 1532 2533 quasi

217 2543 478 2581 materialiter
522 2542 744 2592 intelligere
794 2543 1012 2591 cogitatum
1058 2552 1095 2581 et
1134 2543 1266 2592 ipsum
1311 2542 1532 2591 exprimere

285 2675 311 2695 2.
328 2667 396 2695 DE:
412 2671 628 2702 consequente.
668 2675 695 2702 7.
707 2666 776 2694 DE:
793 2675 865 2695 nam
882 2670 950 2694 stat.
991 2675 1031 2695 ιο.
1043 2667 1099 2695 ΑΕ
1112 2667 1142 2694 in
1158 2675 1254 2701 marg.
1266 2676 1272 2694 :
1285 2666 1334 2694 Ad
1351 2665 1530 2693 secundum.

218 2711 258 2735 14.
279 2703 324 2730 A:
345 2702 434 2730 venia
454 2706 672 2742 consequatur.
752 2709 799 2730 20.
821 2702 890 2730 DE:
913 2701 1060 2736 penitebit
1079 2702 1109 2729 in
1133 2702 1207 2736 hoc;
1237 2702 1278 2729 ib.
1299 2701 1368 2729 DE:
1392 2701 1428 2728 de
1449 2699 1532 2727 ordi-

217 2741 298 2764 nato.
354 2745 396 2765 21.
416 2738 462 2765 A:
483 2741 608 2773 cognitl.
670 2736 718 2764 26.
738 2736 794 2764 ΑΕ
814 2736 845 2764 in
866 2744 980 2772 marg:
1004 2736 1162 2765 Obieccio.
1224 2736 1270 2764 28.
1290 2736 1345 2764 ΑΕ
1365 2735 1395 2763 in
1417 2743 1530 2770 marg:

217 2771 274 2799 Res
300 2772 400 2799 onsio.
478 2771 518 2800 31.
538 2771 607 2799 DE:
629 2771 744 2806 aliquid
767 2771 876 2807 magis.
950 2770 992 2798 32.
1009 2772 1037 2800 A
1051 2771 1081 2799 in
1098 2779 1214 2806 marg:
1234 2771 1316 2799 Nota
1335 2771 1530 2798 Anselmum.

218 2805 258 2834 35.
315 2806 345 2834 in
361 2814 475 2842 marg:
496 2807 607 2834 Utrum
629 2810 730 2841 potest
772 2806 819 2834 uis
839 2806 974 2842 cogitare
994 2806 1094 2834 maius
1109 2806 1190 2840 Dco;
1211 2806 1235 2833 E
1249 2806 1280 2833 in
1296 2814 1410 2840 marg:
1430 2804 1531 2832 Nemo

219 2845 320 2876 potest
339 2841 472 2876 cogitare
493 2841 593 2868 maius
613 2841 688 2868 Deo.
780 2840 808 2868 6.
829 2841 872 2869 D:
894 2841 1016 2876 signum
1038 2841 1165 2876 signam
1191 2841 1231 2868 E:
1254 2841 1377 2876 signum
1397 2839 1530 2875 signare.

289 2912 342 2945 32.
369 2912 423 2945 Cf.
449 2912 569 2954 Trial.,
596 2923 674 2956 pag.
700 2913 756 2955 43,
781 2912 837 2954 46.

1565 987 1590 1006 2.
1613 979 1640 1006 If
1658 979 1727 1012 they
1748 987 1797 1005 arc

1579 1013 1785 1049 pre-destined,

1543 1050 1612 1076 the-v
1631 1048 1690 1075 will
1713 1053 1817 1086 repent

1572 1081 1606 1111 of
1623 1092 1682 1119 any
1704 1082 1790 1117 pride

1565 1120 1635 1155 they
1657 1126 1725 1153 may
1747 1117 1797 1144 fall

1647 1153 1720 1181 into.

1550 1853 1688 1888 Nothing
1707 1857 1819 1880 cannot

1557 1889 1592 1916 bc
1613 1897 1757 1927 alsource
1777 1888 1810 1915 of

1604 1932 1760 1959 reiolcmg.
