1986 3380
132 287 201 322 152
708 295 929 327 JOHANNIS
949 294 1134 326 WYCLIF
1155 295 1407 328 SERMONUM
1473 281 1624 339 [SERMO
1647 293 1726 322 ΧΧῙ·

414 402 568 438 mentiti
598 411 688 438 sunt
718 402 847 449 ipsum
879 401 1164 439 contradixisse
1194 402 1329 439 Cesari
1363 402 1401 437 iu
1436 403 1511 439 hoc
1544 404 1651 451 quod
1686 414 1726 439 se

414 472 545 507 regem
570 460 777 496 constituit
802 468 837 496 et
863 471 1023 495 censum
1049 459 1123 495 sibi
1148 460 1231 497 dari
1253 460 1471 508 prohibuit,
1491 462 1599 509 quod
1618 469 1727 509 patet

413 518 531 555 fuisse
566 519 708 555 falsum
747 518 903 563 (Matth.
939 518 1076 561 ΧΧΙΙΟ,
1109 527 1184 566 17).
1225 520 1410 555 Secundo
1446 518 1600 555 mentiti
1636 528 1726 555 sunt

415 576 544 624 ipsum
569 576 688 612 fuisse
713 576 1006 623 blasphemum,
1039 585 1075 612 et
1098 588 1168 624 per
1192 589 1438 625 consequens
1462 576 1725 613 occidendum

415 644 450 670 et
490 634 614 670 tercio
661 647 703 670 ex
748 633 909 670 sinistra
950 634 1228 682 reportacione
1270 634 1424 671 mentiti
1462 643 1552 671 sunt
1594 635 1760 683 ipsum5

415 691 533 728 fuisse
559 692 785 728 maleficum
811 700 847 728 et
872 691 1068 728 dicentem
1094 694 1200 741 quod
1220 702 1354 741 posset
1374 694 1568 741 templum
1589 706 1726 729 eorum

417 749 622 787 materiale
653 751 856 786 destruere
887 759 922 786 et
952 750 989 785 in
1020 750 1146 786 tribus
1176 750 1314 787 diebus
1344 751 1451 787 aliud
1482 751 1726 787 reedificare.

125 815 292 854 Evilsilntt
313 823 399 842 come
415 809 491 844 Sed
526 817 680 845 constat
710 808 837 856 ipsum
863 816 1070 856 tamquam
1096 809 1299 845 hominem
1325 809 1666 857 pacientissimum
1693 818 1729 846 et

190 855 219 877 ⁰¹
242 851 333 885 '5¹¹¹ss-
415 867 541 902 Deum
566 866 889 913 potentissimum
915 865 1055 903 dixisse
1079 869 1184 915 quod
1211 867 1283 915 ipsi
1308 868 1505 903 solverent
1533 868 1727 915 templum

414 923 472 960 sui
491 924 671 971 corporis
687 924 817 972 ipsum
834 924 1016 972 nequiter
1026 925 1403 973 occidendo,etipse
1420 925 1517 961 illud
1532 927 1726 973 templum
1749 938 1786 960 ιο

415 981 613 1021 excitabit,
659 981 699 1018 in
738 981 871 1018 triduo
911 984 1166 1031 resurgendo.
1219 985 1265 1019 Et
1298 984 1397 1020 tales
1430 984 1728 1032 reportaciones

415 1039 574 1076 sinistre
606 1039 725 1076 nimis
759 1041 994 1088 perturbant
1034 1041 1256 1078 ecclesiam.
1307 1043 1357 1078 Ut
1391 1051 1523 1078 autem
1559 1042 1729 1078 breviter

416 1099 773 1147 comprehendam,
809 1111 891 1134 non
925 1099 1064 1135 dubito
1098 1098 1193 1147 quin
1218 1100 1348 1135 omnis
1372 1100 1629 1148 perturbacio
1654 1111 1728 1148 que

416 1156 557 1205 patriis
579 1157 640 1193 vel
663 1156 793 1204 regnis
818 1156 1027 1204 contigerit
1052 1170 1094 1193 ex
1111 1157 1212 1193 fictis
1237 1158 1455 1194 mendaciis
1480 1167 1536 1194 est
1552 1167 1727 1195 causata.

416 1214 514 1260 Quis
532 1215 661 1262 (rogo)
679 1223 736 1250 est
761 1214 828 1262 qui
850 1227 931 1250 non
956 1214 1128 1251 dimissis
1151 1215 1281 1251 verbis
1303 1215 1515 1252 salutiferis
1537 1216 1597 1252 vel
1621 1216 1731 1252 audit
1752 1217 1787 1250 15

414 1273 476 1309 vel
508 1272 685 1321 loquitur
716 1273 836 1308 verba
867 1273 1075 1309 mendacia
1100 1282 1135 1309 et
1160 1273 1465 1321 impertinencia
1489 1275 1537 1310 ad
1562 1275 1729 1310 salutem

417 1339 454 1366 et
487 1339 528 1366 ut
562 1330 755 1378 dyabolus
789 1330 911 1378 fingat
945 1330 1106 1367 caucius
1139 1332 1289 1368 scolam
1324 1345 1436 1368 suam
1469 1331 1630 1379 instigat
1655 1332 1732 1368 dis-

417 1388 571 1436 cipulos
587 1400 692 1434 suos,
708 1401 788 1424 non
805 1390 912 1437 quod
936 1389 1009 1437 ipsi
1035 1402 1215 1426 rumores
1239 1389 1468 1426 huiusmodi
1484 1390 1730 1427 auctorizent

416 1447 484 1482 sed
518 1447 626 1495 quod
659 1446 810 1494 fingant
843 1448 947 1495 quod
983 1447 1114 1483 taliter
1147 1449 1194 1484 ab
1219 1448 1305 1484 aliis
1329 1448 1565 1490 audierunt?
1595 1448 1730 1484 Virtus

418 1505 552 1553 itaque
584 1504 869 1541 taciturnitatis
899 1504 1074 1553 virginee
1107 1507 1295 1543 abhorret
1329 1507 1426 1543 tales
1459 1506 1730 1543 fabulacioncs
1747 1518 1790 1541 20

417 1563 640 1610 superfluas
679 1571 716 1599 et
752 1564 813 1599 vel
847 1563 1185 1612 contemplacioni
1224 1565 1283 1601 vel
1322 1564 1517 1613 scripture
1563 1564 1730 1601 leccioni

416 1622 477 1657 vel
515 1620 581 1657 alii
614 1620 877 1669 occupacioni
917 1621 1107 1658 laudabili
1142 1631 1197 1658 est
1242 1622 1406 1665 intenta,
1453 1622 1579 1659 sciens
1623 1624 1730 1671 quod

418 1678 598 1715 omnium
644 1678 783 1715 talium
830 1679 1055 1716 fabularum
1102 1679 1226 1716 eciam
1272 1693 1456 1717 verarum
1503 1680 1662 1717 audicio
1695 1689 1732 1717 et

421 1737 547 1773 multo
588 1736 713 1785 magis
753 1750 890 1774 earum
932 1737 1089 1774 locucio
1129 1747 1185 1774 est
1225 1738 1263 1775 in
1299 1738 1481 1775 fidelibus
1512 1737 1662 1776 viciosa
1695 1748 1731 1776 et

419 1796 469 1832 ad
500 1803 666 1843 peccata
698 1795 873 1843 plurima
906 1795 1120 1832 inductiva.
1749 1800 1789 1834 25

907 1921 1102 1960 SERMO
1136 1921 1246 1960 XXI.

478 2015 599 2051 Facta
647 2022 702 2051 est
742 2016 935 2052 contencio
974 2016 1074 2052 inter
1114 2016 1322 2066 discipulos
1352 2017 1440 2053 Jesu
1479 2017 1562 2065 quis
1599 2029 1731 2053 eorum

423 2073 622 2109 videretur
655 2085 735 2110 esse
767 2074 902 2109 maior.
939 2075 1044 2110 Luce
1076 2075 1216 2120 XX110‚
1253 2084 1317 2120 24.

481 2132 557 2167 Ista
596 2131 807 2168 contencio
845 2131 947 2168 sicut
986 2131 1160 2168 filiorum
1201 2131 1371 2169 Zebedei
1409 2132 1648 2180 procuracio
1687 2135 1734 2170 de

424 2188 652 2225 maioritate
682 2198 766 2226 erat
790 2189 1099 2226 occasionaliter
1122 2190 1350 2236 benedicta3
1381 2190 1436 2227 sic
1461 2190 1564 2227 enim
1589 2190 1734 2228 dicitur
1752 2194 1793 2226 30

423 2247 583 2295 culpam
616 2247 744 2284 Adam
779 2247 897 2284 fuisse
930 2247 1083 2284 felicem
1123 2247 1225 2284 sicut
1257 2247 1414 2285 urinam
1449 2248 1619 2285 dicimus
1652 2261 1735 2286 esse

202 2322 346 2357 bis-putes
423 2316 561 2341 sanam
582 2317 664 2341 non
685 2305 900 2342 subiective
917 2306 976 2342 vel
993 2305 1141 2342 directe
1158 2306 1357 2343 causative
1371 2307 1438 2343 sed
1454 2306 1734 2355 significative3

172 2357 375 2427 begfssgesctssesshc
424 2362 479 2399 sic
511 2361 616 2399 enim
651 2362 822 2400 dicimus
854 2363 1044 2412 equivoce
1077 2364 1295 2411 hominem,
1321 2365 1478 2413 dyetam
1513 2373 1549 2401 et
1576 2364 1733 2402 urinam

321 2412 345 2425 ⁸⁵
425 2432 541 2457 sanas
581 2432 677 2457 esse.
712 2423 797 2458 Due
830 2430 963 2458 autem
998 2420 1185 2458 dicuntur
1218 2422 1335 2459 fuisse
1374 2422 1655 2459 contenciones
1689 2424 1735 2460 de

427 2477 655 2515 maioritate
698 2478 801 2515 inter
845 2479 1071 2528 apostolos3
1116 2480 1247 2529 prima
1292 2479 1438 2517 dicitur
1481 2480 1733 2518 occasionem
1751 2483 1792 2518 35

496 2599 575 2639 ¹:¹3²
604 2600 721 2628 mentiti
741 2617 775 2621 —
795 2599 899 2628 Cesari
926 2601 1018 2629 deest.
1162 2609 1187 2639 2.
1216 2601 1290 2633 sibi:
1320 2602 1360 2630 ib.
1383 2602 1406 2630 E
1426 2602 1455 2630 in
1477 2610 1591 2637 marg:
1619 2602 1734 2631 cesari.

426 2633 449 2662 3.
471 2635 499 2662 A
519 2643 548 2662 in
570 2642 684 2670 marg:
707 2643 731 2662 2.
794 2643 827 2663 ιι.
843 2637 887 2664 A:
909 2636 1043 2664 exitabit.
1100 2645 1141 2670 ¹4·
1164 2638 1203 2665 E:
1224 2636 1416 2673 contingerit.
1474 2645 1512 2671 17.
1534 2638 1573 2665 12:
1594 2637 1736 2665 diabolus

425 2673 540 2704 surgat.
614 2669 653 2697 18.
675 2670 719 2697 A:
742 2669 842 2697 huius.
916 2678 958 2704 οι.
974 2671 1019 2698 A:
1041 2671 1142 2705 fingat.
1218 2679 1259 2707 19,
1275 2679 1321 2699 20.
1337 2672 1382 2699 A:
1405 2671 1442 2699 ab
1462 2671 1529 2699 aliis
1549 2687 1582 2691 —
1601 2672 1736 2708 virginee

426 2704 520 2731 deest.
593 2711 632 2731 21.
652 2705 697 2732 A:
719 2705 882 2741 locucioni.
961 2713 1004 2732 22.
1027 2705 1066 2733 E:
1088 2706 1264 2741 aliquando.
1338 2705 1381 2734 23.
1404 2707 1442 2734 E:
1463 2706 1560 2734 eciam
1582 2715 1734 2734 verarum.

425 2746 472 2771 24.
488 2738 527 2766 E:
541 2738 577 2777 jn
593 2738 686 2766 deest.
752 2742 798 2766 2ο.
814 2739 874 2778 ΑΙ),
886 2739 915 2766 in
932 2747 1046 2775 marg:
1069 2740 1154 2773 XX1;
1176 2741 1200 2768 D
1216 2741 1246 2768 in
1263 2748 1376 2803 marga
1399 2741 1458 2768 Bar
1472 2741 1735 2776 (bartholomaei).

425 2781 472 2808 29.
494 2773 519 2800 Ι)
540 2781 570 2800 ιη
592 2781 704 2809 marg.:
727 2772 907 2801 Contencio.
1017 2774 1062 2801 30.
1084 2776 1128 2802 A:
1150 2779 1235 2802 erant
1257 2776 1330 2802 bene
1357 2775 1422 2803 icte.
1531 2774 1569 2803 3¹.
1591 2777 1636 2804 A:
1658 2784 1734 2804 esse.

425 2807 469 2835 32.
490 2807 558 2835 DE:
581 2807 738 2843 signative.
845 2807 891 2841 34.
912 2809 940 2835 A
960 2808 990 2835 in
1013 2817 1126 2843 marga
1147 2810 1270 2837 Sanitas
1290 2809 1449 2846 tripliciter
1469 2810 1633 2846 accipitur;
1661 2811 1684 2838 E
1705 2810 1734 2838 in

427 2850 539 2876 marga
561 2841 604 2870 De
624 2842 824 2870 contencione
844 2843 1067 2877 apostolorum.
1141 2843 1183 2872 35.
1205 2845 1233 2872 A
1253 2844 1282 2872 in
1305 2852 1419 2880 marg:
1442 2853 1462 2873 1.

475 2913 527 2946 25.
555 2913 607 2947 Cf.
629 2913 788 2956 Wyclif's
817 2914 984 2946 Sermons
1010 2915 1065 2948 ed.
1093 2915 1136 2958 by
1165 2916 1308 2955 Arnold,
1337 2916 1359 2956 1,
1389 2915 1569 2958 385-387
