1986 3380
182 286 197 318 a>

210 298 226 322 ‘J
213 286 224 293 1

237 296 257 321 [O

244 639 264 665 11
289 638 314 664 is
337 643 387 664 not

193 681 352 708 necessary
375 673 435 699 thal

190 716 205 734 a
228 716 306 743 pope
327 708 436 734 should

205 743 239 769 bc·
261 743 371 768 knoxxn
394 750 429 769 01*

186 786 258 804 even
281 777 446 804 con-scion>

209 812 242 838 os
261 812 307 838 his
327 812 424 839 onice.

201 2272 252 2301 No
273 2272 347 2300 need
370 2272 404 2300 os
421 2282 437 2300 a

276 2316 366 2344 pope.

744 295 966 328 ,IOHANNIS
987 294 1170 326 wvcmr
1190 293 1447 326 samonum
1480 279 1633 337 [SERMO
1650 289 1784 318 xrvm.

469 401 643 450 primum
679 403 864 450 estquod
900 409 1116 449 exequatur
1140 400 1178 435 in
1213 399 1390 448 practica
1415 401 1547 448 quoad
1581 412 1621 435 50
1655 399 1785 447 ipsum

471 469 506 496 et
539 459 639 497 alios
673 460 931 496 conformiter
956 459 1029 506 legi
1062 458 1209 494 Christi
1243 467 1279 494 et
1313 459 1530 494 secundum
1565 459 1671 506 quod
1705 470 1784 493 non

472 527 634 566 pompet
665 519 721 554 x-el
753 517 871 553 iactet
896 519 942 553 de
972 530 1042 554 sua
1073 516 1322 562 excellencia,
1349 529 1436 552 cum
1463 516 1538 552 ista
1562 514 1784 552 eminencia

469 589 550 612 non
584 576 632 612 sit
667 575 894 623 evangelica
928 577 996 611 sed
1034 576 1247 611 mundana.

529 636 671 680 Quoad
703 635 922 669 secundum
953 633 1153 669 obiectum
1180 632 1326 668 dicitur
1350 633 1614 680 supponendo
1639 644 1784 679 papam

471 705 554 728 csse
608 692 646 728 in
692 692 775 739 lege
822 691 981 728 Domini
1033 690 1392 727 eminentissimum
1440 690 1633 726 viatorem
1679 690 1786 736 quod

471 750 612 786 falsum
643 749 872 795 assumitur,
905 762 993 785 cum
1028 749 1153 785 fidelis
1177 758 1213 785 et
1237 750 1344 797 apud
1368 750 1495 784 Deum
1519 746 1788 795 approbacior

472 808 511 844 in
557 808 701 844 virtute
746 807 819 843 scit
864 820 904 843 se
950 808 1080 855 ipsum
1127 819 1209 843 esse
1256 805 1582 843 excellent-iorem
1629 805 1667 841 in
1713 804 1787 840 ista

470 866 618 903 noticia
665 878 785 914 quam
832 865 905 902 scit
946 864 1146 902 abieccior
1186 865 1246 901 vel
1285 864 1429 900 virtute
1470 863 1622 900 tardior
1662 864 1709 899 de
1748 875 1787 898 se

470 924 570 973 ipso.
604 926 652 959 Et
685 923 740 960 sic
763 923 943 972 quamvis
967 925 1072 960 Deus
1105 932 1141 959 et
1166 922 1293 970 angeli
1328 922 1455 959 sciant
1480 923 1527 958 de
1557 923 1650 958 dato
1683 932 1787 968 papa

471 984 578 1031 quod
627 982 711 1030 ipse
761 981 809 1018 sit
862 983 911 1018 ad
956 981 1134 1030 regimen
1178 981 1283 1017 istud
1329 979 1479 1028 apcior‚
1532 981 1608 1016 hoc
1654 988 1789 1015 tamen

470 1040 653 1077 nesciunt
677 1041 724 1076 de
757 1053 797 1076 se
829 1039 937 1090 ipsis,
973 1049 1009 1076 et
1039 1053 1110 1088 per
1142 1051 1404 1087 consequens,
1439 1051 1530 1074 curn
1564 1038 1635 1073 hec
1669 1036 1788 1073 clavis

470 1098 642 1135 sciencie
674 1098 723 1134 sit
755 1098 906 1135 noticia
945 1097 1156 1146 singularis
1191 1106 1227 1133 et
1259 1096 1450 1145 practica,
1484 1108 1566 1132 non
1598 1096 1717 1131 habet
1749 1093 1789 1130 in

471 1169 510 1193 se
555 1157 770 1194 subiective
816 1157 933 1193 istam
973 1157 1202 1193 scienciam.
1249 1157 1298 1191 Et
1336 1164 1446 1203 patet
1485 1154 1691 1203 quomodo
1730 1164 1788 1189 50-

472 1216 647 1251 cundum
666 1224 816 1251 rectam
837 1214 1009 1262 logicam
1026 1216 1098 1251 1100
1114 1214 1235 1251 clavis
1251 1213 1300 1250 sit
1316 1212 1520 1250 hominem
1545 1223 1788 1259 cognoscere

471 1273 526 1310 sic
572 1285 613 1309 se
658 1285 794 1321 regere
839 1272 1048 1309 ecclesiam
1096 1273 1349 1311 militantem,
1397 1273 1443 1307 de
1488 1283 1567 1318 quo
1612 1282 1692 1306 non
1732 1277 1788 1305 est

471 1333 749 1380 pompandum
793 1332 854 1368 vel
899 1331 982 1367 sine
1029 1331 1279 1368 revelacione
1317 1330 1421 1366 facta
1461 1327 1614 1365 homini
1654 1339 1789 1376 presu-

473 1391 677 1431 mendum,
718 1391 786 1426 sed
829 1392 887 1437 (ut
924 1389 1193 1426 communiter
1232 1388 1369 1434 scitur)
1411 1387 1576 1423 confusa
1615 1385 1789 1422 sciencia

473 1457 509 1484 et
554 1447 809 1496 particularis
854 1447 1078 1494 dubitatur;
1130 1456 1167 1484 et
1212 1448 1288 1483 hoc
1332 1448 1438 1482 Deus
1481 1443 1695 1489 ordinavit,
1740 1455 1789 1479 ne

472 1506 655 1542 homines
694 1514 888 1554 pompent
928 1507 975 1542 de
1007 1519 1079 1542 suo
1113 1505 1302 1554 primatu,
1337 1503 1570 1552 superbiant
1602 1503 1662 1539 vel
1695 1514 1788 1538 con-

472 1566 650 1600 tendant.
697 1566 745 1600 Et
783 1573 893 1612 patet
927 1566 1035 1612 quod
1075 1576 1168 1612 sepe
1202 1564 1420 1600 secundum
1455 1562 1559 1609 leges
1594 1562 1788 1597 humanas

472 1635 644 1671 persona
674 1622 832 1671 eligitur
861 1631 898 1658 et
927 1631 1136 1671 tamquam
1168 1633 1350 1658 summus
1379 1619 1554 1669 pontifex
1580 1617 1788 1654 militantis

473 1680 638 1717 ecclesie
668 1682 917 1729 approbatur
941 1689 978 1717 et
1007 1689 1143 1717 tamen
1170 1692 1244 1716 nec
1268 1678 1443 1728 pontifex
1465 1690 1538 1714 nec
1560 1677 1787 1713 membrum

473 1739 638 1776 ecclesie
682 1739 912 1784 ordinatur3
958 1751 1031 1775 nec
1075 1751 1119 1775 ex
1163 1739 1238 1774 hoc
1284 1736 1464 1786 sequitur
1508 1733 1788 1771 intollerabilis

473 1797 654 1835 confusio
703 1797 918 1843 viatorum,
971 1809 1060 1833 cum
1111 1796 1339 1845 quicunque
1384 1807 1455 1843 per
1498 1806 1538 1831 se
1583 1792 1786 1829 Christum

473 1855 652 1892 dilexerit
691 1855 779 1904 ipso
811 1856 1022 1903 ignorante
1055 1855 1328 1902 cuiuscunque
1361 1852 1524 1890 alterius
1557 1863 1660 1900 pape
1693 1849 1789 1887 emi-

473 1913 655 1950 nenciam
688 1922 744 1950 est
775 1915 822 1950 de
849 1925 1019 1949 numero
1049 1913 1348 1950 salvandorum.
1372 1913 1452 1947 Nec
1477 1919 1533 1947 est
1557 1910 1788 1954 dolendum,

473 1972 565 2008 licet
605 1971 735 2008 omnis
775 1971 1109 2008 iurisdiccionalis
1142 1979 1319 2019 potestas
1351 1968 1510 2006 inventa
1544 1969 1593 2005 ab
1626 1967 1789 2004 homine

474 2031 716 2075 destruatur,
747 2029 840 2078 quia
869 2029 952 2066 sine
982 2029 1128 2066 talibus
1159 2028 1299 2065 melius
1329 2040 1375 2064 ac
1405 2025 1635 2063 meritorius
1663 2025 1790 2062 viaret

1809 932 1846 954 to

1809 1212 1844 1244 15

1805 1513 1847 1535 20

1805 1794 1844 1827 25

475 2088 654 2125 ecclesia.
699 2088 817 2125 Tales
857 2087 962 2124 enirn
1002 2096 1220 2136 potestates
1259 2084 1604 2123 iurisdiccionales
1645 2095 1687 2120 ex
1726 2085 1847 2120 σι’-3ο

475 2146 687 2183 dinacione
726 2147 903 2183 humana
942 2154 1125 2194 pretense
1165 2143 1412 2182 mendaciter
1446 2142 1694 2179 confundunt
1727 2153 1790 2178 ec-

475 2205 651 2242 clesiam.

535 2265 739 2310 Quantum
777 2264 827 2299 ad
855 2261 1024 2298 tercium
1055 2269 1165 2310 patet
1194 2259 1288 2297 alibi
1318 2261 1425 2309 quod
1455 2258 1581 2295 sancti
1612 2256 1791 2306 episcopi

476 2321 710 2370 regulariter
753 2320 885 2358 vocati
928 2328 1019 2356 sunt
1062 2331 1166 2368 pape
1210 2318 1249 2355 in
1283 2317 1450 2354 ecclesia
1493 2316 1709 2365 primitiva,
1756 2323 1792 2351 et

476 2379 532 2416 sic
564 2392 645 2416 non
677 2379 794 2416 video
827 2378 924 2428 quin
957 2377 1185 2427 quicunque
1217 2375 1344 2413 sancti
1376 2374 1588 2424 presbiteri
1620 2373 1723 2410 sicut
1756 2381 1793 2409 et

475 2437 566 2474 laici
606 2446 772 2486 possunt
810 2435 945 2474 vocari
985 2448 1088 2485 pape
1128 2433 1381 2472 sanctissimi.
1423 2434 1500 2470 Sed
1533 2431 1792 2480 intelligendo

474 2508 622 2544 papam
646 2495 913 2544 singulariter,
937 2503 979 2530 ut
994 2493 1090 2530 dicit
1105 2492 1470 2542 supereminentem
1493 2502 1612 2539 super
1629 2497 1794 2527 cunctos

476 2553 575 2591 alios
613 2552 785 2590 viatores
825 2565 906 2590 non
943 2552 1058 2589 video
1098 2552 1304 2601 quomodo
1349 2557 1510 2599 oportet
1547 2559 1792 2597 quemquam

475 2611 650 2649 viantem
680 2613 728 2648 de
757 2619 908 2660 papatu
941 2610 1214 2659 cuiuscunque
1244 2608 1283 2645 in
1313 2606 1506 2657 singulari
1537 2617 1791 2654 cognoscere,

546 2766 566 2786 1.
587 2757 612 2786 E
631 2757 661 2786 in
685 2765 799 2792 marg:
819 2756 942 2784 Noticia
963 2755 1058 2784 clavis
1078 2764 1113 2784 ex
1134 2754 1256 2782 duobus
1276 2753 1458 2781 ostenditur.
1537 2752 1562 2782 5.
1583 2751 1608 2780 E
1627 2751 1656 2779 in
1679 2759 1744 2778 mar
1768 2760 1790 2778 .:

479 2793 528 2821 Ad
551 2792 733 2820 secundum.
829 2813 833 2818 .
857 2792 902 2819 A:
925 2791 1200 2826 approbacioncm.
1275 2797 1309 2816 11.
1324 2789 1368 2816 A:
1389 2788 1426 2816 ad
1449 2795 1588 2823 regnum.
1663 2785 1700 2813 13.
1723 2785 1746 2813 1]
1762 2785 1790 2813 ³:

477 2828 595 2855 sccncie
617 2827 718 2861 deest3
748 2826 788 2853 ib.
808 2799 849 2854 il:
872 2826 993 2853 hubent.
1095 2833 1135 2859 14.
1157 2825 1200 2852 A:
1221 2823 1282 2851 iam
1304 2823 1479 2862 scienciam.
1572 2821 1609 2850 15.
1630 2822 1674 2849 A:
1695 2819 1789 2860 clayis

477 2862 571 2890 deest.
664 2870 671 2889 1
700 2883 706 2889 .
727 2862 771 2889 A:
794 2860 1029 2896 particulariter.
1121 2858 1163 2886 23.
1184 2860 1228 2887 A:
1251 2859 1387 2893 pontiiex
1408 2858 1502 2885 deest.
1592 2864 1640 2892 29.
1661 2856 1705 2883 A:
1727 2862 1791 2882 51110

477 2897 577 2932 dees13
607 2896 648 2924 ib.
668 2869 694 2924 ἕ
713 2895 742 2923 in
765 2904 880 2931 marg.:
900 2895 944 2922 Dc
966 2898 1115 2930 potes-iate
1135 2892 1386 2921 iurisdiccionali.
1513 2890 1552 2930 3¹.-
1572 2890 1615 2919 D:
1638 2894 1791 2925 protenso,

477 2930 519 2959 33.
541 2931 566 2958 D
588 2931 617 2959 111
640 2939 754 2967 ma1·g.:
777 2931 875 2966 I’apa3
895 2929 920 2957 Ε
941 2930 969 2957 in
992 2937 1106 2964 marg:
1128 2928 1176 2956 Ad
1200 2926 1230 2962 3;
1251 2926 1348 2962 N01a;
1370 2927 1410 2955 ib.
1431 2927 1475 2955 A:
1498 2934 1549 2962 qui
1571 2924 1678 2953 sancti.

1809 2374 1848 2409 35
