1986 3380
196 272 330 301 SERMO
352 260 474 318 XLIX]
670 271 883 305 SECUNDA
909 270 1035 302 PARS.

199 383 270 419 etsi
304 384 353 419 ad
387 383 528 418 horam
562 379 789 429 percipiunt
820 378 986 415 verbum
1011 376 1095 420 Dei,
1131 374 1266 412 statim
1291 375 1511 423 occupacio

199 440 338 477 mundi
371 453 490 489 quam
524 438 690 487 requirit
723 449 793 473 sua
827 434 1015 484 superbia
1055 444 1091 471 et
1132 433 1272 482 rapina
1304 434 1511 469 volucrum

199 499 272 536 celi
306 500 353 535 de
387 498 467 534 suis
501 496 688 533 cordibus
721 496 867 532 tollunt
898 494 1064 530 verbum
1095 493 1154 539 (ut
1188 491 1282 528 dicit
1316 491 1512 527 Dominus

200 558 435 601 LuceV1110‚
458 558 531 600 12).
550 553 707 590 Diaboli
725 552 830 589 enim
848 560 1014 600 propter
1029 549 1355 598 superioritatem
1372 558 1512 585 nature

1720 260 1796 306 359

166 614 182 647 5
200 615 239 651 in
271 616 361 652 loco
395 614 476 650 alto
510 611 644 660 geniti,
679 619 845 660 propter
869 609 1059 646 invidiam
1093 616 1130 645 et
1153 607 1255 644 iram
1288 620 1357 644 sue
1383 607 1514 644 colere
1530 617 1634 645 Christ
1654 618 1726 645 calls
1747 618 1797 645 the

201 682 237 710 et
270 681 435 721 propter
466 670 686 719 agilitatem
728 678 763 705 et
798 676 929 704 motus
972 666 1218 703 celeritatem
1258 665 1298 702 in
1329 664 1515 714 nequicia

199 732 259 768 vie
292 743 360 767 sue
390 737 586 766 vocantur
618 740 640 764 a
673 727 833 763 Christo
859 726 1034 761 volucres
1066 724 1159 771 celi3
1194 737 1284 760 cum
1319 736 1411 770 ergo
1434 736 1515 759 non

200 789 249 826 sit
294 788 409 825 nobis
460 785 725 824 colluctuacio
770 786 958 821 adversus
998 795 1159 820 carnem
1199 790 1236 818 et
1280 781 1514 830 sanguinem

202 848 270 884 sed
303 847 491 883 adversus
513 852 732 893 potestates
757 851 793 879 et
816 841 1067 890 principatus
1091 842 1348 877 tenebrarum
1373 841 1515 876 harum

148 915 187 937 10
204 914 240 942 et
285 906 472 941 adversus
517 902 633 939 huius
675 900 812 937 mundi
851 908 1027 936 rectores
1061 899 1127 948 qui
1161 907 1251 935 sunt
1284 897 1515 934 huiusmodi

203 962 450 1007 Antichristi‚
485 969 594 1010 patet
628 960 735 1008 quod
768 970 907 995 omnes
941 957 1076 993 fideles
1102 959 1242 993 darent
1266 969 1432 1005 operam
1466 956 1515 992 ad

203 1022 466 1071 pugnandum
511 1017 772 1067 spiritualiter
821 1016 860 1052 in
906 1016 981 1052 hoc
1027 1023 1168 1052 contra
1217 1015 1434 1063 dyabolum
1480 1022 1517 1050 et

203 1079 404 1129 predictos
439 1077 621 1114 homines
655 1075 737 1112 eius
773 1076 964 1111 membra.
1019 1074 1096 1109 Sed
1129 1086 1306 1122 pugnam
1339 1071 1517 1120 intelligo

202 1137 379 1187 gladium
412 1135 574 1184 spiritus
597 1132 724 1188 (quod
747 1142 804 1170 est
826 1134 991 1170 verbum
1015 1131 1086 1168 Dei
1116 1143 1240 1180 usque
1274 1132 1324 1167 ad
1348 1139 1518 1167 mortem

151 1194 186 1227 15
204 1195 458 1233 constancius
482 1193 743 1242 predicando)
767 1200 804 1228 et
827 1191 925 1228 alias
948 1202 1013 1226 sex
1036 1198 1262 1226 armaturas
1291 1189 1519 1237 spirituales

204 1267 302 1303 quas
336 1253 506 1302 explicat
537 1251 755 1300 Apostolus
788 1249 828 1286 in
859 1262 931 1286 suo
965 1248 1181 1296 evangelio.
1217 1247 1265 1284 Et
1297 1247 1353 1284 sic
1385 1255 1519 1296 posset

205 1325 288 1349 esse
321 1311 448 1348 fidelis
489 1319 640 1358 martyr
677 1308 875 1357 gloriosus
916 1315 952 1344 et
992 1305 1171 1354 egregius
1211 1305 1324 1342 miles
1358 1304 1519 1342 Christi.

264 1369 455 1416 Quamvis
489 1377 622 1405 autem
662 1367 709 1403 de
746 1365 937 1415 predictis
976 1364 1093 1401 sectis
1135 1364 1332 1412 contingit
1365 1364 1520 1412 aliquos

207 1442 290 1466 esse
323 1430 463 1474 bonos,
503 1427 595 1476 quia
629 1427 770 1462 devote
802 1422 1104 1461 ordinacionem
1139 1422 1285 1459 Christi
1328 1430 1364 1459 et
1405 1435 1520 1458 suum

152 1495 193 1516 20
208 1486 457 1535 evangelium
491 1497 589 1534 pure
629 1484 834 1520 intendere
876 1491 911 1519 et
951 1480 1049 1518 ritus
1083 1480 1336 1518 introductos
1369 1480 1410 1516 in
1444 1480 1522 1516 fine

209 1547 403 1590 deserere,
438 1543 531 1592 quia
564 1552 699 1579 tamen
722 1550 813 1578 sunt
838 1541 916 1577 rari
940 1540 1038 1577 tales
1062 1548 1099 1575 et
1122 1538 1282 1587 spissim
1316 1538 1396 1584 alii,
1431 1538 1521 1574 ideo

209 1606 256 1640 de
290 1603 377 1639 aliis
410 1601 644 1649 intelligitur
677 1608 814 1636 noster
846 1611 992 1635 sermo.
1038 1599 1124 1643 Que
1158 1597 1264 1634 enim
1297 1605 1406 1634 secta
1439 1605 1522 1633 tam

209 1673 372 1711 presens
405 1673 485 1697 non
519 1659 692 1696 declinat
726 1671 747 1694 a
771 1657 984 1694 sanctitate
1007 1655 1266 1692 observancie
1296 1654 1523 1703 primitive?

209 1723 312 1757 Nam
345 1719 502 1756 cautela
535 1716 694 1766 dyaboli
729 1724 786 1753 est
819 1727 889 1763 per
923 1713 1241 1751 deelinacionem
1276 1713 1478 1750 modicam
1503 1725 1524 1749 a

153 1774 294 1827 25lege
317 1776 480 1814 Domini
512 1776 768 1812 introducere
799 1773 1059 1822 ampliorem3
1093 1772 1184 1809 ideo
1209 1771 1376 1808 ecclesia
1410 1772 1526 1808 debet

211 1845 326 1874 acute
367 1835 499 1872 dicere
538 1834 621 1871 istis
660 1832 777 1870 sectis
815 1833 923 1881 quod
957 1830 1176 1879 respiciunt
1209 1830 1344 1866 sedule
1377 1838 1414 1866 et
1446 1842 1526 1865 ser-

210 1904 301 1932 vent
360 1902 509 1931 attente
573 1905 663 1929 suas
722 1889 1003 1928 observancias
1061 1888 1298 1937 primitivas.
1366 1887 1527 1924 Modica

213 1953 317 1990 enim
364 1951 586 1989 declinacio
630 1963 653 1987 a
696 1950 780 1998 lege
819 1947 1022 1985 dominica
1067 1960 1136 1984 seu
1185 1946 1413 1995 evangelica
1457 1958 1528 1994 per

213 2010 457 2048 tradiciones
510 2009 687 2046 novellas
738 2006 810 2043 fuit
860 2005 1101 2043 insensibilis
1151 2018 1232 2042 non
1283 2017 1437 2054 ponens
1488 2003 1527 2039 in

157 2066 426 2107 30numerum
471 2080 561 2105 cum
601 2065 767 2115 antiquo
811 2065 952 2102 ordine
991 2063 1211 2101 christiano
1250 2064 1318 2100 sed
1356 2062 1528 2100 varietas

215 2140 396 2165 crescens
440 2138 511 2175 per
555 2137 789 2174 processum
832 2122 1027 2171 temporis
1072 2134 1115 2158 ex
1168 2122 1322 2159 cautela
1368 2120 1529 2169 dyaboli

216 2185 325 2223 finxit
364 2198 512 2222 novum
551 2183 735 2220 ordinem
768 2181 1037 2227 sancciorem3
1084 2188 1120 2217 et
1159 2180 1200 2216 in
1239 2179 1317 2216 isto
1349 2178 1529 2228 periculo

216 2256 352 2281 sumus
391 2256 463 2280 nos
503 2242 703 2279 seculares
742 2239 964 2289 presbyteri
1001 2251 1073 2287 per
1112 2237 1409 2275 attendenciam
1441 2249 1531 2285 pre-

215 2304 509 2352 ponderantem
541 2309 774 2337 nostrorum
798 2298 947 2334 rituum
973 2305 1009 2334 et
1032 2309 1102 2345 per
1125 2296 1282 2345 regulas
1305 2295 1461 2332 abbatis
1485 2307 1531 2332 ac

159 2362 197 2394 35
218 2360 388 2398 ministri
404 2358 565 2408 dyaboli
581 2371 699 2407 quem
710 2356 1029 2406 quidamvocant
1038 2357 1266 2391 Romanum
1282 2353 1530 2402 pontificem.

272 2422 354 2456 Nec
387 2418 552 2455 dubium
594 2416 690 2465 quin
729 2428 772 2452 ex
806 2416 946 2452 eadem
979 2412 1114 2450 radice
1154 2425 1233 2461 qua
1266 2411 1337 2448 filii
1371 2411 1531 2459 dyaboli

217 2487 307 2515 sunt
345 2476 542 2526 primatus
582 2484 618 2512 et
657 2471 917 2511 observancie
955 2483 1059 2520 pape
1097 2479 1135 2508 et
1174 2469 1442 2507 cardinalium
1474 2469 1533 2506 in—

217 2535 414 2582 troducti3
473 2547 567 2571 nam
631 2534 679 2570 de
731 2532 816 2580 lege
860 2528 1053 2578 evangelii
1113 2528 1245 2566 cuncti
1304 2528 1533 2565 sacerdotes

1538 653 1634 680 devils
1656 653 1741 680 birds
1761 653 1794 680 of

1566 689 1616 717 the
1636 689 1761 717 heaven.

1580 1376 1672 1403 Some
1694 1375 1774 1410 good

1593 1411 1684 1438 friars
1705 1410 1764 1436 and

1589 1445 1702 1473 monks
1723 1445 1763 1480 by

1592 1480 1764 1515 exception.

1614 2016 1750 2044 Gradual

1570 2053 1673 2080 declen
1679 2051 1702 2079 si
1709 2059 1748 2078 on
1769 2055 1801 2078 to

1648 2086 1715 2115 evil'.

219 2593 368 2631 Christi
401 2594 547 2630 debent
579 2603 663 2628 esse
693 2589 792 2627 socii
825 2598 862 2626 et
894 2589 1041 2626 habere
1065 2587 1268 2624 Christum
1302 2585 1534 2623 immediate

290 2715 310 2734 1.
332 2706 400 2734 DE:
421 2705 530 2732 horam
551 2704 679 2731 verbum
700 2703 755 2730 Dei
776 2702 914 2729 audiunt.
989 2708 1014 2728 2.
1035 2700 1075 2728 E:
1097 2700 1254 2732 volucres3
1276 2698 1316 2726 ib.
1332 2698 1357 2725 E
1371 2697 1401 2725 in
1418 2705 1533 2732 marg:

222 2742 327 2777 Quare
347 2740 461 2768 diaboli
482 2743 632 2766 vocantur
651 2738 792 2765 volucres
812 2736 877 2764 celi.
950 2736 974 2764 5.
995 2736 1041 2763 A:
1062 2736 1141 2763 iram
1161 2743 1267 2768 suam:
1297 2733 1337 2761 ib.
1358 2732 1400 2760 E:
1422 2733 1534 2759 colore.

222 2786 263 2804 10.
279 2776 352 2804 AD:
375 2775 466 2803 huius
487 2774 587 2807 deest;
608 2773 649 2800 ib.
664 2774 709 2801 A:
733 2776 866 2799 rectores
886 2771 980 2798 deest.
1101 2777 1139 2797 12.
1160 2769 1200 2797 E:
1223 2768 1396 2804 specialiter
1415 2767 1445 2794 in
1467 2767 1535 2794 hoc.

223 2811 260 2839 13.
282 2810 350 2838 DE:
373 2810 464 2838 huius
485 2809 633 2836 membra.
761 2808 802 2834 16.
823 2807 868 2834 A:
891 2805 1052 2841 apostolus
1074 2805 1167 2832 deest.
1294 2811 1333 2838 17.
1355 2802 1400 2830 A:
1422 2801 1535 2837 egredi.

221 2854 268 2874 20.
283 2845 309 2873 D
325 2845 355 2873 in
370 2852 485 2879 marg:
507 2844 613 2879 Dobry
634 2843 758 2879 mnych,
780 2841 809 2869 id
831 2846 892 2868 est:
916 2841 1015 2868 bonus
1036 2839 1218 2867 monachus.
1292 2837 1340 2865 26.
1359 2836 1429 2864 DE:
1451 2840 1537 2864 caute

223 2881 333 2909 dicere.
423 2878 469 2907 28.
491 2880 535 2907 A:
557 2887 609 2905 seu
630 2877 804 2913 evangelica
824 2876 917 2904 deest.
1009 2873 1052 2903 32.
1074 2873 1143 2902 DE:
1165 2872 1374 2909 superiorem
1397 2871 1437 2899 ib.
1459 2871 1484 2898 D
1505 2871 1536 2898 iu

224 2923 337 2951 marg:
359 2915 522 2951 Presbyter
543 2913 699 2941 secularis.
