<?xml version="1.0" encoding="UTF-8"?>
<!DOCTYPE html PUBLIC "-//W3C//DTD XHTML 1.0 Transitional//EN"
    "http://www.w3.org/TR/xhtml1/DTD/xhtml1-transitional.dtd">
<html xmlns="http://www.w3.org/1999/xhtml" xml:lang="en" lang="en">
 <head>
  <title>
</title>
<meta http-equiv="Content-Type" content="text/html;charset=utf-8" />
  <meta name='ocr-system' content='tesseract 3.04.00' />
  <meta name='ocr-capabilities' content='ocr_page ocr_carea ocr_par ocr_line ocrx_word'/>
</head>
<body>
  <div class='ocr_page' id='page_1' title='image "./iohanniswyclifse0702wycl_0491.png"; bbox 0 0 1986 3380; ppageno 0'>
   <div class='ocr_carea' id='block_1_1' title="bbox 226 250 1816 308">
    <p class='ocr_par' dir='ltr' id='par_1_1' title="bbox 226 250 1816 308">
     <span class='ocr_line' id='line_1_1' title="bbox 226 250 1816 308; baseline -0.003 -12"><span class='ocrx_word' id='word_1_1' title='bbox 226 261 362 290; x_wconf 80' lang='lat' dir='ltr'><strong>SERMO</strong></span> <span class='ocrx_word' id='word_1_2' title='bbox 383 250 478 308; x_wconf 77' lang='lat' dir='ltr'>LX1-]</span> <span class='ocrx_word' id='word_1_3' title='bbox 696 262 911 295; x_wconf 78' lang='lat' dir='ltr'><strong>SECUNDA</strong></span> <span class='ocrx_word' id='word_1_4' title='bbox 936 261 1063 293; x_wconf 84' lang='lat' dir='ltr'>PARS.</span> <span class='ocrx_word' id='word_1_5' title='bbox 1741 254 1816 298; x_wconf 78' lang='lat'>461</span> 
     </span>
    </p>
   </div>
   <div class='ocr_carea' id='block_1_2' title="bbox 169 367 1827 2455">
    <p class='ocr_par' dir='ltr' id='par_1_2' title="bbox 169 367 1827 2455">
     <span class='ocr_line' id='line_1_2' title="bbox 225 367 1534 418; baseline -0.004 -12"><span class='ocrx_word' id='word_1_6' title='bbox 225 369 461 418; x_wconf 89' lang='lat' dir='ltr'>simpliciter</span> <span class='ocrx_word' id='word_1_7' title='bbox 494 370 543 405; x_wconf 88' lang='lat' dir='ltr'>ad</span> <span class='ocrx_word' id='word_1_8' title='bbox 572 377 758 405; x_wconf 87' lang='lat' dir='ltr'>naturam</span> <span class='ocrx_word' id='word_1_9' title='bbox 788 367 1077 412; x_wconf 83' lang='lat' dir='ltr'>inexistentem,</span> <span class='ocrx_word' id='word_1_10' title='bbox 1112 374 1206 402; x_wconf 87' lang='lat' dir='ltr'>tunc</span> <span class='ocrx_word' id='word_1_11' title='bbox 1229 374 1336 402; x_wconf 87' lang='lat' dir='ltr'>totus</span> <span class='ocrx_word' id='word_1_12' title='bbox 1361 367 1534 402; x_wconf 88' lang='lat' dir='ltr'>mundus</span> 
     </span>
     <span class='ocr_line' id='line_1_3' title="bbox 227 423 1536 475; baseline -0.004 -11"><span class='ocrx_word' id='word_1_13' title='bbox 227 429 387 464; x_wconf 88' lang='lat' dir='ltr'>deberet</span> <span class='ocrx_word' id='word_1_14' title='bbox 418 426 536 464; x_wconf 84' lang='lat' dir='ltr'>latria</span> <span class='ocrx_word' id='word_1_15' title='bbox 559 426 733 473; x_wconf 88' lang='lat' dir='ltr'>adorari,</span> <span class='ocrx_word' id='word_1_16' title='bbox 768 426 860 475; x_wconf 88' lang='lat' dir='ltr'>quia</span> <span class='ocrx_word' id='word_1_17' title='bbox 882 434 1026 462; x_wconf 87' lang='lat' dir='ltr'>natura</span> <span class='ocrx_word' id='word_1_18' title='bbox 1050 424 1183 461; x_wconf 88' lang='lat' dir='ltr'>divina</span> <span class='ocrx_word' id='word_1_19' title='bbox 1208 432 1263 460; x_wconf 87' lang='lat' dir='ltr'>est</span> <span class='ocrx_word' id='word_1_20' title='bbox 1287 424 1327 460; x_wconf 89' lang='lat' dir='ltr'>in</span> <span class='ocrx_word' id='word_1_21' title='bbox 1360 423 1536 472; x_wconf 86' lang='lat' dir='ltr'>qualibet</span> 
     </span>
     <span class='ocr_line' id='line_1_4' title="bbox 227 481 1535 534; baseline -0.004 -12"><span class='ocrx_word' id='word_1_22' title='bbox 227 494 410 522; x_wconf 85' lang='lat' dir='ltr'>creatura</span> <span class='ocrx_word' id='word_1_23' title='bbox 443 484 731 534; x_wconf 83' lang='lat' dir='ltr'>perfectissime</span> <span class='ocrx_word' id='word_1_24' title='bbox 764 484 988 521; x_wconf 82' lang='lat' dir='ltr'>inexistens.</span> <span class='ocrx_word' id='word_1_25' title='bbox 1023 482 1063 520; x_wconf 86' lang='lat' dir='ltr'>Si</span> <span class='ocrx_word' id='word_1_26' title='bbox 1096 491 1230 519; x_wconf 85' lang='lat' dir='ltr'>autem</span> <span class='ocrx_word' id='word_1_27' title='bbox 1264 482 1457 518; x_wconf 88' lang='lat' dir='ltr'>habitudo</span> <span class='ocrx_word' id='word_1_28' title='bbox 1482 481 1535 517; x_wconf 84' lang='lat' dir='ltr'>rei</span> 
     </span>
     <span class='ocr_line' id='line_1_5' title="bbox 226 539 1536 591; baseline -0.004 -11"><span class='ocrx_word' id='word_1_29' title='bbox 226 543 470 580; x_wconf 87' lang='lat' dir='ltr'>inexistentis</span> <span class='ocrx_word' id='word_1_30' title='bbox 487 543 821 579; x_wconf 85' lang='lat' dir='ltr'>denominacione</span> <span class='ocrx_word' id='word_1_31' title='bbox 837 541 1100 591; x_wconf 87' lang='lat' dir='ltr'>perfeccionis</span> <span class='ocrx_word' id='word_1_32' title='bbox 1123 540 1285 589; x_wconf 84' lang='lat' dir='ltr'>proprie</span> <span class='ocrx_word' id='word_1_33' title='bbox 1302 539 1536 577; x_wconf 84' lang='lat' dir='ltr'>denominat</span> 
     </span>
     <span class='ocr_line' id='line_1_6' title="bbox 193 598 1537 648; baseline -0.002 -12"><span class='ocrx_word' id='word_1_34' title='bbox 193 601 323 638; x_wconf 69' lang='lat' dir='ltr'>§illud</span> <span class='ocrx_word' id='word_1_35' title='bbox 357 601 419 638; x_wconf 89' lang='lat' dir='ltr'>cui</span> <span class='ocrx_word' id='word_1_36' title='bbox 449 600 635 647; x_wconf 87' lang='lat' dir='ltr'>inexistit,</span> <span class='ocrx_word' id='word_1_37' title='bbox 659 613 740 637; x_wconf 92' lang='lat' dir='ltr'>non</span> <span class='ocrx_word' id='word_1_38' title='bbox 773 610 830 637; x_wconf 90' lang='lat' dir='ltr'>est</span> <span class='ocrx_word' id='word_1_39' title='bbox 862 600 1051 648; x_wconf 84' lang='lat' dir='ltr'>possibile</span> <span class='ocrx_word' id='word_1_40' title='bbox 1085 599 1232 647; x_wconf 84' lang='lat' dir='ltr'>fingere</span> <span class='ocrx_word' id='word_1_41' title='bbox 1267 598 1362 647; x_wconf 89' lang='lat' dir='ltr'>quin</span> <span class='ocrx_word' id='word_1_42' title='bbox 1395 607 1537 634; x_wconf 85' lang='lat' dir='ltr'>natura</span> 
     </span>
     <span class='ocr_line' id='line_1_7' title="bbox 227 657 1538 708; baseline -0.003 -13"><span class='ocrx_word' id='word_1_43' title='bbox 227 659 359 696; x_wconf 87' lang='lat' dir='ltr'>divina</span> <span class='ocrx_word' id='word_1_44' title='bbox 392 658 580 708; x_wconf 89' lang='lat' dir='ltr'>proprius</span> <span class='ocrx_word' id='word_1_45' title='bbox 621 667 657 695; x_wconf 90' lang='lat' dir='ltr'>et</span> <span class='ocrx_word' id='word_1_46' title='bbox 696 658 916 707; x_wconf 89' lang='lat' dir='ltr'>perfeccius</span> <span class='ocrx_word' id='word_1_47' title='bbox 955 657 1167 694; x_wconf 83' lang='lat' dir='ltr'>inexistens</span> <span class='ocrx_word' id='word_1_48' title='bbox 1207 665 1460 693; x_wconf 85' lang='lat' dir='ltr'>sacramento</span> <span class='ocrx_word' id='word_1_49' title='bbox 1501 664 1538 691; x_wconf 90' lang='lat' dir='ltr'>et</span> 
     </span>
     <span class='ocr_line' id='line_1_8' title="bbox 226 713 1537 766; baseline -0.004 -12"><span class='ocrx_word' id='word_1_50' title='bbox 226 717 389 754; x_wconf 87' lang='lat' dir='ltr'>cuilibet</span> <span class='ocrx_word' id='word_1_51' title='bbox 421 717 535 754; x_wconf 91' lang='lat' dir='ltr'>alteri</span> <span class='ocrx_word' id='word_1_52' title='bbox 569 725 751 753; x_wconf 80' lang='lat' dir='ltr'>creature</span> <span class='ocrx_word' id='word_1_53' title='bbox 784 729 905 766; x_wconf 90' lang='lat' dir='ltr'>quam</span> <span class='ocrx_word' id='word_1_54' title='bbox 946 728 1090 764; x_wconf 91' lang='lat' dir='ltr'>corpus</span> <span class='ocrx_word' id='word_1_55' title='bbox 1124 714 1271 752; x_wconf 86' lang='lat' dir='ltr'>Christi</span> <span class='ocrx_word' id='word_1_56' title='bbox 1305 723 1363 751; x_wconf 90' lang='lat' dir='ltr'>est</span> <span class='ocrx_word' id='word_1_57' title='bbox 1396 714 1435 750; x_wconf 93' lang='lat' dir='ltr'>in</span> <span class='ocrx_word' id='word_1_58' title='bbox 1468 713 1537 750; x_wconf 86' lang='lat' dir='ltr'>ali-</span> 
     </span>
     <span class='ocr_line' id='line_1_9' title="bbox 227 771 1537 824; baseline -0.003 -12"><span class='ocrx_word' id='word_1_59' title='bbox 227 788 306 824; x_wconf 93' lang='lat' dir='ltr'>quo</span> <span class='ocrx_word' id='word_1_60' title='bbox 338 775 558 824; x_wconf 86' lang='lat' dir='ltr'>perfeccius</span> <span class='ocrx_word' id='word_1_61' title='bbox 592 774 826 812; x_wconf 83' lang='lat' dir='ltr'>denominat</span> <span class='ocrx_word' id='word_1_62' title='bbox 858 774 957 811; x_wconf 91' lang='lat' dir='ltr'>illud</span> <span class='ocrx_word' id='word_1_63' title='bbox 990 774 1053 811; x_wconf 90' lang='lat' dir='ltr'>cui</span> <span class='ocrx_word' id='word_1_64' title='bbox 1091 772 1265 810; x_wconf 88' lang='lat' dir='ltr'>inexistit</span> <span class='ocrx_word' id='word_1_65' title='bbox 1304 771 1537 809; x_wconf 89' lang='lat' dir='ltr'>denomina-</span> 
     </span>
     <span class='ocr_line' id='line_1_10' title="bbox 227 832 1538 882; baseline -0.003 -12"><span class='ocrx_word' id='word_1_66' title='bbox 227 833 340 870; x_wconf 84' lang='lat' dir='ltr'>cione</span> <span class='ocrx_word' id='word_1_67' title='bbox 373 832 538 882; x_wconf 88' lang='lat' dir='ltr'>propria</span> <span class='ocrx_word' id='word_1_68' title='bbox 571 833 804 881; x_wconf 84' lang='lat' dir='ltr'>respectiva.</span> <span class='ocrx_word' id='word_1_69' title='bbox 839 834 919 869; x_wconf 92' lang='lat' dir='ltr'>Nec</span> <span class='ocrx_word' id='word_1_70' title='bbox 952 841 1010 869; x_wconf 91' lang='lat' dir='ltr'>est</span> <span class='ocrx_word' id='word_1_71' title='bbox 1033 840 1292 880; x_wconf 84' lang='lat' dir='ltr'>aggregatum</span> <span class='ocrx_word' id='word_1_72' title='bbox 1318 843 1362 867; x_wconf 87' lang='lat' dir='ltr'>ex</span> <span class='ocrx_word' id='word_1_73' title='bbox 1394 839 1538 867; x_wconf 89' lang='lat' dir='ltr'>natura</span> 
     </span>
     <span class='ocr_line' id='line_1_11' title="bbox 172 890 1539 939; baseline -0.003 -11"><span class='ocrx_word' id='word_1_74' title='bbox 172 903 212 925; x_wconf 90' lang='lat'>10</span> <span class='ocrx_word' id='word_1_75' title='bbox 230 891 362 928; x_wconf 85' lang='lat' dir='ltr'>divina</span> <span class='ocrx_word' id='word_1_76' title='bbox 403 900 439 928; x_wconf 92' lang='lat' dir='ltr'>et</span> <span class='ocrx_word' id='word_1_77' title='bbox 481 903 650 939; x_wconf 89' lang='lat' dir='ltr'>corpore</span> <span class='ocrx_word' id='word_1_78' title='bbox 689 890 836 927; x_wconf 87' lang='lat' dir='ltr'>Christi</span> <span class='ocrx_word' id='word_1_79' title='bbox 876 891 1096 939; x_wconf 87' lang='lat' dir='ltr'>perfeccius</span> <span class='ocrx_word' id='word_1_80' title='bbox 1135 902 1255 939; x_wconf 89' lang='lat' dir='ltr'>quam</span> <span class='ocrx_word' id='word_1_81' title='bbox 1300 897 1358 926; x_wconf 89' lang='lat' dir='ltr'>est</span> <span class='ocrx_word' id='word_1_82' title='bbox 1395 897 1539 925; x_wconf 88' lang='lat' dir='ltr'>natura</span> 
     </span>
     <span class='ocr_line' id='line_1_12' title="bbox 228 946 1539 998; baseline -0.003 -12"><span class='ocrx_word' id='word_1_83' title='bbox 228 949 361 986; x_wconf 88' lang='lat' dir='ltr'>divina</span> <span class='ocrx_word' id='word_1_84' title='bbox 394 961 464 998; x_wconf 87' lang='lat' dir='ltr'>per</span> <span class='ocrx_word' id='word_1_85' title='bbox 496 962 549 995; x_wconf 83' lang='lat' dir='ltr'>se,</span> <span class='ocrx_word' id='word_1_86' title='bbox 583 949 792 998; x_wconf 87' lang='lat' dir='ltr'>supposito</span> <span class='ocrx_word' id='word_1_87' title='bbox 817 950 924 998; x_wconf 87' lang='lat' dir='ltr'>quod</span> <span class='ocrx_word' id='word_1_88' title='bbox 958 949 1101 985; x_wconf 90' lang='lat' dir='ltr'>stultus</span> <span class='ocrx_word' id='word_1_89' title='bbox 1134 947 1371 997; x_wconf 83' lang='lat' dir='ltr'>imposuerit</span> <span class='ocrx_word' id='word_1_90' title='bbox 1404 946 1539 983; x_wconf 89' lang='lat' dir='ltr'>huius-</span> 
     </span>
     <span class='ocr_line' id='line_1_13' title="bbox 228 1007 643 1055; baseline -0.002 -11"><span class='ocrx_word' id='word_1_91' title='bbox 228 1007 338 1044; x_wconf 90' lang='lat' dir='ltr'>modi</span> <span class='ocrx_word' id='word_1_92' title='bbox 372 1015 643 1055; x_wconf 86' lang='lat' dir='ltr'>aggregatum.</span> 
     </span>
     <span class='ocr_line' id='line_1_14' title="bbox 284 1061 1821 1114; baseline -0.003 -12"><span class='ocrx_word' id='word_1_93' title='bbox 284 1065 474 1114; x_wconf 80' lang='lat' dir='ltr'>Arguitur</span> <span class='ocrx_word' id='word_1_94' title='bbox 508 1074 648 1102; x_wconf 88' lang='lat' dir='ltr'>contra</span> <span class='ocrx_word' id='word_1_95' title='bbox 688 1065 805 1102; x_wconf 90' lang='lat' dir='ltr'>istam</span> <span class='ocrx_word' id='word_1_96' title='bbox 847 1073 1047 1102; x_wconf 88' lang='lat' dir='ltr'>recentem</span> <span class='ocrx_word' id='word_1_97' title='bbox 1087 1064 1257 1101; x_wconf 88' lang='lat' dir='ltr'>heresim</span> <span class='ocrx_word' id='word_1_98' title='bbox 1292 1061 1537 1100; x_wconf 84' lang='lat' dir='ltr'>contrariam</span> <span class='ocrx_word' id='word_1_99' title='bbox 1561 1070 1821 1110; x_wconf 56' lang='lat' dir='ltr'>Ouropponqms</span> 
     </span>
     <span class='ocr_line' id='line_1_15' title="bbox 227 1105 1827 1172; baseline -0.003 -12"><span class='ocrx_word' id='word_1_100' title='bbox 227 1123 301 1160; x_wconf 89' lang='lat' dir='ltr'>sibi</span> <span class='ocrx_word' id='word_1_101' title='bbox 325 1123 412 1172; x_wconf 88' lang='lat' dir='ltr'>ipsi.</span> <span class='ocrx_word' id='word_1_102' title='bbox 448 1123 487 1161; x_wconf 86' lang='lat' dir='ltr'>Si</span> <span class='ocrx_word' id='word_1_103' title='bbox 522 1123 626 1160; x_wconf 90' lang='lat' dir='ltr'>enim</span> <span class='ocrx_word' id='word_1_104' title='bbox 661 1123 715 1160; x_wconf 91' lang='lat' dir='ltr'>ibi</span> <span class='ocrx_word' id='word_1_105' title='bbox 748 1123 827 1160; x_wconf 87' lang='lat' dir='ltr'>sint</span> <span class='ocrx_word' id='word_1_106' title='bbox 859 1123 1102 1172; x_wconf 85' lang='lat' dir='ltr'>quantitates</span> <span class='ocrx_word' id='word_1_107' title='bbox 1136 1131 1173 1159; x_wconf 87' lang='lat' dir='ltr'>et</span> <span class='ocrx_word' id='word_1_108' title='bbox 1206 1122 1419 1171; x_wconf 85' lang='lat' dir='ltr'>qualitates</span> <span class='ocrx_word' id='word_1_109' title='bbox 1453 1133 1538 1157; x_wconf 91' lang='lat' dir='ltr'>cor·</span> <span class='ocrx_word' id='word_1_110' title='bbox 1554 1105 1827 1167; x_wconf 30' lang='lat' dir='ltr'>sangi-lgeiquialpenes</span> 
     </span>
     <span class='ocr_line' id='line_1_16' title="bbox 174 1175 1765 1230; baseline -0.003 -11"><span class='ocrx_word' id='word_1_111' title='bbox 174 1182 210 1215; x_wconf 86' lang='lat'>15</span> <span class='ocrx_word' id='word_1_112' title='bbox 226 1194 347 1230; x_wconf 86' lang='lat' dir='ltr'>poree</span> <span class='ocrx_word' id='word_1_113' title='bbox 380 1181 463 1218; x_wconf 90' lang='lat' dir='ltr'>sine</span> <span class='ocrx_word' id='word_1_114' title='bbox 496 1182 675 1218; x_wconf 91' lang='lat' dir='ltr'>subiecta</span> <span class='ocrx_word' id='word_1_115' title='bbox 708 1182 951 1229; x_wconf 78' lang='lat' dir='ltr'>substancia,</span> <span class='ocrx_word' id='word_1_116' title='bbox 985 1181 1050 1218; x_wconf 89' lang='lat' dir='ltr'>ille</span> <span class='ocrx_word' id='word_1_117' title='bbox 1075 1180 1318 1230; x_wconf 83' lang='lat' dir='ltr'>quantitates</span> <span class='ocrx_word' id='word_1_118' title='bbox 1343 1192 1433 1216; x_wconf 89' lang='lat' dir='ltr'>curn</span> <span class='ocrx_word' id='word_1_119' title='bbox 1457 1191 1539 1215; x_wconf 91' lang='lat' dir='ltr'>non</span> <span class='ocrx_word' id='word_1_120' title='bbox 1616 1175 1765 1211; x_wconf 75' lang='lat' dir='ltr'>quantity,</span> 
     </span>
     <span class='ocr_line' id='line_1_17' title="bbox 227 1239 1538 1288; baseline -0.002 -12"><span class='ocrx_word' id='word_1_121' title='bbox 227 1249 318 1276; x_wconf 90' lang='lat' dir='ltr'>sunt</span> <span class='ocrx_word' id='word_1_122' title='bbox 350 1239 610 1277; x_wconf 87' lang='lat' dir='ltr'>indivisibiles</span> <span class='ocrx_word' id='word_1_123' title='bbox 650 1249 741 1276; x_wconf 91' lang='lat' dir='ltr'>sunt</span> <span class='ocrx_word' id='word_1_124' title='bbox 779 1240 908 1288; x_wconf 85' lang='lat' dir='ltr'>longe,</span> <span class='ocrx_word' id='word_1_125' title='bbox 951 1241 1029 1276; x_wconf 91' lang='lat' dir='ltr'>late</span> <span class='ocrx_word' id='word_1_126' title='bbox 1069 1248 1105 1276; x_wconf 89' lang='lat' dir='ltr'>et</span> <span class='ocrx_word' id='word_1_127' title='bbox 1144 1239 1356 1287; x_wconf 81' lang='lat' dir='ltr'>profunde,</span> <span class='ocrx_word' id='word_1_128' title='bbox 1400 1246 1437 1274; x_wconf 92' lang='lat' dir='ltr'>et</span> <span class='ocrx_word' id='word_1_129' title='bbox 1469 1249 1538 1285; x_wconf 92' lang='lat' dir='ltr'>per</span> 
     </span>
     <span class='ocr_line' id='line_1_18' title="bbox 227 1294 1537 1347; baseline -0.003 -12"><span class='ocrx_word' id='word_1_130' title='bbox 227 1311 486 1347; x_wconf 83' lang='lat' dir='ltr'>consequens,</span> <span class='ocrx_word' id='word_1_131' title='bbox 532 1298 634 1335; x_wconf 91' lang='lat' dir='ltr'>sicut</span> <span class='ocrx_word' id='word_1_132' title='bbox 672 1307 804 1335; x_wconf 88' lang='lat' dir='ltr'>totum</span> <span class='ocrx_word' id='word_1_133' title='bbox 848 1311 970 1346; x_wconf 86' lang='lat' dir='ltr'>genus</span> <span class='ocrx_word' id='word_1_134' title='bbox 1014 1297 1249 1346; x_wconf 89' lang='lat' dir='ltr'>quantitatis</span> <span class='ocrx_word' id='word_1_135' title='bbox 1294 1294 1537 1341; x_wconf 87' lang='lat' dir='ltr'>huiusmodi,</span> 
     </span>
     <span class='ocr_line' id='line_1_19' title="bbox 225 1353 1538 1405; baseline -0.003 -12"><span class='ocrx_word' id='word_1_136' title='bbox 225 1357 356 1393; x_wconf 89' lang='lat' dir='ltr'>forent</span> <span class='ocrx_word' id='word_1_137' title='bbox 395 1369 550 1405; x_wconf 84' lang='lat' dir='ltr'>magne,</span> <span class='ocrx_word' id='word_1_138' title='bbox 593 1365 629 1393; x_wconf 91' lang='lat' dir='ltr'>et</span> <span class='ocrx_word' id='word_1_139' title='bbox 668 1369 739 1405; x_wconf 91' lang='lat' dir='ltr'>per</span> <span class='ocrx_word' id='word_1_140' title='bbox 778 1369 1025 1405; x_wconf 89' lang='lat' dir='ltr'>consequens</span> <span class='ocrx_word' id='word_1_141' title='bbox 1063 1355 1119 1392; x_wconf 91' lang='lat' dir='ltr'>ibi</span> <span class='ocrx_word' id='word_1_142' title='bbox 1159 1355 1261 1392; x_wconf 90' lang='lat' dir='ltr'>foret</span> <span class='ocrx_word' id='word_1_143' title='bbox 1303 1353 1538 1403; x_wconf 82' lang='lat' dir='ltr'>magnitudo</span> 
     </span>
     <span class='ocr_line' id='line_1_20' title="bbox 226 1413 1540 1463; baseline -0.002 -12"><span class='ocrx_word' id='word_1_144' title='bbox 226 1428 317 1452; x_wconf 89' lang='lat' dir='ltr'>cum</span> <span class='ocrx_word' id='word_1_145' title='bbox 350 1428 509 1463; x_wconf 87' lang='lat' dir='ltr'>magno,</span> <span class='ocrx_word' id='word_1_146' title='bbox 543 1414 752 1463; x_wconf 87' lang='lat' dir='ltr'>longitudo</span> <span class='ocrx_word' id='word_1_147' title='bbox 786 1427 874 1451; x_wconf 80' lang='lat' dir='ltr'>oum</span> <span class='ocrx_word' id='word_1_148' title='bbox 901 1415 1034 1462; x_wconf 86' lang='lat' dir='ltr'>longo,</span> <span class='ocrx_word' id='word_1_149' title='bbox 1068 1413 1239 1451; x_wconf 86' lang='lat' dir='ltr'>latitudo</span> <span class='ocrx_word' id='word_1_150' title='bbox 1273 1425 1363 1449; x_wconf 90' lang='lat' dir='ltr'>cum</span> <span class='ocrx_word' id='word_1_151' title='bbox 1397 1413 1479 1449; x_wconf 90' lang='lat' dir='ltr'>lato</span> <span class='ocrx_word' id='word_1_152' title='bbox 1503 1420 1540 1448; x_wconf 89' lang='lat' dir='ltr'>et</span> 
     </span>
     <span class='ocr_line' id='line_1_21' title="bbox 170 1471 1538 1522; baseline -0.003 -12"><span class='ocrx_word' id='word_1_153' title='bbox 170 1473 477 1522; x_wconf 89' lang='lat' dir='ltr'>20profunditas</span> <span class='ocrx_word' id='word_1_154' title='bbox 523 1486 613 1510; x_wconf 89' lang='lat' dir='ltr'>cum</span> <span class='ocrx_word' id='word_1_155' title='bbox 665 1473 879 1522; x_wconf 89' lang='lat' dir='ltr'>profundo,</span> <span class='ocrx_word' id='word_1_156' title='bbox 927 1482 963 1509; x_wconf 88' lang='lat' dir='ltr'>et</span> <span class='ocrx_word' id='word_1_157' title='bbox 1008 1485 1078 1521; x_wconf 89' lang='lat' dir='ltr'>per</span> <span class='ocrx_word' id='word_1_158' title='bbox 1121 1471 1226 1508; x_wconf 90' lang='lat' dir='ltr'>idem</span> <span class='ocrx_word' id='word_1_159' title='bbox 1273 1471 1401 1519; x_wconf 84' lang='lat' dir='ltr'>figura</span> <span class='ocrx_word' id='word_1_160' title='bbox 1449 1482 1538 1507; x_wconf 89' lang='lat' dir='ltr'>cum</span> 
     </span>
     <span class='ocr_line' id='line_1_22' title="bbox 226 1528 1540 1580; baseline -0.003 -12"><span class='ocrx_word' id='word_1_161' title='bbox 226 1532 410 1580; x_wconf 87' lang='lat' dir='ltr'>figurato.</span> <span class='ocrx_word' id='word_1_162' title='bbox 457 1533 506 1567; x_wconf 87' lang='lat' dir='ltr'>Et</span> <span class='ocrx_word' id='word_1_163' title='bbox 552 1540 718 1580; x_wconf 90' lang='lat' dir='ltr'>propter</span> <span class='ocrx_word' id='word_1_164' title='bbox 762 1531 877 1568; x_wconf 89' lang='lat' dir='ltr'>istam</span> <span class='ocrx_word' id='word_1_165' title='bbox 924 1531 1127 1567; x_wconf 86' lang='lat' dir='ltr'>racionem</span> <span class='ocrx_word' id='word_1_166' title='bbox 1175 1528 1405 1566; x_wconf 87' lang='lat' dir='ltr'>necessitati</span> <span class='ocrx_word' id='word_1_167' title='bbox 1449 1536 1540 1565; x_wconf 89' lang='lat' dir='ltr'>sunt</span> 
     </span>
     <span class='ocr_line' id='line_1_23' title="bbox 225 1587 1536 1638; baseline -0.002 -12"><span class='ocrx_word' id='word_1_168' title='bbox 225 1589 510 1626; x_wconf 89' lang='lat' dir='ltr'>Machometici</span> <span class='ocrx_word' id='word_1_169' title='bbox 555 1598 592 1626; x_wconf 90' lang='lat' dir='ltr'>et</span> <span class='ocrx_word' id='word_1_170' title='bbox 636 1589 824 1638; x_wconf 85' lang='lat' dir='ltr'>precipue</span> <span class='ocrx_word' id='word_1_171' title='bbox 869 1589 982 1626; x_wconf 86' lang='lat' dir='ltr'>istius</span> <span class='ocrx_word' id='word_1_172' title='bbox 1027 1597 1132 1625; x_wconf 84' lang='lat' dir='ltr'>secte</span> <span class='ocrx_word' id='word_1_173' title='bbox 1176 1587 1350 1624; x_wconf 89' lang='lat' dir='ltr'>heretice</span> <span class='ocrx_word' id='word_1_174' title='bbox 1396 1598 1536 1624; x_wconf 89' lang='lat' dir='ltr'>conce—</span> 
     </span>
     <span class='ocr_line' id='line_1_24' title="bbox 226 1644 1538 1696; baseline -0.002 -12"><span class='ocrx_word' id='word_1_175' title='bbox 226 1649 319 1684; x_wconf 90' lang='lat' dir='ltr'>dere</span> <span class='ocrx_word' id='word_1_176' title='bbox 345 1649 392 1684; x_wconf 88' lang='lat' dir='ltr'>de</span> <span class='ocrx_word' id='word_1_177' title='bbox 423 1648 647 1696; x_wconf 86' lang='lat' dir='ltr'>quantitate</span> <span class='ocrx_word' id='word_1_178' title='bbox 676 1647 978 1696; x_wconf 85' lang='lat' dir='ltr'>predicaciones</span> <span class='ocrx_word' id='word_1_179' title='bbox 1011 1646 1242 1683; x_wconf 87' lang='lat' dir='ltr'>huiusmodi</span> <span class='ocrx_word' id='word_1_180' title='bbox 1277 1644 1538 1682; x_wconf 89' lang='lat' dir='ltr'>concretivas.</span> 
     </span>
     <span class='ocr_line' id='line_1_25' title="bbox 226 1703 1540 1756; baseline -0.002 -14"><span class='ocrx_word' id='word_1_181' title='bbox 226 1707 274 1742; x_wconf 90' lang='lat' dir='ltr'>Et</span> <span class='ocrx_word' id='word_1_182' title='bbox 312 1714 508 1756; x_wconf 85' lang='lat' dir='ltr'>quantum</span> <span class='ocrx_word' id='word_1_183' title='bbox 548 1707 598 1742; x_wconf 91' lang='lat' dir='ltr'>ad</span> <span class='ocrx_word' id='word_1_184' title='bbox 639 1705 993 1742; x_wconf 87' lang='lat' dir='ltr'>denominaciones</span> <span class='ocrx_word' id='word_1_185' title='bbox 1033 1705 1131 1742; x_wconf 87' lang='lat' dir='ltr'>alias</span> <span class='ocrx_word' id='word_1_186' title='bbox 1172 1703 1389 1754; x_wconf 87' lang='lat' dir='ltr'>qualitatis,</span> <span class='ocrx_word' id='word_1_187' title='bbox 1430 1711 1540 1752; x_wconf 87' lang='lat' dir='ltr'>patet</span> 
     </span>
     <span class='ocr_line' id='line_1_26' title="bbox 171 1762 1538 1813; baseline -0.002 -12"><span class='ocrx_word' id='word_1_188' title='bbox 171 1764 210 1797; x_wconf 85' lang='lat'>25</span> <span class='ocrx_word' id='word_1_189' title='bbox 227 1765 348 1813; x_wconf 91' lang='lat' dir='ltr'>quod,</span> <span class='ocrx_word' id='word_1_190' title='bbox 390 1763 492 1801; x_wconf 91' lang='lat' dir='ltr'>sicut</span> <span class='ocrx_word' id='word_1_191' title='bbox 525 1765 601 1801; x_wconf 93' lang='lat' dir='ltr'>hoc</span> <span class='ocrx_word' id='word_1_192' title='bbox 639 1773 936 1801; x_wconf 84' lang='lat' dir='ltr'>sacramentum</span> <span class='ocrx_word' id='word_1_193' title='bbox 978 1763 1121 1812; x_wconf 90' lang='lat' dir='ltr'>recipit</span> <span class='ocrx_word' id='word_1_194' title='bbox 1161 1762 1538 1799; x_wconf 87' lang='lat' dir='ltr'>denominacionem</span> 
     </span>
     <span class='ocr_line' id='line_1_27' title="bbox 228 1820 1539 1871; baseline -0.002 -12"><span class='ocrx_word' id='word_1_195' title='bbox 228 1822 498 1859; x_wconf 88' lang='lat' dir='ltr'>concretivam</span> <span class='ocrx_word' id='word_1_196' title='bbox 536 1822 709 1871; x_wconf 86' lang='lat' dir='ltr'>figurati,</span> <span class='ocrx_word' id='word_1_197' title='bbox 744 1835 834 1859; x_wconf 88' lang='lat' dir='ltr'>cum</span> <span class='ocrx_word' id='word_1_198' title='bbox 867 1823 1087 1859; x_wconf 89' lang='lat' dir='ltr'>secundum</span> <span class='ocrx_word' id='word_1_199' title='bbox 1118 1821 1376 1858; x_wconf 88' lang='lat' dir='ltr'>Aristotelem</span> <span class='ocrx_word' id='word_1_200' title='bbox 1412 1820 1539 1869; x_wconf 87' lang='lat' dir='ltr'>figura</span> 
     </span>
     <span class='ocr_line' id='line_1_28' title="bbox 226 1879 1538 1934; baseline -0.002 -17"><span class='ocrx_word' id='word_1_201' title='bbox 226 1881 276 1918; x_wconf 91' lang='lat' dir='ltr'>sit</span> <span class='ocrx_word' id='word_1_202' title='bbox 309 1880 497 1934; x_wconf 71' lang='lat' dir='ltr'>qualitas,</span> <span class='ocrx_word' id='word_1_203' title='bbox 531 1880 726 1929; x_wconf 87' lang='lat' dir='ltr'>reciperet</span> <span class='ocrx_word' id='word_1_204' title='bbox 766 1879 1120 1918; x_wconf 88' lang='lat' dir='ltr'>denominaciones</span> <span class='ocrx_word' id='word_1_205' title='bbox 1159 1879 1257 1916; x_wconf 88' lang='lat' dir='ltr'>alias</span> <span class='ocrx_word' id='word_1_206' title='bbox 1291 1879 1538 1916; x_wconf 86' lang='lat' dir='ltr'>concretivas</span> 
     </span>
     <span class='ocr_line' id='line_1_29' title="bbox 225 1937 1539 1988; baseline -0.002 -13"><span class='ocrx_word' id='word_1_207' title='bbox 225 1938 282 1975; x_wconf 88' lang='lat' dir='ltr'>illi</span> <span class='ocrx_word' id='word_1_208' title='bbox 327 1938 544 1988; x_wconf 89' lang='lat' dir='ltr'>quantitati</span> <span class='ocrx_word' id='word_1_209' title='bbox 588 1939 855 1976; x_wconf 87' lang='lat' dir='ltr'>inexistentes.</span> <span class='ocrx_word' id='word_1_210' title='bbox 909 1940 957 1975; x_wconf 89' lang='lat' dir='ltr'>Et</span> <span class='ocrx_word' id='word_1_211' title='bbox 1001 1938 1056 1975; x_wconf 90' lang='lat' dir='ltr'>sic</span> <span class='ocrx_word' id='word_1_212' title='bbox 1094 1946 1391 1975; x_wconf 86' lang='lat' dir='ltr'>sacramentum</span> <span class='ocrx_word' id='word_1_213' title='bbox 1436 1937 1539 1973; x_wconf 87' lang='lat' dir='ltr'>foret</span> 
     </span>
     <span class='ocr_line' id='line_1_30' title="bbox 226 1996 1537 2046; baseline -0.002 -13"><span class='ocrx_word' id='word_1_214' title='bbox 226 1998 375 2044; x_wconf 87' lang='lat' dir='ltr'>album,</span> <span class='ocrx_word' id='word_1_215' title='bbox 429 1998 648 2034; x_wconf 89' lang='lat' dir='ltr'>rotundum</span> <span class='ocrx_word' id='word_1_216' title='bbox 702 2006 739 2034; x_wconf 89' lang='lat' dir='ltr'>et</span> <span class='ocrx_word' id='word_1_217' title='bbox 783 1997 983 2046; x_wconf 86' lang='lat' dir='ltr'>sapidum,</span> <span class='ocrx_word' id='word_1_218' title='bbox 1037 1996 1140 2033; x_wconf 87' lang='lat' dir='ltr'>sicut</span> <span class='ocrx_word' id='word_1_219' title='bbox 1192 2005 1249 2033; x_wconf 90' lang='lat' dir='ltr'>est</span> <span class='ocrx_word' id='word_1_220' title='bbox 1303 1996 1537 2044; x_wconf 83' lang='lat' dir='ltr'>figuratum3</span> 
     </span>
     <span class='ocr_line' id='line_1_31' title="bbox 169 2053 1539 2104; baseline -0.002 -12"><span class='ocrx_word' id='word_1_221' title='bbox 169 2056 359 2104; x_wconf 83' lang='lat' dir='ltr'>30potest</span> <span class='ocrx_word' id='word_1_222' title='bbox 398 2055 504 2092; x_wconf 88' lang='lat' dir='ltr'>enim</span> <span class='ocrx_word' id='word_1_223' title='bbox 549 2068 632 2092; x_wconf 92' lang='lat' dir='ltr'>non</span> <span class='ocrx_word' id='word_1_224' title='bbox 675 2056 806 2092; x_wconf 88' lang='lat' dir='ltr'>solum</span> <span class='ocrx_word' id='word_1_225' title='bbox 850 2067 921 2104; x_wconf 89' lang='lat' dir='ltr'>per</span> <span class='ocrx_word' id='word_1_226' title='bbox 968 2067 1009 2092; x_wconf 90' lang='lat' dir='ltr'>se</span> <span class='ocrx_word' id='word_1_227' title='bbox 1053 2054 1204 2092; x_wconf 89' lang='lat' dir='ltr'>moveri</span> <span class='ocrx_word' id='word_1_228' title='bbox 1248 2053 1431 2091; x_wconf 88' lang='lat' dir='ltr'>localiter</span> <span class='ocrx_word' id='word_1_229' title='bbox 1470 2054 1539 2090; x_wconf 86' lang='lat' dir='ltr'>sed</span> 
     </span>
     <span class='ocr_line' id='line_1_32' title="bbox 226 2107 1538 2162; baseline -0.002 -12"><span class='ocrx_word' id='word_1_230' title='bbox 226 2107 341 2151; x_wconf 79' lang='lat' dir='ltr'>valde</span> <span class='ocrx_word' id='word_1_231' title='bbox 364 2113 578 2162; x_wconf 87' lang='lat' dir='ltr'>dispariter</span> <span class='ocrx_word' id='word_1_232' title='bbox 601 2114 776 2151; x_wconf 89' lang='lat' dir='ltr'>alterari.</span> <span class='ocrx_word' id='word_1_233' title='bbox 801 2113 1034 2151; x_wconf 88' lang='lat' dir='ltr'>Subiectum</span> <span class='ocrx_word' id='word_1_234' title='bbox 1051 2126 1144 2161; x_wconf 86' lang='lat' dir='ltr'>ergo</span> <span class='ocrx_word' id='word_1_235' title='bbox 1167 2112 1257 2150; x_wconf 90' lang='lat' dir='ltr'>talis</span> <span class='ocrx_word' id='word_1_236' title='bbox 1281 2111 1538 2149; x_wconf 89' lang='lat' dir='ltr'>alteracionis</span> 
     </span>
     <span class='ocr_line' id='line_1_33' title="bbox 226 2171 1538 2221; baseline -0.002 -13"><span class='ocrx_word' id='word_1_237' title='bbox 226 2172 328 2209; x_wconf 88' lang='lat' dir='ltr'>foret</span> <span class='ocrx_word' id='word_1_238' title='bbox 356 2172 507 2209; x_wconf 88' lang='lat' dir='ltr'>factum</span> <span class='ocrx_word' id='word_1_239' title='bbox 532 2173 702 2209; x_wconf 89' lang='lat' dir='ltr'>alterum</span> <span class='ocrx_word' id='word_1_240' title='bbox 730 2181 767 2209; x_wconf 87' lang='lat' dir='ltr'>et</span> <span class='ocrx_word' id='word_1_241' title='bbox 790 2171 845 2209; x_wconf 89' lang='lat' dir='ltr'>sic</span> <span class='ocrx_word' id='word_1_242' title='bbox 869 2172 999 2221; x_wconf 87' lang='lat' dir='ltr'>quale.</span> <span class='ocrx_word' id='word_1_243' title='bbox 1034 2172 1149 2209; x_wconf 90' lang='lat' dir='ltr'>Unde</span> <span class='ocrx_word' id='word_1_244' title='bbox 1177 2178 1338 2208; x_wconf 86' lang='lat' dir='ltr'>sanctus</span> <span class='ocrx_word' id='word_1_245' title='bbox 1359 2171 1538 2207; x_wconf 88' lang='lat' dir='ltr'>Thomas</span> 
     </span>
     <span class='ocr_line' id='line_1_34' title="bbox 227 2228 1539 2279; baseline -0.002 -12"><span class='ocrx_word' id='word_1_246' title='bbox 227 2239 264 2267; x_wconf 88' lang='lat' dir='ltr'>et</span> <span class='ocrx_word' id='word_1_247' title='bbox 297 2229 364 2267; x_wconf 91' lang='lat' dir='ltr'>alii</span> <span class='ocrx_word' id='word_1_248' title='bbox 405 2230 473 2279; x_wconf 92' lang='lat' dir='ltr'>qui</span> <span class='ocrx_word' id='word_1_249' title='bbox 504 2230 733 2279; x_wconf 86' lang='lat' dir='ltr'>intelligunt</span> <span class='ocrx_word' id='word_1_250' title='bbox 779 2243 820 2267; x_wconf 88' lang='lat' dir='ltr'>se</span> <span class='ocrx_word' id='word_1_251' title='bbox 858 2230 967 2279; x_wconf 90' lang='lat' dir='ltr'>ipsos</span> <span class='ocrx_word' id='word_1_252' title='bbox 1004 2229 1045 2267; x_wconf 89' lang='lat' dir='ltr'>in</span> <span class='ocrx_word' id='word_1_253' title='bbox 1083 2229 1158 2266; x_wconf 91' lang='lat' dir='ltr'>ista</span> <span class='ocrx_word' id='word_1_254' title='bbox 1197 2228 1367 2266; x_wconf 86' lang='lat' dir='ltr'>materia</span> <span class='ocrx_word' id='word_1_255' title='bbox 1400 2228 1539 2265; x_wconf 89' lang='lat' dir='ltr'>dicunt</span> 
     </span>
     <span class='ocr_line' id='line_1_35' title="bbox 226 2287 1538 2338; baseline -0.003 -12"><span class='ocrx_word' id='word_1_256' title='bbox 226 2290 335 2338; x_wconf 92' lang='lat' dir='ltr'>quod</span> <span class='ocrx_word' id='word_1_257' title='bbox 379 2288 552 2338; x_wconf 90' lang='lat' dir='ltr'>qualiter</span> <span class='ocrx_word' id='word_1_258' title='bbox 596 2297 634 2325; x_wconf 92' lang='lat' dir='ltr'>et</span> <span class='ocrx_word' id='word_1_259' title='bbox 679 2288 757 2326; x_wconf 88' lang='lat' dir='ltr'>alia</span> <span class='ocrx_word' id='word_1_260' title='bbox 803 2288 1017 2338; x_wconf 88' lang='lat' dir='ltr'>sequencia</span> <span class='ocrx_word' id='word_1_261' title='bbox 1068 2287 1343 2325; x_wconf 82' lang='lat' dir='ltr'>accidencium</span> <span class='ocrx_word' id='word_1_262' title='bbox 1393 2298 1538 2334; x_wconf 86' lang='lat' dir='ltr'>genera</span> 
     </span>
     <span class='ocr_line' id='line_1_36' title="bbox 170 2344 1537 2396; baseline -0.001 -15"><span class='ocrx_word' id='word_1_263' title='bbox 170 2347 210 2382; x_wconf 85' lang='lat'>35</span> <span class='ocrx_word' id='word_1_264' title='bbox 224 2347 444 2385; x_wconf 88' lang='lat' dir='ltr'>fundantur</span> <span class='ocrx_word' id='word_1_265' title='bbox 483 2347 524 2383; x_wconf 91' lang='lat' dir='ltr'>in</span> <span class='ocrx_word' id='word_1_266' title='bbox 564 2347 787 2396; x_wconf 89' lang='lat' dir='ltr'>quantitate</span> <span class='ocrx_word' id='word_1_267' title='bbox 832 2360 952 2396; x_wconf 85' lang='lat' dir='ltr'>quarn</span> <span class='ocrx_word' id='word_1_268' title='bbox 992 2345 1218 2384; x_wconf 87' lang='lat' dir='ltr'>concretive</span> <span class='ocrx_word' id='word_1_269' title='bbox 1263 2344 1537 2382; x_wconf 86' lang='lat' dir='ltr'>denominant.</span> 
     </span>
     <span class='ocr_line' id='line_1_37' title="bbox 283 2404 1808 2455; baseline -0.003 -13"><span class='ocrx_word' id='word_1_270' title='bbox 283 2407 339 2442; x_wconf 84' lang='lat' dir='ltr'>Ex</span> <span class='ocrx_word' id='word_1_271' title='bbox 371 2405 514 2454; x_wconf 91' lang='lat' dir='ltr'>quibus</span> <span class='ocrx_word' id='word_1_272' title='bbox 547 2405 750 2454; x_wconf 85' lang='lat' dir='ltr'>colligitur</span> <span class='ocrx_word' id='word_1_273' title='bbox 782 2406 891 2454; x_wconf 90' lang='lat' dir='ltr'>quod</span> <span class='ocrx_word' id='word_1_274' title='bbox 923 2404 1126 2455; x_wconf 87' lang='lat' dir='ltr'>quantitas</span> <span class='ocrx_word' id='word_1_275' title='bbox 1162 2404 1231 2441; x_wconf 91' lang='lat' dir='ltr'>illa</span> <span class='ocrx_word' id='word_1_276' title='bbox 1254 2416 1330 2452; x_wconf 90' lang='lat' dir='ltr'>que</span> <span class='ocrx_word' id='word_1_277' title='bbox 1363 2411 1421 2440; x_wconf 92' lang='lat' dir='ltr'>est</span> <span class='ocrx_word' id='word_1_278' title='bbox 1454 2415 1539 2440; x_wconf 91' lang='lat' dir='ltr'>cor-</span> <span class='ocrx_word' id='word_1_279' title='bbox 1554 2408 1614 2437; x_wconf 88' lang='lat' dir='ltr'>and</span> <span class='ocrx_word' id='word_1_280' title='bbox 1636 2417 1670 2437; x_wconf 83' lang='lat' dir='ltr'>so</span> <span class='ocrx_word' id='word_1_281' title='bbox 1688 2410 1808 2446; x_wconf 81' lang='lat' dir='ltr'>quantit</span> 
     </span>
    </p>
   </div>
   <div class='ocr_carea' id='block_1_3' title="bbox 226 2445 1797 2515">
    <p class='ocr_par' dir='ltr' id='par_1_3' title="bbox 226 2445 1797 2515">
     <span class='ocr_line' id='line_1_38' title="bbox 226 2445 1797 2515; baseline -0.003 -14"><span class='ocrx_word' id='word_1_282' title='bbox 226 2463 402 2513; x_wconf 84' lang='lat' dir='ltr'>poreitas</span> <span class='ocrx_word' id='word_1_283' title='bbox 434 2464 568 2513; x_wconf 86' lang='lat' dir='ltr'>longa,</span> <span class='ocrx_word' id='word_1_284' title='bbox 608 2464 691 2501; x_wconf 86' lang='lat' dir='ltr'>lata</span> <span class='ocrx_word' id='word_1_285' title='bbox 731 2472 768 2501; x_wconf 87' lang='lat' dir='ltr'>et</span> <span class='ocrx_word' id='word_1_286' title='bbox 806 2463 1019 2512; x_wconf 87' lang='lat' dir='ltr'>profunda,</span> <span class='ocrx_word' id='word_1_287' title='bbox 1060 2464 1163 2509; x_wconf 88' lang='lat' dir='ltr'>alba,</span> <span class='ocrx_word' id='word_1_288' title='bbox 1198 2463 1298 2499; x_wconf 89' lang='lat' dir='ltr'>dura</span> <span class='ocrx_word' id='word_1_289' title='bbox 1332 2470 1368 2499; x_wconf 86' lang='lat' dir='ltr'>et</span> <span class='ocrx_word' id='word_1_290' title='bbox 1398 2461 1539 2510; x_wconf 88' lang='lat' dir='ltr'>sapida</span> <span class='ocrx_word' id='word_1_291' title='bbox 1571 2453 1601 2507; x_wconf 70' lang='lat'>¹{</span> <span class='ocrx_word' id='word_1_292' title='bbox 1617 2445 1797 2515; x_wconf 57' lang='grc' dir='ltr'>ῗρξῗῗζῑῐῗὲ</span> 
     </span>
    </p>
   </div>
   <div class='ocr_carea' id='block_1_4' title="bbox 224 2607 1539 2750">
    <p class='ocr_par' dir='ltr' id='par_1_4' title="bbox 224 2607 1539 2750">
     <span class='ocr_line' id='line_1_39' title="bbox 293 2607 1538 2646; baseline -0.002 -8"><span class='ocrx_word' id='word_1_293' title='bbox 293 2618 323 2645; x_wconf 86' lang='lat'>4.</span> <span class='ocrx_word' id='word_1_294' title='bbox 344 2609 388 2638; x_wconf 84' lang='lat' dir='ltr'>A:</span> <span class='ocrx_word' id='word_1_295' title='bbox 417 2608 601 2638; x_wconf 75' lang='lat' dir='ltr'>demoniaue.</span> <span class='ocrx_word' id='word_1_296' title='bbox 743 2618 769 2646; x_wconf 93' lang='lat'>7.</span> <span class='ocrx_word' id='word_1_297' title='bbox 790 2610 835 2638; x_wconf 91' lang='lat' dir='ltr'>A:</span> <span class='ocrx_word' id='word_1_298' title='bbox 862 2617 1062 2646; x_wconf 82' lang='lat' dir='ltr'>quamquam.</span> <span class='ocrx_word' id='word_1_299' title='bbox 1206 2617 1240 2637; x_wconf 92' lang='lat'>11.</span> <span class='ocrx_word' id='word_1_300' title='bbox 1260 2607 1329 2636; x_wconf 88' lang='lat' dir='ltr'>DE:</span> <span class='ocrx_word' id='word_1_301' title='bbox 1356 2607 1538 2643; x_wconf 85' lang='lat' dir='ltr'>imponeret.</span> 
     </span>
     <span class='ocr_line' id='line_1_40' title="bbox 225 2642 1538 2681; baseline -0.002 -9"><span class='ocrx_word' id='word_1_302' title='bbox 225 2642 263 2673; x_wconf 82' lang='lat'>13.</span> <span class='ocrx_word' id='word_1_303' title='bbox 284 2645 353 2672; x_wconf 90' lang='lat' dir='ltr'>DE:</span> <span class='ocrx_word' id='word_1_304' title='bbox 375 2653 447 2681; x_wconf 86' lang='lat' dir='ltr'>ergo</span> <span class='ocrx_word' id='word_1_305' title='bbox 467 2650 589 2680; x_wconf 68' lang='lat' dir='ltr'>contra,</span> <span class='ocrx_word' id='word_1_306' title='bbox 610 2645 651 2673; x_wconf 90' lang='lat' dir='ltr'>ib.</span> <span class='ocrx_word' id='word_1_307' title='bbox 666 2646 696 2673; x_wconf 93' lang='lat' dir='ltr'><strong>A</strong></span> <span class='ocrx_word' id='word_1_308' title='bbox 714 2645 745 2673; x_wconf 87' lang='lat' dir='ltr'>in</span> <span class='ocrx_word' id='word_1_309' title='bbox 767 2654 881 2681; x_wconf 62' lang='lat' dir='ltr'>marg:</span> <span class='ocrx_word' id='word_1_310' title='bbox 904 2651 930 2674; x_wconf 67' lang='lat' dir='ltr'>1a</span> <span class='ocrx_word' id='word_1_311' title='bbox 949 2646 1049 2679; x_wconf 82' lang='lat' dir='ltr'>racio;</span> <span class='ocrx_word' id='word_1_312' title='bbox 1068 2644 1094 2672; x_wconf 88' lang='grc' dir='ltr'><em>Ε</em></span> <span class='ocrx_word' id='word_1_313' title='bbox 1114 2644 1144 2672; x_wconf 86' lang='lat' dir='ltr'>iu</span> <span class='ocrx_word' id='word_1_314' title='bbox 1165 2652 1232 2671; x_wconf 84' lang='lat' dir='ltr'>mar</span> <span class='ocrx_word' id='word_1_315' title='bbox 1256 2653 1278 2671; x_wconf 70' lang='grc' dir='ltr'>,ι</span> <span class='ocrx_word' id='word_1_316' title='bbox 1299 2644 1538 2681; x_wconf 74' lang='lat' dir='ltr'>Argumentum.</span> 
     </span>
     <span class='ocr_line' id='line_1_41' title="bbox 225 2677 1539 2716; baseline -0.002 -8"><span class='ocrx_word' id='word_1_317' title='bbox 225 2688 268 2716; x_wconf 83' lang='lat'>14,</span> <span class='ocrx_word' id='word_1_318' title='bbox 290 2680 326 2708; x_wconf 86' lang='lat'>15.</span> <span class='ocrx_word' id='word_1_319' title='bbox 347 2681 391 2708; x_wconf 88' lang='lat' dir='ltr'>A:</span> <span class='ocrx_word' id='word_1_320' title='bbox 413 2684 442 2707; x_wconf 84' lang='lat' dir='ltr'>et</span> <span class='ocrx_word' id='word_1_321' title='bbox 459 2696 494 2700; x_wconf 85' lang='lat'>—-</span> <span class='ocrx_word' id='word_1_322' title='bbox 535 2680 698 2708; x_wconf 82' lang='lat' dir='ltr'>uantitates</span> <span class='ocrx_word' id='word_1_323' title='bbox 718 2680 812 2708; x_wconf 82' lang='lat' dir='ltr'>deest.</span> <span class='ocrx_word' id='word_1_324' title='bbox 921 2688 964 2708; x_wconf 80' lang='lat'>22.</span> <span class='ocrx_word' id='word_1_325' title='bbox 985 2681 1029 2708; x_wconf 90' lang='lat' dir='ltr'>A:</span> <span class='ocrx_word' id='word_1_326' title='bbox 1051 2679 1198 2714; x_wconf 74' lang='lat' dir='ltr'>Ma01100³;</span> <span class='ocrx_word' id='word_1_327' title='bbox 1257 2678 1297 2706; x_wconf 83' lang='lat' dir='ltr'>E:</span> <span class='ocrx_word' id='word_1_328' title='bbox 1320 2677 1539 2706; x_wconf 75' lang='lat' dir='ltr'>mathematici.</span> 
     </span>
     <span class='ocr_line' id='line_1_42' title="bbox 224 2713 702 2750; baseline 0 -8"><span class='ocrx_word' id='word_1_329' title='bbox 224 2722 268 2750; x_wconf 86' lang='lat'>22,</span> <span class='ocrx_word' id='word_1_330' title='bbox 289 2713 333 2743; x_wconf 87' lang='lat'>23.</span> <span class='ocrx_word' id='word_1_331' title='bbox 353 2716 397 2743; x_wconf 92' lang='lat' dir='ltr'>A:</span> <span class='ocrx_word' id='word_1_332' title='bbox 419 2722 513 2743; x_wconf 86' lang='lat' dir='ltr'>conce</span> <span class='ocrx_word' id='word_1_333' title='bbox 538 2724 588 2744; x_wconf 83' lang='lat' dir='ltr'>ere</span> <span class='ocrx_word' id='word_1_334' title='bbox 607 2715 702 2743; x_wconf 82' lang='lat' dir='ltr'>deest.</span> 
     </span>
    </p>
   </div>
   <div class='ocr_carea' id='block_1_5' title="bbox 226 2796 1539 2924">
    <p class='ocr_par' dir='ltr' id='par_1_5' title="bbox 226 2796 1539 2924">
     <span class='ocr_line' id='line_1_43' title="bbox 275 2796 1539 2841; baseline -0.002 -11"><span class='ocrx_word' id='word_1_335' title='bbox 275 2809 328 2831; x_wconf 86' lang='lat'>22.</span> <span class='ocrx_word' id='word_1_336' title='bbox 367 2798 419 2830; x_wconf 92' lang='lat' dir='ltr'>Ad</span> <span class='ocrx_word' id='word_1_337' title='bbox 453 2808 576 2830; x_wconf 89' lang='lat' dir='ltr'>vocem</span> <span class='ocrx_word' id='word_1_338' title='bbox 608 2798 855 2831; x_wconf 85' lang='lat' dir='ltr'>Machometici</span> <span class='ocrx_word' id='word_1_339' title='bbox 890 2798 933 2831; x_wconf 89' lang='lat' dir='ltr'>cf.</span> <span class='ocrx_word' id='word_1_340' title='bbox 959 2796 1123 2841; x_wconf 86' lang='lat' dir='ltr'>Wyclif&#39;s</span> <span class='ocrx_word' id='word_1_341' title='bbox 1156 2803 1251 2829; x_wconf 82' lang='lat' dir='ltr'>tract.</span> <span class='ocrx_word' id='word_1_342' title='bbox 1284 2797 1455 2829; x_wconf 76' lang='lat' dir='ltr'>maiorem</span> <span class='ocrx_word' id='word_1_343' title='bbox 1488 2796 1539 2827; x_wconf 85' lang='lat' dir='ltr'>De</span> 
     </span>
     <span class='ocr_line' id='line_1_44' title="bbox 226 2843 1539 2924; baseline -0.002 -47"><span class='ocrx_word' id='word_1_344' title='bbox 226 2844 544 2924; x_wconf 42' lang='lat' dir='ltr'>gezigohzrcissiliriffl</span> <span class='ocrx_word' id='word_1_345' title='bbox 572 2844 661 2888; x_wconf 87' lang='lat' dir='ltr'>(MS)</span> <span class='ocrx_word' id='word_1_346' title='bbox 688 2856 763 2888; x_wconf 87' lang='lat' dir='ltr'>cap.</span> <span class='ocrx_word' id='word_1_347' title='bbox 783 2846 831 2877; x_wconf 90' lang='lat' dir='ltr'>V:</span> <span class='ocrx_word' id='word_1_348' title='bbox 861 2846 897 2876; x_wconf 90' lang='lat' dir='ltr'>In</span> <span class='ocrx_word' id='word_1_349' title='bbox 926 2845 993 2877; x_wconf 90' lang='lat' dir='ltr'>hoc</span> <span class='ocrx_word' id='word_1_350' title='bbox 1020 2844 1136 2877; x_wconf 87' lang='lat' dir='ltr'>differt</span> <span class='ocrx_word' id='word_1_351' title='bbox 1160 2850 1251 2876; x_wconf 87' lang='lat' dir='ltr'>secta</span> <span class='ocrx_word' id='word_1_352' title='bbox 1281 2843 1493 2876; x_wconf 80' lang='lat' dir='ltr'>Machometi</span> <span class='ocrx_word' id='word_1_353' title='bbox 1521 2852 1539 2875; x_wconf 79' lang='lat' dir='ltr'>a</span> 
     </span>
    </p>
   </div>
  </div>
 </body>
</html>
