1986 3380
169 299 306 330 SERMO
326 287 419 348 Lm]
639 302 852 336 SECUNDA
881 302 1008 335 PARS.
1692 295 1770 342 389

173 410 227 447 hii
263 407 465 462 (inquam)
500 418 591 446 sunt
625 411 672 446 de
704 421 847 458 genere
892 410 1260 457 dampnandorum‚
1296 420 1342 444 eo
1376 410 1482 456 quod

173 477 333 518 oportet
379 481 445 505 eos
491 480 626 505 carere
658 467 811 504 visione
856 476 892 504 et
925 479 1063 503 amore
1102 466 1202 502 lucis
1236 466 1482 509 abscondite,

174 536 211 564 et
245 528 292 563 de
325 526 395 563 tali
429 538 573 574 genere
604 525 768 562 visionis
802 525 943 562 reflexe
976 525 1131 561 videtur
1168 525 1340 561 Jacobus
1375 524 1483 572 loqui

174 585 213 622 in
246 584 423 633 capitulo
456 583 588 632 primo
624 584 697 620 23:
732 584 775 619 Si
805 584 887 632 quis
924 583 1081 619 auditor
1118 590 1173 619 est
1206 583 1313 618 verbi
1344 590 1378 618 et
1412 595 1483 618 non

140 645 315 692 Sfactor,
331 643 391 678 hic
405 642 696 691 comparabitur
717 642 800 677 viro
823 642 1084 678 consideranti
1105 641 1250 677 vultum
1275 640 1486 676 nativitatis

171 713 238 738 sue
261 701 296 736 in
319 701 486 749 speculo.
526 701 628 735 Nam
663 700 793 748 quoad
831 712 931 747 opus
966 698 1134 736 reflectit
1167 711 1349 736 amorem
1383 707 1485 735 tam-

172 771 292 807 quam
326 759 374 794 ad
400 758 598 806 pollutum
622 758 829 805 speculum
853 757 1139 805 temporalium
1165 766 1200 793 et
1223 770 1304 794 non
1338 756 1486 793 directe

172 825 355 866 penetrat
389 817 523 864 quoad
556 817 699 860 Deum,
733 815 834 851 sicut
869 816 1076 852 eumfacit
1098 815 1231 852 vivens
1265 816 1485 852 secundum

172 876 299 923 legem
334 874 508 922 perfecte
545 873 754 917 libertatis,
791 886 881 909 cum
917 875 1021 909 Deus
1058 874 1107 909 sit
1149 882 1306 910 amator
1340 873 1485 921 operis.

120 944 159 967 ιο
175 933 286 970 Sicut
319 932 423 969 enim
458 933 564 968 Deus
610 933 827 968 secundum
876 932 1001 979 legem
1036 944 1148 967 suam
1184 931 1345 968 ordinat
1379 931 1485 979 quod

174 990 309 1028 radius
343 989 493 1027 amoris
538 989 761 1026 intellectus
811 989 974 1026 humani
1020 998 1146 1025 totam
1187 989 1486 1026 universitatem

174 1057 352 1087 creatam
404 1056 585 1096 penetret
637 1057 673 1084 et
723 1060 803 1084 non
851 1047 964 1084 sistat
1006 1056 1223 1096 antequam
1270 1060 1358 1084 cum
1401 1048 1488 1083 luce

174 1106 440 1144 inaccessibili
474 1106 523 1142 sit
558 1106 807 1152 coniunctus,
845 1105 900 1142 sic
933 1105 1094 1142 ordinat
1128 1107 1236 1154 quod
1261 1105 1489 1142 deficientes

174 1167 223 1203 ab
256 1165 330 1201 ista
363 1165 448 1212 lege
482 1164 655 1200 finaliter
687 1173 882 1212 perpetuo
915 1164 993 1200 sint
1027 1164 1248 1212 dampnati.
1287 1166 1489 1200 Docemur

120 1223 309 1272 15itaque
341 1235 412 1272 per
456 1223 583 1271 legem
630 1222 855 1258 reflexionis
901 1221 1071 1270 duplicis
1118 1222 1323 1258 radiorum
1374 1221 1488 1258 inniti

175 1284 258 1318 Deo
291 1281 357 1330 qui
393 1289 449 1317 est
482 1280 828 1329 perpendicularis
876 1280 1024 1325 radius,
1075 1282 1168 1316 dum
1203 1280 1489 1328 impugnamur

174 1353 245 1389 per
277 1339 551 1376 resistenciam
576 1338 881 1375 adversancium
906 1347 1180 1386 peccatorum,
1206 1339 1299 1387 quia
1321 1338 1488 1374 Jeremie

176 1400 315 1444 XVIIO,
353 1398 394 1434 5:
429 1397 662 1434 Maledictus
706 1398 770 1446 qui
812 1397 967 1447 confidit
1012 1397 1046 1432 in
1081 1398 1252 1441 homine:
1296 1406 1333 1432 et
1366 1409 1387 1433 a
1411 1396 1489 1447 *tali

177 1458 265 1505 plus
299 1455 506 1492 resistente
540 1457 733 1491 debemus
766 1456 854 1503 plus
888 1455 1067 1502 elongari
1102 1455 1231 1491 minus
1266 1454 1490 1491 communi-

118 1526 160 1548 20
179 1516 307 1552 cando
341 1514 380 1550 in
413 1513 527 1550 bonis
562 1513 872 1561 temporalibus3
908 1522 1071 1550 econtra
1096 1523 1229 1549 autem
1256 1514 1303 1549 de
1328 1512 1490 1549 homine

179 1573 310 1609 minus
343 1584 472 1620 opaco
518 1571 711 1619 peccatis:
758 1571 832 1607 sibi
881 1571 987 1607 enim
1023 1573 1213 1608 debemus
1261 1572 1348 1619 plus
1383 1584 1490 1607 com-

178 1630 423 1667 municando
469 1631 573 1666 bona
620 1630 855 1673 diffundere,
905 1630 997 1678 quia
1043 1642 1065 1666 a
1110 1631 1193 1666 Deo
1239 1630 1326 1666 luce
1360 1628 1491 1677 prima

177 1691 370 1726 docemur
392 1700 723 1736 unumquemque
739 1689 958 1724 secundum
976 1687 1059 1724 eius
1075 1687 1296 1724 bonitatem
1314 1687 1490 1735 diligere.

177 1747 226 1784 Et
259 1746 430 1784 breviter
462 1747 511 1783 ab
545 1745 630 1782 istis
662 1746 773 1782 libris
818 1746 1070 1783 naturalibus
1115 1759 1329 1794 possumus
1363 1754 1488 1782 artem

119 1806 159 1839 25
178 1805 341 1843 amandi
375 1804 582 1841 addiscere
625 1804 709 1841 sine
755 1804 866 1841 cuius
914 1803 1092 1853 practice
1135 1804 1286 1841 noticia
1319 1816 1401 1840 non
1434 1811 1490 1840 est

177 1863 368 1913 possibile
412 1863 589 1911 aliquem
634 1863 787 1900 salvum
834 1875 930 1900 esse.
979 1862 1019 1899 Si
1059 1862 1163 1898 enim
1211 1874 1349 1899 amore
1383 1871 1492 1898 recto

178 1921 352 1959 finaliter
384 1921 423 1957 in
456 1923 583 1958 Deum
617 1921 790 1958 tenderit
823 1921 895 1958 erit
928 1922 1070 1964 salvus,
1110 1920 1141 1957 si
1181 1929 1312 1957 autem
1355 1932 1493 1957 amore

179 1980 345 2029 obliquo
378 1980 572 2016 refractus
596 1979 715 2016 fuerit
738 1979 911 2016 finaliter
944 1992 965 2016 a
999 1988 1184 2016 creatura
1217 1987 1377 2027 oportet
1402 1991 1491 2015 eum

179 2040 228 2076 ab
262 2037 339 2074 illis
373 2037 529 2086 angulis
562 2037 602 2073 in
634 2037 870 2086 purgatorio
895 2037 1119 2086 expurgari.
1155 2038 1248 2074 Ideo
1282 2050 1371 2073 cum
1401 2037 1492 2073 sim-

120 2097 272 2147 30plex
309 2096 359 2133 sit
397 2096 548 2133 dictum
594 2095 877 2144 ethimologice
915 2096 995 2132 sine
1033 2096 1152 2145 plica,
1189 2095 1321 2131 omnis
1360 2104 1493 2132 autem

180 2155 349 2203 angulus
382 2153 530 2203 plicam
564 2153 759 2202 implicat,
794 2153 1054 2190 subtilissime
1078 2154 1337 2190 commendat
1361 2152 1493 2201 prima

179 2214 244 2250 lux
297 2214 459 2250 oculum
512 2211 738 2261 simplicem
789 2211 967 2249 viatoris.
1022 2213 1099 2248 Sed
1152 2211 1219 2259 qui
1273 2212 1492 2248 secundum

177 2270 370 2309 visionem
418 2269 584 2307 terciam
630 2270 841 2307 reflectunt
886 2269 1020 2306 radios
1065 2269 1214 2306 amoris
1255 2270 1305 2305 ad
1345 2277 1492 2314 creata,

180 2342 271 2367 cum
305 2330 478 2366 habeant
510 2328 705 2366 visionem
730 2327 1032 2376 dampnabilem
1058 2327 1098 2364 in
1120 2328 1297 2376 speculo,
1332 2326 1495 2363 indubie

123 2390 163 2423 35
180 2396 271 2425 sunt
305 2386 527 2436 dampnati.
575 2388 675 2423 Sunt
720 2386 825 2423 enim
873 2395 1013 2422 contra
1046 2386 1203 2433 regulas
1243 2384 1422 2422 caritatis
1454 2397 1494 2421 se

179 2446 288 2495 ipsos
322 2454 517 2491 amantem,
552 2454 594 2481 ut
628 2444 724 2482 dicit
757 2445 988 2493 Apostolus.

239 2505 393 2550 Quarta
438 2503 665 2552 proprietas
711 2502 811 2539 lucis
857 2511 913 2539 est
947 2503 1054 2551 quod
1095 2502 1286 2539 instinctu
1319 2501 1493 2538 naturali
1527 2506 1662 2540 Lightis
1685 2510 1766 2533 most

181 2571 238 2599 est
270 2561 425 2599 homini
470 2561 575 2599 inter
622 2561 837 2611 qualitates
881 2560 1121 2609 gratissima.
1157 2561 1275 2607 Quod
1310 2568 1419 2608 patet
1453 2571 1495 2595 ex
1555 2542 1693 2603 pkssssfflt
1714 2545 1744 2567 1⁰

249 2730 275 2759 3.
296 2730 365 2759 DE:
387 2731 496 2758 reflexe
517 2730 618 2764 deest;
644 2730 684 2758 ib.
706 2730 731 2758 E
751 2730 780 2757 in
803 2737 917 2764 marg:
940 2729 1054 2757 Radius
1076 2729 1193 2756 amoris
1213 2728 1326 2756 reflexi.
1400 2737 1428 2763 7.
1449 2729 1494 2756 A:

181 2766 322 2802 politum.
385 2764 411 2792 8.
433 2766 477 2793 A:
500 2770 669 2801 penetrant.
733 2773 772 2792 10.
796 2764 835 2792 E:
856 2764 1023 2791 ordinavit,
1091 2772 1123 2791 ιι.
1145 2764 1189 2792 A:
1212 2763 1349 2796 radium:
1371 2763 1411 2790 ib.
1427 2763 1451 2790 E
1466 2764 1495 2791 iu

181 2809 296 2836 marga
318 2800 488 2828 ordinacio
508 2799 564 2828 Dei
584 2800 621 2827 de
641 2808 747 2827 amore
768 2801 913 2826 humano.
996 2807 1036 2832 14.
1058 2800 1102 2826 A:
1125 2799 1155 2826 in
1175 2799 1233 2826 itia
1254 2799 1333 2832 les-ze3
1364 2798 1404 2825 ib.
1426 2798 1495 2825 DE:

180 2836 253 2863 facit
272 2835 412 2863 finaliter.
530 2843 573 2868 io,
593 2842 640 2862 20.
660 2835 706 2862 A:
728 2834 757 2861 in
781 2834 808 2861 iu
831 2833 1102 2860 communicando.
1223 2841 1262 2860 ει.
1284 2834 1328 2860 A:
1350 2833 1381 2862 Si
1403 2833 1495 2860 enim,

181 2877 224 2905 27.
240 2870 310 2898 DE:
334 2875 378 2897 est
393 2870 512 2902 salvum
535 2868 574 2897 ib.
592 2869 659 2897 Ein
675 2877 789 2904 marg:
812 2868 892 2895 Nota
913 2869 949 2895 de
971 2868 1160 2903 purgatorio.
1235 2875 1280 2902 et).
1303 2868 1347 2894 A:
1370 2868 1495 2903 angelis.

181 2904 227 2933 30.
249 2906 293 2932 A:
315 2905 417 2932 omnis
439 2912 510 2932 non.
625 2903 666 2932 35.
688 2906 733 2932 A:
755 2903 958 2938 dampnandi.
1066 2902 1112 2930 38.
1134 2902 1157 2930 E
1177 2902 1207 2929 iu
1230 2910 1343 2938 marg:
1365 2902 1431 2929 Lux
1452 2907 1498 2930 est

182 2940 303 2968 homini
323 2939 517 2975 gratissima;
539 2939 564 2966 D
585 2939 615 2966 in
637 2947 753 2975 marga
776 2938 879 2974 Quare
901 2939 1026 2965 iuvenes
1046 2938 1182 2973 iocundi,
1205 2945 1292 2964 senes
1313 2937 1426 2964 tristes.
